6535 5080
2547 439 3027 694 Jacob R.
322 526 2130 753 ESTERHELD Q. C.VERLAG
4087 501 4358 629 14.10.
5756 491 6114 640 14.11.
4650 580 5228 767 Maçonr
4119 653 4379 778 1908
5826 596 6144 859 1908
2531 667 3439 908 Hberkerr Schnitzler
1100 729 2092 919 BERLIN W. 15.25.9.08
661 713 892 919 OHNE
141 753 453 927 DIE SC.
1114 867 1661 935 Lietzenburgerstr. 6
3477 740 4453 967 nach dem Carvo-Gastopiel
1106 905 1748 1000 Fernsprecher: Amt VI, 4875
211 878 846 1062 Siegfried Jacobsohn
4599 829 6425 1111 Über den Schmitfer, der Überbringen,
2480 908 4404 1133 rechte ich endl. daran gelen, über den. A, in Freie
1144 962 2019 1084 Redahtionelle Sendungen sind zu richten an:
1122 1073 2038 1225 Siegfried Jacobsohn, Berlin, Jerusalemersstr. 65.
2474 1084 4396 1249 zu dreiben. Äl Gatte zuversichtlich gedaubt, das
4531 1070 6466 1304 dige Briefs, Ehe Erid Reide, ist wie erben
2453 1168 4431 1374 man belegt von die veröffentlich einer Romankitz
4556 1176 6420 1458 Januar an der Verleger der Glaubichne.
2463 1298 4360 1485 in der "Zukunft" nicht inzuwenden (aben auede)
4553 1298 6444 1575 (Gott or bank!) td annum iam s (abe
2461 1420 4439 1626 Tilin darum garnet gepast. Jetzt gab z einen kleinen
4547 1442 6431 1729 rells verstandlich, ein betrachtliches Antors
2455 1528 4423 1751 Konflikt, Sid hielt e doch auf alle Folle zur begre¬
4561 1561 6425 1859 daran, up een teilg sit mexalst sond
2463 1672 4387 1873 ihm von meiner Absicht zu spreelen. Die Folge war
103 1623 2252 1846 Herkern Schützen, vielen Dante für Wien guten Brief!
4561 1686 6396 2000 ce nopert. wenn sie ihm dabei durch
2466 1805 4379 1973 dass er mir rundae die Erlaubnis vorwijerte, an
117 1846 2238 2014 (one mihl meldt gan), oge die da Blatt Aen so aufmerkam
4547 1867 6404 2130 Überlgon, ene Busly, og moet unbedr
122 1927 2241 2084 isen, das ich als darüber man mehr bezungen made als mir
2466 1919 4436 2122 izend mes andern Stelle af in des “flaubirhne” izend
117 2027 2252 2176 selbe. Bumsid Namen darstel nicht corraten, all diewil S
4564 1984 6447 2309 auf Fider angaigen ist, behulfled
2469 2030 4396 2233 etig durch zu lassen — ag, er bider auf Grund
108 2119 2287 2328 Hn Schauspielen ist, der nachten auch wen zynen Doctor analten
2474 2141 4434 2344 sus selbst mordende Canagraplen mens tertia
4574 2160 6396 2420 den konnten, aanmair innen außer
103 2263 293 2450 will.
271 2257 2255 2428 Sie sind wol froh, das Salten wieder da ist. Wir fehlen
2474 2298 4363 2515 tun darf. Hl selber bedaure die sach naturl.
117 2377 2252 2553 nä schr. Woffentl. ist Bahr ein Ersatz. Die Kinder peil.
4596 2390 5073 2604 Sankbar
2469 2409 4398 2615 am maston. Aie sehr ich das Buol, liebe, wozu sie
133 2463 2279 2631 and unersetsel. Clauptsächlich ihretueren werden Sie mich vol
5135 2393 6480 2881 Lebenswissenfrisie o’Milan
122 2631 2184 2748 bald einmal in Wien Caben. Grussen Sie bitte die Sibre
2461 2574 4374 2775 daray entnolmen, ogs itt nverlaupt o starke Be-
2455 2677 4379 2905 durch sind consputé Cate, mich offentl. darüber zu
146 2688 2219 2851 Eltern eren sie edeß mit den men befeht schrift
4631 2591 5233 2927 Ulitar
1743 2802 2249 2970 Witwen
2472 2824 4425 3027 adpern – ag mir bei einer mit de am atreden til
2490 2962 3770 3179 by seit selven inet begnet it
5336 2930 6423 3249 Wm Ajandrol
2542 3051 4268 3385 Mr Tae & a ben & mssen fur sie I die lvend
1314 2976 2068 3279 xx
3358 3282 4171 3572 Wm of and rol
5331 4154 5845 4350 Erich Reiss
