3960 5143
2062 224 2874 328 Vortag: S.W.13. Hollmannstraße 10.
1012 224 1534 397 Die Schaubühne“.
1990 298 2930 440 Redaktion: Sw. 19, Jerufalemerstraße 65.
1100 360 1425 495 Wochenschrift
1918 413 3010 626 Berlin, den 12. Septembr. 1905
994 418 1524 613 Biegfried Jacobsohn.
1148 599 1444 714 Fernsprecher:
1066 685 1574 791 Verkag: Amt 4, 3855.
1012 754 1617 860 Redaktion: Amt 4. 2177.
1489 842 2395 1071 Werker Smtler
1404 972 3015 1193 at danke Amen jus. Mpeund Con
919 1129 2997 1356 Gerkneinsche u hoffe, dass sie in Erfüllig geben
903 1289 3002 1428 werden. Kann es aus zwei Grunden Aeffen: das M
903 1372 3021 1548 tersse de Publikums" enorm, & die folenden
906 1473 3039 1660 Nummerin undsen, ugen der infuziearen cozuschillen
914 1620 3055 1766 Betrage, gut Simmer bester ausfallen. Uez den oder
922 1721 3042 1883 die thren anlauf, fass il mil nun endgulte, wenn
922 1830 2195 1995 and silverfatt, in Geduld.
1532 1918 3002 2051 von Mitarbesternamen undst id
924 2011 3031 2182 synthel nur salten, über den sie geladelt haben
916 2107 3013 2251 konnten. Er had soll ungemein freundlill I aulf
906 2246 3018 2421 reich von mil benommen die gewisser Besichung
943 2325 2877 2523 feurize Kohlen auf min laupt pammelt.
1398 2424 3055 2592 Sicher Herr Kantzer, wenn Sie an dem
943 2541 3029 2688 Blatt, jetzt oder später, etwas finden, ausserlich und
916 2629 2986 2824 innerlich, ug thuen cerbessen, bedurfti) ersdent
946 2752 3015 2983 dann bitt id etc, s mis redt inesdminkt zu
908 2927 1204 3087 zyn.
1699 2909 2794 3194 perr for 12 Smlans
991 3029 1657 3452 Mithilen
1660 3098 3029 3388 Durdankbare zobene
1425 3287 2230 3513 Fremd aubre
2139 3548 2962 3676 Verkag: SW. 13, Hollmannstraße 10.
1026 3585 1606 3732 „Die Schaubühne“
2062 3644 3007 3767 Redaktion: Sw. 19, Jerusalemerstraße 65.
1172 3684 1518 3791 Wochenschrift
2006 3732 2632 3940 Berlin, den 14. 10
2778 3716 3082 3897 1905
1071 3804 1601 3945 Siegfried Jacobsohn.
1177 3796 3079 4044 Sernsstücher: Wer verwährend der, ich denke heute so in¬
1103 3985 3077 4102 Verlag: Amt 4. 3855. Annoch an Sie, dan ich Ihnen doch oder einen
1047 4028 3079 4209 Redaktion: Amt 4. 2177. (danken muss dafur, dero sie mich durch
2469 4100 3047 4230 dessen Caben, dem
980 4142 2469 4283 In Telecaminis so enegied, auf een Wandl storten
2688 4169 3053 4289 wate kam na
980 4238 1745 4366 Woonst aalroder etc. de
1422 4326 1681 4419 T Artikel
