4631 5128
2691 468 3390 649 '̃̃ ̃: 1: 1 4:
1226 832 3198 1010 OESTERHELD Q. C. VerLAG
2170 1077 3148 1231 BERLin W. 15. 3. Februar
1226 1143 1970 1263 DIE SCHAUBÜHNE
2156 1212 2441 1284 Lietzenburg
1412 1231 1784 1297 Herausgeber
2600 1247 2792 1345 VI, 4875
2170 1266 2441 1345 Fernspreche
1297 1284 1906 1385 Siegfried Jacobsohn
1313 1555 2225 2005 Werkenkneßer
1957 1967 3326 2159 velen Dank für Uren Brief, den
1196 2143 3302 2337 id nun also zu meiner Freude schon mundlich beant
1191 2241 3273 2414 worten kann. Den Sountag muss il ganz aufolof
1204 2385 3300 2536 mannethal Kritin, wonenden – Monta bin irl um
1191 2489 3276 2677 so leichter d freier. Telephonidel bin als durch folgen
2547 2576 3036 2765 am Monta
1202 2637 2305 2781 de Nummern zu erreiden:
2728 2715 3026 2906 Sonntag
1465 2744 2422 2930 IV 3855 8 - 11 h
2704 2824 3252 3119 des bs abends
1478 2901 2558 3111 VI 4875 11½-1½ b
2731 2965 3060 3156 IV 2488
1481 3103 2345 3268 IV 2488 ab 2
1343 3225 3302 3435 Ab 2h bin ich zu feil in der herzalemersch 65
1204 3329 3334 3592 zu treffen, falls sic sur le in dee Eend fuhrt. ton diger
1178 3446 3318 3680 Stunde an bis Sonnabes Abend konnen sie zu allen Ta¬
1180 3595 2707 3807 Hs. Nachtigsten über mich verfügen
2510 3677 3140 3890 Geschickte
