<?xml version="1.0" encoding="UTF-8" standalone="yes"?>
<PcGts xmlns="http://schema.primaresearch.org/PAGE/gts/pagecontent/2013-07-15" xmlns:xsi="http://www.w3.org/2001/XMLSchema-instance" xsi:schemaLocation="http://schema.primaresearch.org/PAGE/gts/pagecontent/2013-07-15 http://schema.primaresearch.org/PAGE/gts/pagecontent/2013-07-15/pagecontent.xsd">
    <Metadata>
        <Creator>prov=READ-COOP:name=TrHtr:version=2.1.0:model_id=51170:date=25_07_2023_07:18</Creator>
        <Created>2023-05-01T21:57:48.283+02:00</Created>
        <LastChange>2023-07-25T07:18:58.482+02:00</LastChange>
        <TranskribusMetadata docId="1416438" pageId="54946613" pageNr="68" tsid="130587372" status="IN_PROGRESS" userId="64420" imgUrl="https://files.transkribus.eu/Get?id=UEJFFGLXEKIELGOJMDCEXQYK&amp;fileType=view" xmlUrl="https://files.transkribus.eu/Get?id=UTVTSRXIYTFDEBVQXSLDOJER" imageId="44450698"/>
    </Metadata>
    <Page imageFilename="1416438_0068.jpg" imageWidth="6864" imageHeight="3721">
        <ReadingOrder>
            <OrderedGroup id="ro_1711831437533" caption="Regions reading order">
                <RegionRefIndexed index="0" regionRef="tr_2"/>
                <RegionRefIndexed index="1" regionRef="tr_1"/>
            </OrderedGroup>
        </ReadingOrder>
        <TextRegion id="tr_2" custom="readingOrder {index:0;}">
            <Coords points="125,486 2397,486 2397,2448 125,2448"/>
            <TextLine id="tr_2_tl_1" custom="readingOrder {index:0;}">
                <Coords points="114,593 563,603 656,652 1010,529 1372,610 1813,563 1810,432 1764,421 1190,468 976,388 790,392 699,447 392,424 112,476"/>
                <Baseline points="125,548 214,548 304,548 393,548 483,542 572,548 661,548 751,554 840,548 930,548 1019,542 1109,542 1198,536 1288,542 1377,542 1466,542 1556,554 1645,560 1735,566 1818,584"/>
                <TextEquiv>
                    <Unicode>1 1 1 1/2 1/4 1 4 1/10 4 1 7/4 4, 4 1, 4, 5 1, 5, 4</Unicode>
                </TextEquiv>
            </TextLine>
            <TextLine id="tr_2_tl_2" custom="readingOrder {index:1;}">
                <Coords points="1974,561 2003,559 2041,567 2075,555 2094,574 2132,584 2145,474 2124,472 2094,487 2075,483 2035,500 2018,479 2012,483 1997,466 1986,464"/>
                <Baseline points="1985,578 2051,572 2140,560"/>
                <TextEquiv>
                    <Unicode>„</Unicode>
                </TextEquiv>
            </TextLine>
            <TextLine id="tr_2_tl_3" custom="readingOrder {index:2;}">
                <Coords points="1660,1040 1813,1082 1952,1052 1986,1076 2033,1065 2109,1122 2251,1010 2323,1006 2333,885 1671,913"/>
                <Baseline points="1669,1043 1705,1037 1794,1037 1884,1037 1973,1019 2063,1013 2152,1001 2242,995 2331,995"/>
                <TextEquiv>
                    <Unicode>Wien 17 Juny Mai</Unicode>
                </TextEquiv>
            </TextLine>
            <TextLine id="tr_2_tl_4" custom="readingOrder {index:3;}">
                <Coords points="2067,1184 2132,1171 2149,1190 2160,1186 2187,1201 2245,1160 2289,1160 2302,999 2272,1010 2264,1002 2158,1093 2103,1124 2071,1120"/>
                <Baseline points="2081,1156 2116,1156 2206,1144 2295,1144"/>
                <TextEquiv>
                    <Unicode>Mf</Unicode>
                </TextEquiv>
            </TextLine>
            <TextLine id="tr_2_tl_5" custom="readingOrder {index:4;}">
                <Coords points="1016,1258 1258,1222 1328,1188 1476,1203 1537,1173 1637,1211 1692,1190 1772,1213 1781,1107 1641,1055 1529,1093 1353,1063 1196,1129 1129,1118 1025,1150"/>
                <Baseline points="1031,1228 1067,1216 1156,1210 1246,1198 1335,1186 1425,1180 1514,1174 1604,1168 1693,1162 1782,1156"/>
                <TextEquiv>
                    <Unicode>Mein lieber Arthur</Unicode>
                </TextEquiv>
            </TextLine>
            <TextLine id="tr_2_tl_6" custom="readingOrder {index:5;}">
                <Coords points="953,1400 1332,1412 1705,1306 2378,1309 2397,1211 1666,1213 1349,1294 963,1249"/>
                <Baseline points="966,1371 1055,1359 1144,1353 1234,1347 1323,1335 1413,1329 1502,1323 1592,1311 1681,1299 1771,1299 1860,1294 1949,1288 2039,1282 2128,1276 2218,1270 2307,1264 2397,1276"/>
                <TextEquiv>
                    <Unicode>ich die mir großer Freude von verschiedenen,</Unicode>
                </TextEquiv>
            </TextLine>
            <TextLine id="tr_2_tl_7" custom="readingOrder {index:6;}">
                <Coords points="972,1522 1423,1480 1459,1508 1599,1463 1935,1491 2124,1429 2264,1440 2270,1351 1863,1347 1652,1419 980,1404"/>
                <Baseline points="983,1514 1019,1508 1109,1490 1198,1484 1288,1484 1377,1478 1466,1478 1556,1466 1645,1455 1735,1449 1824,1443 1914,1437 2003,1431 2093,1425 2182,1407 2271,1401"/>
                <TextEquiv>
                    <Unicode>daß es Ihnen sehr gut zu geht uns</Unicode>
                </TextEquiv>
            </TextLine>
            <TextLine id="tr_2_tl_8" custom="readingOrder {index:7;}">
                <Coords points="970,1711 1118,1709 1175,1662 1601,1679 1974,1597 2219,1647 2230,1514 1630,1550 1531,1516 1317,1582 978,1601"/>
                <Baseline points="983,1681 1067,1669 1156,1657 1246,1651 1335,1645 1425,1639 1514,1633 1604,1621 1693,1616 1782,1610 1872,1604 1961,1592 2051,1586 2140,1574 2230,1574"/>
                <TextEquiv>
                    <Unicode>Koffe, dieser Brief trifft Sie noch</Unicode>
                </TextEquiv>
            </TextLine>
            <TextLine id="tr_2_tl_9" custom="readingOrder {index:8;}">
                <Coords points="957,1872 1080,1902 1266,1827 1398,1810 1444,1844 1578,1802 1711,1844 1863,1764 2003,1794 2124,1753 2206,1787 2217,1686 1821,1664 1675,1709 1332,1700 1237,1764 963,1796"/>
                <Baseline points="971,1842 1055,1836 1144,1824 1234,1824 1323,1812 1413,1800 1502,1794 1592,1788 1681,1782 1771,1782 1860,1765 1949,1753 2039,1747 2128,1741 2218,1735"/>
                <TextEquiv>
                    <Unicode>vor der Abreise nach London</Unicode>
                </TextEquiv>
            </TextLine>
            <TextLine id="tr_2_tl_10" custom="readingOrder {index:9;}">
                <Coords points="963,2012 1292,2018 1531,1965 1711,1993 1980,1912 2333,1938 2342,1817 2018,1810 1542,1914 970,1899"/>
                <Baseline points="977,1961 1001,1961 1091,1967 1180,1961 1270,1961 1359,1955 1449,1955 1538,1943 1627,1943 1717,1932 1806,1920 1896,1914 1985,1908 2075,1902 2164,1896 2254,1890 2343,1884"/>
                <TextEquiv>
                    <Unicode>Mir gienge es auch recht zur (besser</Unicode>
                </TextEquiv>
            </TextLine>
            <TextLine id="tr_2_tl_11" custom="readingOrder {index:10;}">
                <Coords points="987,2137 1154,2111 1345,2151 1728,2109 1810,2143 2033,2073 2211,2084 2215,2003 2043,1984 1641,2058 993,2060"/>
                <Baseline points="1001,2116 1055,2110 1144,2110 1234,2110 1323,2110 1413,2104 1502,2099 1592,2093 1681,2087 1771,2081 1860,2075 1949,2063 2039,2057 2128,2051 2218,2045"/>
                <TextEquiv>
                    <Unicode>als lange) wenn nicht dieses</Unicode>
                </TextEquiv>
            </TextLine>
            <TextLine id="tr_2_tl_12" custom="readingOrder {index:11;}">
                <Coords points="1006,2306 1086,2353 1264,2357 1410,2266 2223,2253 2228,2177 2048,2141 1855,2228 1690,2228 1563,2170 1393,2173 1010,2247"/>
                <Baseline points="1019,2295 1067,2289 1156,2283 1246,2277 1335,2271 1425,2265 1514,2260 1604,2254 1693,2254 1782,2248 1872,2248 1961,2242 2051,2230 2140,2224 2230,2224"/>
                <TextEquiv>
                    <Unicode>unglaubliche Wetter war. Man</Unicode>
                </TextEquiv>
            </TextLine>
            <TextLine id="tr_2_tl_13" custom="readingOrder {index:12;}">
                <Coords points="993,2450 1306,2518 2058,2556 2283,2533 2293,2331 2219,2359 2126,2310 1967,2374 1908,2336 1637,2386 1556,2346 997,2384"/>
                <Baseline points="1007,2438 1043,2432 1132,2438 1222,2432 1311,2426 1401,2421 1490,2421 1580,2415 1669,2409 1759,2397 1848,2397 1938,2397 2027,2391 2116,2391 2206,2385 2295,2385"/>
                <TextEquiv>
                    <Unicode>muß des Mutter erwähnen, es ist</Unicode>
                </TextEquiv>
            </TextLine>
        </TextRegion>
        <TextRegion id="tr_1" custom="readingOrder {index:1;}">
            <Coords points="3554,480 6559,480 6559,2532 3554,2532"/>
            <TextLine id="tr_1_tl_1" custom="readingOrder {index:0;}">
                <Coords points="4387,546 4428,534 4468,557 4483,540 4570,587 4593,574 4692,610 4745,578 4802,578 4798,472 4654,479 4538,379 4472,360 4409,388 4381,383"/>
                <Baseline points="4400,530 4490,536 4579,548 4669,548 4758,542 4806,548"/>
                <TextEquiv>
                    <Unicode>toutes que je suis ai fait que le</Unicode>
                </TextEquiv>
            </TextLine>
            <TextLine id="tr_1_tl_2" custom="readingOrder {index:1;}">
                <Coords points="5218,584 5482,563 5582,601 6069,540 6206,593 6403,536 6522,589 6556,493 6424,447 6264,479 6158,443 5541,495 5220,440"/>
                <Baseline points="5229,554 5319,554 5408,554 5498,560 5587,560 5676,554 5766,548 5855,554 5945,554 6034,554 6124,548 6213,554 6303,554 6392,554 6481,554 6559,554"/>
                <TextEquiv>
                    <Unicode>1 1 1/2 1/4 ct 7:7. 4: 7: 5: 4: 5, 4: 4; 4: 9: 4, 4, 5, 3: 4 f. 4, 3, 4; 5, 5; 4, 6, 5/4, 4.</Unicode>
                </TextEquiv>
            </TextLine>
            <TextLine id="tr_1_tl_3" custom="readingOrder {index:2;}">
                <Coords points="5069,1074 5480,1082 5558,1120 5772,1069 6137,1091 6314,1027 6397,1042 6403,875 5893,915 5431,883 5328,930 5076,891"/>
                <Baseline points="5080,1067 5152,1067 5241,1067 5331,1061 5420,1061 5509,1061 5599,1055 5688,1055 5778,1049 5867,1043 5957,1037 6046,1037 6136,1037 6225,1031 6314,1025 6404,1025"/>
                <TextEquiv>
                    <Unicode>und alte Texte gelesen. Ich freue</Unicode>
                </TextEquiv>
            </TextLine>
            <TextLine id="tr_1_tl_4" custom="readingOrder {index:3;}">
                <Coords points="3540,1122 3699,1101 3828,1169 4008,1086 4802,1055 4788,999 4315,997 4188,936 4038,944 3936,902 3756,949 3551,855"/>
                <Baseline points="3554,1091 3643,1085 3732,1073 3822,1073 3911,1073 4001,1061 4090,1061 4180,1061 4269,1055 4359,1049 4448,1049 4537,1049 4627,1043 4716,1043 4806,1049"/>
                <TextEquiv>
                    <Unicode>zu wichtig. Seit den ersten myne</Unicode>
                </TextEquiv>
            </TextLine>
            <TextLine id="tr_1_tl_5" custom="readingOrder {index:4;}">
                <Coords points="5078,1235 5160,1275 5315,1203 5423,1237 5499,1192 5730,1243 6050,1203 6276,1228 6384,1173 6465,1209 6471,1101 5948,1078 5531,1137 5340,1088 5080,1179"/>
                <Baseline points="5092,1198 5134,1198 5223,1198 5313,1198 5402,1198 5492,1192 5581,1192 5670,1192 5760,1186 5849,1174 5939,1168 6028,1162 6118,1156 6207,1156 6297,1150 6386,1144 6475,1144"/>
                <TextEquiv>
                    <Unicode>mich mehr als ich sagen kann, denn ich</Unicode>
                </TextEquiv>
            </TextLine>
            <TextLine id="tr_1_tl_6" custom="readingOrder {index:5;}">
                <Coords points="3572,1224 3750,1241 3881,1192 4241,1245 4360,1196 4877,1239 4879,1127 4830,1112 4138,1099 4023,1167 3761,1154 3678,1103 3574,1122"/>
                <Baseline points="3583,1210 3631,1204 3721,1204 3810,1198 3899,1192 3989,1192 4078,1192 4168,1180 4257,1180 4347,1180 4436,1174 4526,1174 4615,1168 4704,1174 4794,1174 4883,1174"/>
                <TextEquiv>
                    <Unicode>Nun ist ein finsterer Himmel im</Unicode>
                </TextEquiv>
            </TextLine>
            <TextLine id="tr_1_tl_7" custom="readingOrder {index:6;}">
                <Coords points="3587,1349 3750,1389 4176,1334 4373,1391 4690,1353 4904,1389 4940,1226 4743,1273 4644,1211 4356,1277 4089,1247 3932,1296 3591,1247"/>
                <Baseline points="3601,1335 3691,1341 3780,1341 3870,1335 3959,1335 4048,1329 4138,1323 4227,1317 4317,1317 4406,1311 4496,1311 4585,1305 4675,1299 4764,1305 4853,1311 4943,1323"/>
                <TextEquiv>
                    <Unicode>im februar, stunden lange Regengüsse,</Unicode>
                </TextEquiv>
            </TextLine>
            <TextLine id="tr_1_tl_8" custom="readingOrder {index:7;}">
                <Coords points="5110,1381 5381,1353 5438,1406 5544,1355 5791,1334 5921,1383 6232,1332 6306,1359 6325,1228 6162,1213 5937,1268 5459,1239 5224,1330 5114,1287"/>
                <Baseline points="5122,1353 5164,1353 5253,1353 5342,1353 5432,1347 5521,1347 5611,1341 5700,1335 5790,1335 5879,1335 5969,1323 6058,1311 6147,1305 6237,1305 6326,1311"/>
                <TextEquiv>
                    <Unicode>undt aufs Land zu können,</Unicode>
                </TextEquiv>
            </TextLine>
            <TextLine id="tr_1_tl_9" custom="readingOrder {index:8;}">
                <Coords points="5126,1497 5503,1527 5630,1476 6424,1478 6431,1366 6175,1342 5817,1385 5649,1353 5436,1446 5378,1398 5131,1429"/>
                <Baseline points="5140,1484 5181,1484 5271,1484 5360,1478 5450,1478 5539,1472 5629,1466 5718,1460 5808,1460 5897,1455 5986,1449 6076,1449 6165,1443 6255,1431 6344,1425 6434,1419"/>
                <TextEquiv>
                    <Unicode>des Dringes alles andre zurück.</Unicode>
                </TextEquiv>
            </TextLine>
            <TextLine id="tr_1_tl_10" custom="readingOrder {index:9;}">
                <Coords points="3600,1503 4027,1539 4205,1493 4504,1531 4777,1495 4894,1529 4883,1395 4574,1431 4470,1393 3930,1423 3604,1385"/>
                <Baseline points="3613,1490 3649,1490 3738,1484 3828,1484 3917,1478 4007,1478 4096,1472 4186,1466 4275,1460 4365,1460 4454,1466 4543,1460 4633,1449 4722,1449 4812,1455 4901,1460"/>
                <TextEquiv>
                    <Unicode>3 - 5 - Grad, manchmal in mir</Unicode>
                </TextEquiv>
            </TextLine>
            <TextLine id="tr_1_tl_11" custom="readingOrder {index:10;}">
                <Coords points="5118,1715 5707,1620 5908,1673 6048,1618 6331,1624 6416,1603 6418,1525 6329,1489 5944,1501 5808,1571 5565,1611 5400,1561 5321,1594 5126,1558"/>
                <Baseline points="5134,1639 5170,1639 5259,1645 5348,1633 5438,1627 5527,1627 5617,1627 5706,1621 5796,1621 5885,1610 5975,1610 6064,1604 6153,1598 6243,1586 6332,1580 6422,1568"/>
                <TextEquiv>
                    <Unicode>Vom Sommer weiß ich noch nicht</Unicode>
                </TextEquiv>
            </TextLine>
            <TextLine id="tr_1_tl_12" custom="readingOrder {index:11;}">
                <Coords points="3587,1681 3769,1713 3837,1660 3972,1658 4059,1705 4178,1671 4373,1711 4610,1686 4764,1594 4985,1637 4989,1535 4745,1499 4629,1544 4421,1518 3860,1599 3761,1552 3591,1584"/>
                <Baseline points="3601,1639 3649,1639 3738,1639 3828,1633 3917,1627 4007,1621 4096,1616 4186,1610 4275,1610 4365,1604 4454,1604 4543,1604 4633,1598 4722,1598 4812,1592 4901,1592 4991,1604"/>
                <TextEquiv>
                    <Unicode>Woche kein Stück bluuer Himmel</Unicode>
                </TextEquiv>
            </TextLine>
            <TextLine id="tr_1_tl_13" custom="readingOrder {index:12;}">
                <Coords points="3568,1863 3651,1810 3767,1855 4006,1804 4085,1853 4176,1825 4227,1872 4445,1772 4639,1745 4845,1787 4853,1618 4764,1597 4654,1686 4504,1709 4443,1677 4267,1724 4000,1698 3858,1749 3576,1675"/>
                <Baseline points="3583,1788 3601,1782 3691,1782 3780,1782 3870,1777 3959,1777 4048,1765 4138,1765 4227,1759 4317,1753 4406,1747 4496,1747 4585,1741 4675,1741 4764,1735 4853,1735"/>
                <TextEquiv>
                    <Unicode>Und da schon vorher in jene sehr</Unicode>
                </TextEquiv>
            </TextLine>
            <TextLine id="tr_1_tl_14" custom="readingOrder {index:13;}">
                <Coords points="5162,1815 5459,1882 5599,1821 5654,1855 5798,1817 5988,1840 6126,1770 6397,1745 6403,1637 6293,1643 6170,1715 6092,1719 6001,1658 5889,1666 5804,1736 5512,1702 5167,1749"/>
                <Baseline points="5176,1788 5241,1794 5331,1794 5420,1788 5509,1782 5599,1777 5688,1777 5778,1777 5867,1771 5957,1759 6046,1759 6136,1747 6225,1741 6314,1741 6404,1741"/>
                <TextEquiv>
                    <Unicode>viel bestimmtes. Jedenfalls bin</Unicode>
                </TextEquiv>
            </TextLine>
            <TextLine id="tr_1_tl_15" custom="readingOrder {index:14;}">
                <Coords points="3557,1984 3947,1999 4191,1916 4430,1944 4557,1891 4741,1908 4898,1993 4936,1785 4652,1863 4517,1832 4174,1891 3562,1868"/>
                <Baseline points="3571,1943 3595,1943 3685,1932 3774,1932 3864,1926 3953,1926 4043,1920 4132,1914 4221,1914 4311,1902 4400,1896 4490,1896 4579,1890 4669,1884 4758,1884 4848,1884 4937,1878"/>
                <TextEquiv>
                    <Unicode>Ihren Tage waren, so schut eine sich</Unicode>
                </TextEquiv>
            </TextLine>
            <TextLine id="tr_1_tl_16" custom="readingOrder {index:15;}">
                <Coords points="5931,1959 5995,1950 6139,1984 6175,1957 6308,1946 6397,1988 6429,1967 6511,1980 6516,1861 6408,1821 6346,1853 6259,1832 6126,1887 5993,1838 5935,1838"/>
                <Baseline points="5944,1920 6040,1920 6130,1914 6219,1914 6309,1908 6398,1902 6487,1908 6517,1914"/>
                <TextEquiv>
                    <Unicode>Juni in Min.</Unicode>
                </TextEquiv>
            </TextLine>
            <TextLine id="tr_1_tl_17" custom="readingOrder {index:16;}">
                <Coords points="5139,2007 5188,2026 5317,1969 5506,1982 5664,1944 5829,1988 5857,1982 5863,1859 5518,1842 5459,1878 5264,1851 5143,1870"/>
                <Baseline points="5152,1943 5235,1943 5325,1943 5414,1938 5503,1938 5593,1932 5682,1926 5772,1920 5865,1918"/>
                <TextEquiv>
                    <Unicode>ich bis zum 20.</Unicode>
                </TextEquiv>
            </TextLine>
            <TextLine id="tr_1_tl_18" custom="readingOrder {index:17;}">
                <Coords points="3574,2128 3858,2115 3922,2147 3981,2111 4027,2143 4127,2105 4184,2145 4368,2145 4663,2050 4665,2014 4453,1993 4106,2029 3975,1982 3701,2062 3579,2031"/>
                <Baseline points="3589,2081 3595,2081 3685,2081 3774,2081 3864,2075 3953,2081 4043,2069 4132,2069 4221,2063 4311,2063 4400,2051 4490,2051 4579,2045 4669,2045"/>
                <TextEquiv>
                    <Unicode>meßmehr, die mich einem</Unicode>
                </TextEquiv>
            </TextLine>
            <TextLine id="tr_1_tl_19" custom="readingOrder {index:18;}">
                <Coords points="5133,2147 5489,2111 5580,2141 5724,2094 5918,2145 6238,2082 6403,2128 6410,1986 5855,1995 5503,2050 5249,2026 5137,2073"/>
                <Baseline points="5146,2122 5158,2116 5247,2110 5337,2110 5426,2104 5515,2099 5605,2093 5694,2093 5784,2087 5873,2075 5963,2075 6052,2075 6142,2069 6231,2063 6320,2063 6410,2069"/>
                <TextEquiv>
                    <Unicode>Einen Abend, denn noch einer und</Unicode>
                </TextEquiv>
            </TextLine>
            <TextLine id="tr_1_tl_20" custom="readingOrder {index:19;}">
                <Coords points="5146,2255 5647,2238 5819,2276 5897,2230 6261,2264 6458,2221 6460,2166 6198,2115 5836,2173 5283,2149 5148,2181"/>
                <Baseline points="5158,2254 5211,2254 5301,2248 5390,2242 5480,2236 5569,2230 5659,2224 5748,2224 5837,2218 5927,2212 6016,2212 6106,2212 6195,2200 6285,2200 6374,2188 6464,2188"/>
                <TextEquiv>
                    <Unicode>einen kalten unfreundlichen Tag an¬</Unicode>
                </TextEquiv>
            </TextLine>
            <TextLine id="tr_1_tl_21" custom="readingOrder {index:20;}">
                <Coords points="3560,2217 3919,2293 4188,2213 4783,2230 4849,2221 4851,2103 4671,2166 4447,2124 3752,2170 3562,2122"/>
                <Baseline points="3571,2218 3601,2212 3691,2218 3780,2212 3870,2212 3959,2212 4048,2206 4138,2200 4227,2200 4317,2194 4406,2194 4496,2188 4585,2188 4675,2188 4764,2188 4853,2194"/>
                <TextEquiv>
                    <Unicode>unterbrochenen Traum. Ich war die</Unicode>
                </TextEquiv>
            </TextLine>
            <TextLine id="tr_1_tl_22" custom="readingOrder {index:21;}">
                <Coords points="5158,2418 5613,2416 5817,2357 6031,2414 6278,2353 6410,2369 6412,2281 6348,2238 5832,2312 5162,2272"/>
                <Baseline points="5170,2373 5253,2379 5342,2373 5432,2373 5521,2361 5611,2355 5700,2355 5790,2349 5879,2349 5969,2355 6058,2349 6147,2355 6237,2343 6326,2331 6416,2337"/>
                <TextEquiv>
                    <Unicode>Land (Dornbach, Neumaldegg) geb.</Unicode>
                </TextEquiv>
            </TextLine>
            <TextLine id="tr_1_tl_23" custom="readingOrder {index:22;}">
                <Coords points="3557,2471 3803,2456 4042,2369 4472,2399 4669,2344 4864,2365 4868,2264 4701,2221 4493,2325 4267,2327 4178,2276 3945,2308 3566,2225"/>
                <Baseline points="3571,2391 3619,2379 3709,2367 3798,2373 3887,2361 3977,2361 4066,2361 4156,2355 4245,2349 4335,2349 4424,2349 4514,2349 4603,2349 4692,2343 4782,2337 4871,2337"/>
                <TextEquiv>
                    <Unicode>jünge Zeit fast nur zu hund uns</Unicode>
                </TextEquiv>
            </TextLine>
            <TextLine id="tr_1_tl_24" custom="readingOrder {index:23;}">
                <Coords points="5156,2581 6516,2549 6520,2408 6386,2380 6291,2418 5906,2418 5808,2378 5692,2433 5158,2456"/>
                <Baseline points="5170,2504 5181,2504 5271,2492 5360,2492 5450,2492 5539,2486 5629,2474 5718,2474 5808,2474 5897,2474 5986,2474 6076,2474 6165,2474 6255,2468 6344,2456 6434,2462 6523,2480"/>
                <TextEquiv>
                    <Unicode>ich mit Bahn verbracht, jedesmal</Unicode>
                </TextEquiv>
            </TextLine>
            <TextLine id="tr_1_tl_25" custom="readingOrder {index:24;}">
                <Coords points="3583,2573 4142,2613 4303,2571 4910,2590 4917,2397 4862,2363 4479,2399 4203,2365 4063,2452 3913,2465 3867,2425 3585,2477"/>
                <Baseline points="3595,2522 3667,2516 3756,2510 3846,2504 3935,2498 4025,2498 4114,2492 4204,2480 4293,2480 4382,2480 4472,2480 4561,2480 4651,2480 4740,2474 4830,2474 4919,2474"/>
                <TextEquiv>
                    <Unicode>habe meine Grammatiken gelernt,</Unicode>
                </TextEquiv>
            </TextLine>
        </TextRegion>
    </Page>
</PcGts>
