6427 3722
1521 865 1980 1026 Als. ausser
1770 1035 2007 1160 Aus. 96
1032 1014 1585 1230 lieber Arthur!
926 1123 2110 1330 Iwa erstaunten Augen.
914 1266 2104 1445 beim Eröfferen dieses oviefes
956 1394 2022 1548 zu schon interessirt mich weniger
966 1457 2144 1667 als zu erfahren, wie ihr Vier Menschen
923 1582 2013 1752 besonders Reifavd und
914 1703 2128 1876 Paula, von der man nicht recht weise
966 1822 2131 2034 ob sie außer der Seekrankheit noch
966 1925 2119 2113 etwaß merkwürdiges in Dümmerk erlebtig
938 2019 2134 2216 und ob das Mädessen mit dem hoch.
941 2116 2134 2341 in Strümpf schon die Epißde "genaul mich
984 2274 2162 2432 weiß man ja auch nicht) Euch befindet.
1002 2383 2156 2505 Von Paul sub ich immer die Empfindung, er
950 2444 2153 2620 erinnert sich auch so gut an die fereinen
962 2532 2168 2742 zeit beim Leopold“ in Ischl vor 2 Jahren
4776 832 5848 969 und das ist schwer, denn leider drücken immer.
3580 871 4700 1011 wie wir alle, aber gar nicht mehr
3571 896 5960 1108 ordentlich an mich und ich sub ihn wirklich nur einzelne kleine Sachen des Wirklichen aus, während
3549 1005 5978 1193 nur einmal gesehen und ken de grosse Thatan und große Züge, dis darauf
4764 1048 5966 1218 zugelegt sind, charakteristisch zu verken, eine ganze Stall von
5617 1120 5860 1205 Wernerstände.
3537 1126 4652 1315 fer unmöglich vierne empfinden mit
4767 1166 5863 1296 Werden wir heuer endlich Theaterspielen
3562 1230 4697 1427 Ich verlange mir sehr zu reissen, ob das
3598 1275 5966 1448 was wir einmal in der Nachs nach der Søirée Kind wir zu jung oder zu als dazu? Oder zurück¬
4791 1315 5972 1485 zu alt, um mir zu spielen? Jedenfalls müsste
3562 1391 5957 1588 besprochen, auf Wahrheit beruht - die meiblik samptrolle diesmal nicht von Ihnen gespro
3555 1497 5936 1673 nurveilt sprensa - pain Smolkin’s (warum?). Meine Novellen werden Sie
3589 1600 4645 1770 ich hoffe ja! Die einmal für
4797 1600 5997 1767 die sehen. Nie heißt wie. Weil sie so schlecht ist,
3598 1682 4755 1807 ein jener Wohn von allen inneren Gewöhnungen losgekom¬
4791 1700 5978 1855 Er zeigt nicht einmal disenden Sachen
4797 1785 5987 1946 cher zu. doch müsste man ihr manchmal lesen, wenn die
3586 1773 4727 1943 ist für Sie wahrscheinlich sehr gut,
5550 1864 5942 1952 stehenundeutlich,
4843 1904 5942 2053 freilich haben meine Sachen wieder das Flüsse
3574 1867 4746 2031 aber für das, was die früher beschäftigt, rest¬
3634 1958 5987 2104 Nunso besser! – Dass Sie in dem zweiten Act. J. daß alles allzudeutlich gesagt. Ob der Richard
3628 2071 5984 2210 dem Mädel mehr Leben gegeben haben, wird sicher wieder etwas schreckt, ist von ich reinmüthen
3574 2153 6018 2311 Eine große Wirkung haben, denn der bekenne, für uns Altausseer ganz interessant,
3580 2229 5969 2405 ohne ja schon oft besprochen, daß Sieicht in demnehmigung, ich versuche mir manchmal erfüllen
3583 2338 4740 2462 und des Stück brauchs Rührung sacht.
4849 2314 5945 2429 wie es möre, wenn Sie hier wären uns
3598 2396 4779 2535 wird es trocken uns revolkerend. Meine
4834 2393 6015 2520 ob mir alle Trei dabei nicht viel unter secund
3562 2475 6003 2617 Neugierde, es zu lesen, komt keine Graagen, kämen, was ich ganz bestimmt glaube, sämt dem
3586 2541 4709 2687 Dann wenn von Leute nicht oft sieht, nicht man nicht
