<?xml version="1.0" encoding="UTF-8" standalone="yes"?>
<PcGts xmlns="http://schema.primaresearch.org/PAGE/gts/pagecontent/2013-07-15" xmlns:xsi="http://www.w3.org/2001/XMLSchema-instance" xsi:schemaLocation="http://schema.primaresearch.org/PAGE/gts/pagecontent/2013-07-15 http://schema.primaresearch.org/PAGE/gts/pagecontent/2013-07-15/pagecontent.xsd">
    <Metadata>
        <Creator>prov=READ-COOP:name=TrHtr:version=2.1.0:model_id=51170:date=25_07_2023_07:18</Creator>
        <Created>2023-05-01T21:57:39.616+02:00</Created>
        <LastChange>2023-07-25T07:18:35.185+02:00</LastChange>
        <TranskribusMetadata docId="1416438" pageId="54946410" pageNr="2" tsid="130587304" status="IN_PROGRESS" userId="64420" imgUrl="https://files.transkribus.eu/Get?id=SLPCTHVGUFHEVUYXKKXZSNHB&amp;fileType=view" xmlUrl="https://files.transkribus.eu/Get?id=ZTWNPPISYQJRXDYUBBZWQEWP" imageId="44450495"/>
    </Metadata>
    <Page imageFilename="1416438_0002.jpg" imageWidth="7118" imageHeight="3705">
        <ReadingOrder>
            <OrderedGroup id="ro_1711831382259" caption="Regions reading order">
                <RegionRefIndexed index="0" regionRef="tr_2"/>
                <RegionRefIndexed index="1" regionRef="tr_1"/>
            </OrderedGroup>
        </ReadingOrder>
        <TextRegion id="tr_2" custom="readingOrder {index:0;}">
            <Coords points="1093,523 3382,523 3382,2836 1093,2836"/>
            <TextLine id="tr_2_tl_1" custom="readingOrder {index:0;}">
                <Coords points="1546,616 2091,618 2230,565 2421,625 2932,620 3053,561 3379,663 3379,479 3329,467 3162,522 2535,483 2435,529 1902,461 1546,518"/>
                <Baseline points="1559,597 1589,597 1679,591 1768,585 1858,579 1948,573 2037,579 2127,579 2217,585 2306,585 2396,585 2485,585 2575,579 2665,591 2754,585 2844,585 2934,585 3023,585 3113,585 3203,591 3292,585 3382,585"/>
                <TextEquiv>
                    <Unicode>1 1/4 0/0 1/0 nouvel.t.t 2 1/2. nouveau 4.m.t 4 0/4.t7. v. 4.7. n. v/0 l.m..t. t'm.. m..tme 5/0.</Unicode>
                </TextEquiv>
            </TextLine>
            <TextLine id="tr_2_tl_2" custom="readingOrder {index:1;}">
                <Coords points="1642,1140 1815,1119 1856,1145 1984,1094 2075,1113 2150,1094 2223,1119 2232,1012 2134,1028 2084,1012 2004,1035 1965,1019 1892,1065 1854,1042 1801,1051 1765,1024 1696,1056 1648,1044"/>
                <Baseline points="1655,1123 1697,1117 1786,1117 1876,1111 1966,1093 2055,1087 2145,1081 2234,1081"/>
                <TextEquiv>
                    <Unicode>Thumacz bei Stanislau</Unicode>
                </TextEquiv>
            </TextLine>
            <TextLine id="tr_2_tl_3" custom="readingOrder {index:2;}">
                <Coords points="1968,1206 2018,1192 2041,1197 2057,1190 2063,1197 2102,1188 2132,1195 2148,1188 2161,1195 2187,1183 2209,1188 2214,1110 2196,1117 2173,1106 2161,1117 2141,1117 2114,1104 2070,1113 2061,1104 2025,1101 2011,1113 1974,1117"/>
                <Baseline points="1983,1171 2037,1159 2127,1153 2217,1153"/>
                <TextEquiv>
                    <Unicode>(Golizier)</Unicode>
                </TextEquiv>
            </TextLine>
            <TextLine id="tr_2_tl_4" custom="readingOrder {index:3;}">
                <Coords points="1516,1293 1582,1309 1924,1268 2018,1300 2068,1272 2120,1286 2212,1272 2218,1188 2077,1202 2025,1236 1922,1208 1810,1227 1774,1202 1683,1240 1626,1243 1575,1211 1521,1229"/>
                <Baseline points="1529,1284 1589,1284 1679,1278 1768,1272 1858,1266 1948,1266 2037,1260 2127,1248 2217,1236"/>
                <TextEquiv>
                    <Unicode>K. u. K. 8 Tes Uhlanemegiment</Unicode>
                </TextEquiv>
            </TextLine>
            <TextLine id="tr_2_tl_5" custom="readingOrder {index:4;}">
                <Coords points="1701,1418 1742,1404 1808,1423 1908,1404 1943,1416 1993,1379 2052,1389 2098,1368 2205,1386 2209,1316 2148,1332 2038,1295 1931,1345 1858,1334 1824,1352 1760,1311 1708,1322"/>
                <Baseline points="1715,1398 1762,1392 1852,1386 1942,1380 2031,1368 2121,1362 2211,1368"/>
                <TextEquiv>
                    <Unicode>Sonntag 17tre Mai</Unicode>
                </TextEquiv>
            </TextLine>
            <TextLine id="tr_2_tl_6" custom="readingOrder {index:5;}">
                <Coords points="1186,1623 1215,1612 1243,1628 1270,1626 1313,1605 1341,1626 1361,1614 1382,1630 1425,1612 1480,1628 1521,1610 1525,1553 1505,1560 1473,1532 1459,1537 1416,1518 1322,1546 1233,1489 1222,1496 1199,1484"/>
                <Baseline points="1201,1607 1260,1607 1350,1595 1440,1589 1529,1583"/>
                <TextEquiv>
                    <Unicode>lieber Arthur!</Unicode>
                </TextEquiv>
            </TextLine>
            <TextLine id="tr_2_tl_7" custom="readingOrder {index:6;}">
                <Coords points="1090,1758 1389,1717 1482,1769 2004,1664 2171,1669 2200,1571 2013,1560 1904,1626 1311,1605 1099,1639"/>
                <Baseline points="1105,1721 1123,1721 1213,1715 1302,1715 1392,1709 1482,1703 1571,1697 1661,1685 1750,1679 1840,1679 1930,1667 2019,1655 2109,1643 2199,1631"/>
                <TextEquiv>
                    <Unicode>vor einer Woche hat mir meine Mutter</Unicode>
                </TextEquiv>
            </TextLine>
            <TextLine id="tr_2_tl_8" custom="readingOrder {index:7;}">
                <Coords points="1081,1890 1174,1897 1247,1858 1368,1890 1553,1826 1644,1851 2047,1824 2104,1788 2166,1801 2171,1746 1831,1719 1617,1797 1498,1758 1368,1797 1088,1788"/>
                <Baseline points="1093,1876 1099,1870 1189,1858 1278,1852 1368,1846 1458,1834 1547,1828 1637,1822 1727,1816 1816,1810 1906,1804 1995,1792 2085,1786 2175,1786"/>
                <TextEquiv>
                    <Unicode>geschrieben, be hätten mit ihr gesprochen</Unicode>
                </TextEquiv>
            </TextLine>
            <TextLine id="tr_2_tl_9" custom="readingOrder {index:8;}">
                <Coords points="1135,1986 1279,2025 1660,1949 2191,1924 2196,1883 1865,1860 1653,1895 1587,1865 1350,1940 1140,1933"/>
                <Baseline points="1147,1983 1213,1983 1302,1977 1392,1972 1482,1966 1571,1960 1661,1948 1750,1942 1840,1936 1930,1930 2019,1918 2109,1906 2199,1906"/>
                <TextEquiv>
                    <Unicode>uns ihr erzähls, daß ein Herbst wieder</Unicode>
                </TextEquiv>
            </TextLine>
            <TextLine id="tr_2_tl_10" custom="readingOrder {index:9;}">
                <Coords points="1110,2136 1306,2155 1411,2098 1528,2125 1799,2061 1931,2102 2171,2084 2180,1988 1984,1970 1847,2029 1737,1979 1544,2059 1420,2022 1350,2070 1115,2082"/>
                <Baseline points="1123,2121 1195,2121 1284,2121 1374,2103 1464,2091 1553,2085 1643,2079 1732,2067 1822,2061 1912,2061 2001,2055 2091,2043 2181,2031"/>
                <TextEquiv>
                    <Unicode>ein Stück von Ihnen aufgeführt.</Unicode>
                </TextEquiv>
            </TextLine>
            <TextLine id="tr_2_tl_11" custom="readingOrder {index:10;}">
                <Coords points="1158,2253 1311,2285 1530,2246 1589,2282 1753,2289 2027,2193 2225,2200 2230,2139 2171,2116 2013,2164 1952,2125 1370,2207 1163,2198"/>
                <Baseline points="1171,2252 1248,2252 1338,2246 1428,2240 1517,2234 1607,2228 1697,2217 1786,2211 1876,2205 1966,2199 2055,2187 2145,2175 2234,2169"/>
                <TextEquiv>
                    <Unicode>werden wird. Das hat mich, wie es der</Unicode>
                </TextEquiv>
            </TextLine>
            <TextLine id="tr_2_tl_12" custom="readingOrder {index:11;}">
                <Coords points="1149,2453 1247,2456 1361,2403 1436,2437 1487,2401 1840,2412 1986,2358 2134,2399 2168,2282 1810,2282 1721,2332 1516,2316 1402,2376 1158,2326"/>
                <Baseline points="1165,2432 1183,2420 1272,2408 1362,2402 1452,2402 1541,2390 1631,2384 1721,2384 1810,2378 1900,2366 1989,2354 2079,2348 2169,2342"/>
                <TextEquiv>
                    <Unicode>Zufall erreichmal bringt, so „historisch“</Unicode>
                </TextEquiv>
            </TextLine>
            <TextLine id="tr_2_tl_13" custom="readingOrder {index:12;}">
                <Coords points="1158,2551 1847,2535 1890,2503 2127,2497 2132,2433 2045,2456 1922,2417 1806,2460 1699,2433 1601,2494 1457,2499 1418,2476 1247,2494 1165,2453"/>
                <Baseline points="1171,2545 1236,2545 1326,2539 1416,2533 1505,2533 1595,2527 1685,2521 1774,2515 1864,2503 1954,2491 2043,2479 2133,2479"/>
                <TextEquiv>
                    <Unicode>berührt. Die ganze Zeit, seit wir</Unicode>
                </TextEquiv>
            </TextLine>
            <TextLine id="tr_2_tl_14" custom="readingOrder {index:13;}">
                <Coords points="1176,2720 1318,2688 1530,2715 1740,2652 1772,2672 1984,2627 2066,2672 2107,2658 2114,2565 1737,2576 1414,2631 1186,2606"/>
                <Baseline points="1189,2701 1219,2695 1308,2683 1398,2677 1487,2677 1577,2671 1667,2659 1756,2647 1846,2641 1936,2629 2025,2623 2115,2623"/>
                <TextEquiv>
                    <Unicode>uns kamen, ist mir als ein</Unicode>
                </TextEquiv>
            </TextLine>
            <TextLine id="tr_2_tl_15" custom="readingOrder {index:14;}">
                <Coords points="1163,2891 2068,2736 2271,2770 2305,2761 2314,2647 2159,2640 1952,2725 1630,2695 1174,2754"/>
                <Baseline points="1183,2826 1236,2820 1326,2802 1416,2796 1505,2790 1595,2784 1685,2772 1774,2766 1864,2760 1954,2748 2043,2730 2133,2730 2223,2730 2312,2742"/>
                <TextEquiv>
                    <Unicode>ganzess eingefallen, wie eine Landschaft,</Unicode>
                </TextEquiv>
            </TextLine>
        </TextRegion>
        <TextRegion id="tr_1" custom="readingOrder {index:1;}">
            <Coords points="3955,511 6896,511 6896,2740 3955,2740"/>
            <TextLine id="tr_1_tl_1" custom="readingOrder {index:0;}">
                <Coords points="6496,597 6560,597 6635,565 6655,577 6760,563 6890,577 6888,497 6815,492 6790,474 6772,483 6728,465 6635,486 6578,458 6548,472 6491,467"/>
                <Baseline points="6507,567 6537,561 6627,561 6716,567 6806,579 6896,561"/>
                <TextEquiv>
                    <Unicode>1:1:4:1 1 1 1/2:</Unicode>
                </TextEquiv>
            </TextLine>
            <TextLine id="tr_1_tl_2" custom="readingOrder {index:1;}">
                <Coords points="5196,1053 5604,1015 5643,1040 5736,994 6288,999 6329,992 6334,917 5889,917 5689,976 5438,926 5376,967 5201,976"/>
                <Baseline points="5210,1021 5258,1021 5348,1021 5437,1021 5527,1015 5617,1015 5706,1009 5796,997 5886,997 5975,991 6065,986 6155,974 6244,968 6334,962"/>
                <TextEquiv>
                    <Unicode>isten Begegnungen und alles Komms</Unicode>
                </TextEquiv>
            </TextLine>
            <TextLine id="tr_1_tl_3" custom="readingOrder {index:2;}">
                <Coords points="3954,1117 4040,1088 4161,1119 4239,1072 4437,1108 4553,1067 4699,1088 4888,1037 4970,1058 4975,985 4861,978 4802,1012 4544,964 4428,1021 4348,990 4140,1042 3958,1031"/>
                <Baseline points="3967,1081 3991,1081 4081,1081 4171,1081 4260,1069 4350,1063 4440,1057 4529,1057 4619,1051 4708,1045 4798,1039 4888,1033 4977,1027"/>
                <TextEquiv>
                    <Unicode>aber viel merkwürdiger, als wenn</Unicode>
                </TextEquiv>
            </TextLine>
            <TextLine id="tr_1_tl_4" custom="readingOrder {index:3;}">
                <Coords points="5226,1161 5513,1140 5584,1172 5638,1142 5721,1172 5862,1129 5953,1170 6076,1108 6197,1113 6199,1056 5969,1056 5910,1092 5721,1062 5607,1090 5426,1076 5347,1122 5230,1072"/>
                <Baseline points="5240,1153 5306,1153 5396,1147 5485,1141 5575,1135 5665,1129 5754,1123 5844,1123 5933,1117 6023,1117 6113,1105 6202,1105"/>
                <TextEquiv>
                    <Unicode>mir so unglaublich vergingen vor</Unicode>
                </TextEquiv>
            </TextLine>
            <TextLine id="tr_1_tl_5" custom="readingOrder {index:4;}">
                <Coords points="3985,1206 4134,1206 4163,1238 4446,1222 4669,1158 5052,1142 5057,1078 4879,1051 4688,1106 4339,1097 4122,1172 3988,1158"/>
                <Baseline points="3997,1201 4075,1195 4165,1195 4254,1189 4344,1183 4434,1177 4523,1165 4613,1159 4702,1153 4792,1147 4882,1135 4971,1129 5061,1129"/>
                <TextEquiv>
                    <Unicode>man in einem Thal stünde uns</Unicode>
                </TextEquiv>
            </TextLine>
            <TextLine id="tr_1_tl_6" custom="readingOrder {index:5;}">
                <Coords points="5189,1295 5369,1322 5490,1272 5643,1286 5691,1259 5791,1313 6147,1263 6186,1229 6265,1236 6268,1204 5775,1186 5629,1240 5534,1204 5477,1236 5194,1233"/>
                <Baseline points="5204,1290 5282,1284 5372,1278 5461,1272 5551,1260 5641,1254 5730,1248 5820,1248 5910,1248 5999,1242 6089,1236 6178,1225 6268,1225"/>
                <TextEquiv>
                    <Unicode>und so nett und alsmodisch wie eine</Unicode>
                </TextEquiv>
            </TextLine>
            <TextLine id="tr_1_tl_7" custom="readingOrder {index:6;}">
                <Coords points="3988,1359 4184,1359 4289,1311 4517,1290 4576,1327 4815,1295 4888,1325 5052,1286 5057,1211 4968,1199 4884,1252 4745,1202 4439,1252 4316,1215 4241,1256 3992,1270"/>
                <Baseline points="4003,1326 4075,1326 4165,1320 4254,1308 4344,1302 4434,1296 4523,1290 4613,1290 4702,1284 4792,1272 4882,1272 4971,1260 5061,1266"/>
                <TextEquiv>
                    <Unicode>durch die Münde der Berge hindurch die</Unicode>
                </TextEquiv>
            </TextLine>
            <TextLine id="tr_1_tl_8" custom="readingOrder {index:7;}">
                <Coords points="5208,1459 5581,1386 6199,1379 6206,1279 6085,1268 6008,1309 5898,1284 5773,1332 5618,1304 5436,1352 5310,1300 5217,1320"/>
                <Baseline points="5222,1422 5312,1410 5402,1398 5491,1392 5581,1386 5671,1380 5760,1368 5850,1368 5939,1356 6029,1356 6119,1344 6208,1344"/>
                <TextEquiv>
                    <Unicode>Geschichte aus der Jean Paul-Zid.</Unicode>
                </TextEquiv>
            </TextLine>
            <TextLine id="tr_1_tl_9" custom="readingOrder {index:8;}">
                <Coords points="3997,1466 4209,1487 4343,1441 4592,1477 4829,1414 5055,1423 5075,1341 4713,1375 4631,1352 4567,1382 4460,1347 4355,1395 4243,1354 4150,1411 4090,1389 3999,1418"/>
                <Baseline points="4009,1452 4087,1452 4177,1452 4266,1446 4356,1440 4446,1434 4535,1434 4625,1428 4714,1422 4804,1416 4894,1404 4983,1398 5073,1410"/>
                <TextEquiv>
                    <Unicode>anderen Thäler gleichzeitig sehen würde.</Unicode>
                </TextEquiv>
            </TextLine>
            <TextLine id="tr_1_tl_10" custom="readingOrder {index:9;}">
                <Coords points="5182,1555 5299,1575 5465,1525 5664,1553 5921,1528 6006,1491 6165,1498 6229,1452 5871,1432 5764,1459 5725,1434 5586,1475 5319,1484 5189,1461"/>
                <Baseline points="5198,1541 5246,1541 5336,1547 5426,1529 5515,1523 5605,1511 5694,1511 5784,1505 5874,1499 5963,1493 6053,1482 6143,1476 6232,1476"/>
                <TextEquiv>
                    <Unicode>Wir haben doch in diesen jenes</Unicode>
                </TextEquiv>
            </TextLine>
            <TextLine id="tr_1_tl_11" custom="readingOrder {index:10;}">
                <Coords points="3942,1603 4022,1632 4282,1582 4334,1617 4396,1575 4574,1596 4628,1560 4795,1548 4854,1580 4970,1546 4975,1475 4612,1503 4537,1544 4300,1473 4197,1509 4170,1480 3947,1503"/>
                <Baseline points="3955,1589 3991,1589 4081,1583 4171,1583 4260,1577 4350,1571 4440,1565 4529,1565 4619,1559 4708,1553 4798,1547 4888,1541 4977,1535"/>
                <TextEquiv>
                    <Unicode>Auch der gute Goldmann ist mir sehr</Unicode>
                </TextEquiv>
            </TextLine>
            <TextLine id="tr_1_tl_12" custom="readingOrder {index:11;}">
                <Coords points="5214,1705 6042,1644 6263,1612 6265,1562 5862,1557 5593,1635 5223,1601"/>
                <Baseline points="5228,1691 5282,1685 5372,1673 5461,1667 5551,1661 5641,1655 5730,1649 5820,1649 5910,1637 5999,1631 6089,1613 6178,1607 6268,1601"/>
                <TextEquiv>
                    <Unicode>Jahren sehr viele schöne Stunden</Unicode>
                </TextEquiv>
            </TextLine>
            <TextLine id="tr_1_tl_13" custom="readingOrder {index:12;}">
                <Coords points="3947,1753 4154,1749 4286,1699 4364,1731 4537,1696 4644,1717 4742,1671 5016,1664 5021,1610 4927,1585 4667,1630 4323,1614 4109,1676 3954,1651"/>
                <Baseline points="3961,1715 4039,1703 4129,1697 4218,1697 4308,1691 4398,1685 4487,1685 4577,1679 4667,1673 4756,1667 4846,1655 4936,1655 5025,1649"/>
                <TextEquiv>
                    <Unicode>stark eingefallen und sine sonderbares</Unicode>
                </TextEquiv>
            </TextLine>
            <TextLine id="tr_1_tl_14" custom="readingOrder {index:13;}">
                <Coords points="5214,1833 5326,1799 6008,1792 6074,1753 6218,1749 6224,1676 6090,1719 5903,1699 5814,1746 5741,1705 5641,1765 5536,1735 5481,1760 5404,1728 5221,1740"/>
                <Baseline points="5228,1822 5240,1816 5330,1798 5420,1798 5509,1792 5599,1792 5688,1780 5778,1774 5868,1774 5957,1762 6047,1750 6137,1744 6226,1738"/>
                <TextEquiv>
                    <Unicode>gehabt. Wir haben sehr oft daß</Unicode>
                </TextEquiv>
            </TextLine>
            <TextLine id="tr_1_tl_15" custom="readingOrder {index:14;}">
                <Coords points="3972,1874 4122,1876 4302,1822 4380,1863 4505,1824 4585,1858 4847,1794 5014,1845 5059,1838 5066,1733 3976,1758"/>
                <Baseline points="3985,1846 3991,1840 4081,1828 4171,1828 4260,1822 4350,1822 4440,1816 4529,1810 4619,1804 4708,1798 4798,1792 4888,1786 4977,1786 5067,1798"/>
                <TextEquiv>
                    <Unicode>schmerzliches Leben. Es ist merkwürdig,</Unicode>
                </TextEquiv>
            </TextLine>
            <TextLine id="tr_1_tl_16" custom="readingOrder {index:15;}">
                <Coords points="5178,1954 6003,1927 6140,1911 6142,1851 5958,1865 5803,1835 5659,1872 5597,1840 5340,1911 5280,1858 5182,1851"/>
                <Baseline points="5192,1936 5252,1930 5342,1936 5432,1930 5521,1924 5611,1924 5700,1924 5790,1918 5880,1912 5969,1906 6059,1900 6149,1894"/>
                <TextEquiv>
                    <Unicode>Leben reich und groß gesehen</Unicode>
                </TextEquiv>
            </TextLine>
            <TextLine id="tr_1_tl_17" custom="readingOrder {index:16;}">
                <Coords points="4015,1949 4166,1990 4280,1943 4599,1931 4699,1963 4961,1906 4964,1851 4813,1895 4622,1856 4471,1915 4368,1879 4325,1904 4182,1886 4106,1922 4017,1895"/>
                <Baseline points="4027,1942 4069,1942 4159,1942 4248,1942 4338,1936 4428,1936 4517,1930 4607,1930 4696,1924 4786,1924 4876,1912 4965,1900"/>
                <TextEquiv>
                    <Unicode>Wie stark man an Vergangenes</Unicode>
                </TextEquiv>
            </TextLine>
            <TextLine id="tr_1_tl_18" custom="readingOrder {index:17;}">
                <Coords points="4006,2066 4175,2045 4412,2100 4601,2036 5007,2038 5116,2016 5119,1981 4986,1943 4866,1981 4685,1961 4473,1995 4307,1947 4179,1995 4008,1986"/>
                <Baseline points="4021,2043 4045,2037 4135,2043 4224,2043 4314,2043 4404,2043 4493,2037 4583,2037 4673,2031 4762,2031 4852,2025 4941,2013 5031,2007 5121,2007"/>
                <TextEquiv>
                    <Unicode>druken kann, wenn man so allein</Unicode>
                </TextEquiv>
            </TextLine>
            <TextLine id="tr_1_tl_19" custom="readingOrder {index:18;}">
                <Coords points="5196,2095 6133,2041 6197,2027 6202,1954 5798,1938 5586,2020 5331,2011 5201,2047"/>
                <Baseline points="5210,2067 5216,2073 5306,2073 5396,2067 5485,2061 5575,2061 5665,2055 5754,2049 5844,2043 5933,2037 6023,2025 6113,2019 6202,2019"/>
                <TextEquiv>
                    <Unicode>und waren im Stande, viele</Unicode>
                </TextEquiv>
            </TextLine>
            <TextLine id="tr_1_tl_20" custom="readingOrder {index:19;}">
                <Coords points="4015,2175 4193,2166 4309,2216 4448,2159 4966,2175 5030,2139 5089,2157 5091,2100 4542,2093 4478,2132 4394,2093 4314,2123 4017,2102"/>
                <Baseline points="4027,2163 4111,2157 4200,2163 4290,2169 4380,2157 4469,2157 4559,2151 4649,2157 4738,2151 4828,2151 4918,2145 5007,2133 5097,2127"/>
                <TextEquiv>
                    <Unicode>und abgeschnitten lebt, die ich hier</Unicode>
                </TextEquiv>
            </TextLine>
            <TextLine id="tr_1_tl_21" custom="readingOrder {index:20;}">
                <Coords points="5196,2253 5363,2273 5570,2218 5780,2234 5898,2189 6202,2193 6204,2120 6044,2100 5775,2168 5529,2114 5201,2152"/>
                <Baseline points="5210,2211 5222,2211 5312,2211 5402,2211 5491,2205 5581,2205 5671,2199 5760,2193 5850,2193 5939,2187 6029,2175 6119,2175 6208,2175"/>
                <TextEquiv>
                    <Unicode>Dinge auf einander zu beziehen,</Unicode>
                </TextEquiv>
            </TextLine>
            <TextLine id="tr_1_tl_22" custom="readingOrder {index:21;}">
                <Coords points="3990,2330 4243,2303 4305,2344 4389,2307 4533,2330 4872,2289 4957,2314 4995,2303 4998,2191 4852,2200 4695,2285 4594,2257 4519,2280 4462,2246 4296,2282 4150,2244 4113,2278 3990,2214"/>
                <Baseline points="4003,2294 4015,2294 4105,2300 4195,2300 4284,2306 4374,2306 4463,2306 4553,2300 4643,2300 4732,2300 4822,2294 4912,2288 5001,2288"/>
                <TextEquiv>
                    <Unicode>Mir ist eingefallen, wie mir der</Unicode>
                </TextEquiv>
            </TextLine>
            <TextLine id="tr_1_tl_23" custom="readingOrder {index:22;}">
                <Coords points="5228,2358 5486,2348 5543,2385 5679,2339 6252,2296 6357,2337 6361,2248 6108,2278 6035,2253 5928,2289 5616,2271 5513,2319 5429,2278 5230,2282"/>
                <Baseline points="5240,2354 5288,2348 5378,2348 5467,2348 5557,2342 5647,2336 5736,2336 5826,2330 5916,2318 6005,2312 6095,2306 6184,2300 6274,2294 6364,2294"/>
                <TextEquiv>
                    <Unicode>und immer hat sichs nieder verändert,</Unicode>
                </TextEquiv>
            </TextLine>
            <TextLine id="tr_1_tl_24" custom="readingOrder {index:23;}">
                <Coords points="3990,2458 4106,2424 4389,2426 4430,2456 4496,2421 4852,2444 4911,2415 5002,2449 5082,2417 5084,2358 4957,2332 4820,2389 4291,2367 4152,2403 3992,2346"/>
                <Baseline points="4003,2438 4009,2432 4099,2420 4189,2426 4278,2426 4368,2426 4457,2420 4547,2420 4637,2420 4726,2420 4816,2414 4906,2414 4995,2414 5085,2408"/>
                <TextEquiv>
                    <Unicode>Goldmann zum ersten Mal von Nietsche</Unicode>
                </TextEquiv>
            </TextLine>
            <TextLine id="tr_1_tl_25" custom="readingOrder {index:24;}">
                <Coords points="5239,2481 5659,2469 5732,2508 5878,2497 5990,2444 6063,2499 6165,2456 6240,2481 6270,2469 6277,2364 6026,2373 5923,2435 5832,2399 5677,2419 5575,2392 5477,2440 5244,2426"/>
                <Baseline points="5252,2473 5294,2468 5384,2473 5473,2479 5563,2473 5653,2468 5742,2462 5832,2456 5922,2456 6011,2444 6101,2438 6190,2426 6280,2414"/>
                <TextEquiv>
                    <Unicode>daß war daß schönste. Auch dass</Unicode>
                </TextEquiv>
            </TextLine>
            <TextLine id="tr_1_tl_26" custom="readingOrder {index:25;}">
                <Coords points="4015,2563 4453,2586 4587,2549 4631,2583 4772,2560 4902,2590 4966,2551 5062,2558 5062,2508 4863,2474 4763,2510 4562,2481 4419,2524 4307,2481 4015,2506"/>
                <Baseline points="4027,2545 4117,2551 4206,2557 4296,2557 4386,2557 4475,2557 4565,2551 4655,2545 4744,2551 4834,2551 4924,2545 5013,2551 5067,2557"/>
                <TextEquiv>
                    <Unicode>und von Bahr erzählt hat, das ganze</Unicode>
                </TextEquiv>
            </TextLine>
            <TextLine id="tr_1_tl_27" custom="readingOrder {index:26;}">
                <Coords points="5255,2627 5342,2647 5424,2608 5695,2599 5835,2633 6031,2583 6320,2581 6336,2506 5869,2529 5759,2572 5657,2533 5379,2574 5258,2540"/>
                <Baseline points="5270,2599 5354,2599 5443,2599 5533,2599 5623,2593 5712,2593 5802,2593 5892,2593 5981,2587 6071,2581 6161,2575 6250,2563 6340,2563"/>
                <TextEquiv>
                    <Unicode>wir vermeinander nicht zu zu einl</Unicode>
                </TextEquiv>
            </TextLine>
            <TextLine id="tr_1_tl_28" custom="readingOrder {index:27;}">
                <Coords points="4015,2718 4991,2711 5068,2690 5071,2636 4957,2658 4886,2629 4731,2677 4305,2624 4170,2677 4017,2622"/>
                <Baseline points="4027,2701 4087,2701 4177,2701 4266,2701 4356,2701 4446,2701 4535,2701 4625,2695 4714,2695 4804,2695 4894,2689 4983,2689 5073,2683"/>
                <TextEquiv>
                    <Unicode>kleine Redactionszimmer und unsere</Unicode>
                </TextEquiv>
            </TextLine>
            <TextLine id="tr_1_tl_29" custom="readingOrder {index:28;}">
                <Coords points="5280,2754 6174,2711 6215,2702 6220,2629 6074,2624 5971,2672 5923,2631 5752,2670 5679,2649 5632,2684 5524,2636 5285,2665"/>
                <Baseline points="5294,2730 5324,2730 5414,2724 5503,2718 5593,2713 5682,2707 5772,2707 5862,2701 5951,2701 6041,2695 6131,2689 6220,2689"/>
                <TextEquiv>
                    <Unicode>wissen und immer jeder</Unicode>
                </TextEquiv>
            </TextLine>
        </TextRegion>
    </Page>
</PcGts>
