7236 3642
1668 464 1936 616 7/1: „
1248 480 1402 608 1
1432 810 2392 1046 Lieber Arthur. 30 92
1282 1006 2342 1246 Ich habe bei der entsetzlichen Hitzen
1314 1180 2422 1382 an einer heftigen Beinhaufentzündung.
1314 1344 2282 1512 etc. gelitten. An meinem
1368 1498 2426 1680 Reiseproject ist nichts geändert.
1348 1690 2448 1928 Ich freue mich, Sie noch in Ischl
1404 1902 1758 2110 zu sehen.
5088 458 6372 660 1 1 1 1/2 0/0 4 1/4 4 1 7/2 4 1 1 7 1 1 4 1, 4, 1 1, 1, 5 1, 0/4 1,
5570 842 6060 1138 ÿ f. sept.
4868 868 5456 1184 Lélix. (Ein)
5476 1050 6052 1216 31 92
4920 1158 6026 1376 fünf Stunden von der Eisenbahn. Keine
4926 1284 5972 1482 Zeitung. Rihe. Monsieur le
4978 1398 5962 1600 curé qui fait des enfants
4930 1492 5948 1696 aux jolies paysannes. Der
4962 1632 6038 1844 Gendarm: Pandore. Die alten
4996 1752 6092 1946 Eliegenschimmel des Wirths: Pyrome
4966 1882 6094 2056 et Thisbe. Die Haubkatze: Madeleine.
4984 1992 6070 2198 der Nachttopf: Monsieur Jules.
4966 2134 5958 2310 Lange grüne Hochplateaus mit
4988 2240 6080 2442 Farrnkraut und Jurakalk; dahinter
5018 2364 6094 2544 der große See und der Montblanz
5006 2488 5790 2700 und Herr Edouard Rod.
