6795 3721
1914 436 2470 572 V. P. F. v. M.
1526 916 2468 1080 Tagen machen und ihn dabei
1528 1030 2614 1182 (Vorderbruhl Liechtensteinstraße 10)
1570 1154 2594 1346 besuchen könnten, ebenso als Arzt
1588 1296 2636 1468 wie als Freund. Ich kenne mich
1568 1476 2576 1626 nicht aus, werde also eventuell
1580 1656 2076 1778 doch hinfahren.
1598 1758 2540 1968 Unser rendez vor in Salzburg
1600 1942 2558 2082 bleibt, wenn wir Gott verhält.
1598 2070 2652 2242 nichst ganz besonders dazwischen.
1640 2218 2634 2374 Kommt, für den 23 oder
1670 2400 2066 2578 24te July.
1954 2514 2744 2748 Von sagen Ihr jüge
5062 944 5486 1136 fupf 16.th
4450 1074 4950 1216 mais liebes Cethus
4432 1140 5446 1378 ich denke herzlich für Brief und
4436 1302 5446 1518 Vorschlag. Auch den Mogartbund
4478 1444 5494 1644 hab ich bekommen. Es thut wie
4476 1560 5458 1782 sehr sehr leid, dass es mit Ochbruch
4448 1746 5472 1948 nicht zusammengeht mir wenn
4492 1864 5562 2068 es ein geringerer Grund wie als
4506 2056 5486 2238 der völlig zusammengebrochene
4520 2214 5476 2404 Zusammen Poldys der mich sehr
4508 2358 5520 2546 nöthig braucht und den ich in
4518 2500 5608 2706 diesen nächsten 14 Tagen nicht
4498 2670 5694 2872 mehr Stunden allein lassen will,
