7071 3705
2886 450 3208 616 G.C.H.F.P.
1430 424 2406 658 1 1 1 1/2 1/4 r, 4 1/1 4 4/2 4 4 4 r. 4
3698 454 4180 612 '    "   - "  " - "
2534 430 2722 596 I 11 1
2156 1304 2498 1442 demnordenen
1322 1330 1914 1488 Lieber Arthur
1386 1460 2430 1582 Bitte also schicken Sie die Photographie
1362 1568 2418 1690 dem devrient mit der Bitte um nicht
1406 1686 2332 1824 zu langsame Rücksendung in
1364 1778 2474 1908 unterschriebenen Zustand für irgend
1400 1878 2328 2014 ein Verehrerin. Auf Wiedersehen
1428 1976 2446 2126 Samstag!  Beken dankend Goris
4926 444 6156 584 1 1 1 1 „ „ 4 „ — „ 9 „
5574 738 5994 866 23 December.
5418 796 5636 1004 31
5694 866 5966 1032 Gr
5120 994 5746 1122 mein lieber Arthur!
4880 1068 6056 1280 Ich glaube, ich werde besser nicht über Anatol
4918 1196 6056 1350 schreiben. Die Mühe, beinahe Überwindung,
4884 1308 5980 1508 die es mich kostet, macht mich stutzig.
4896 1464 5794 1584 Sich dem Vorwurf der sackosen
4908 1530 6026 1710 Lamaraderie aussetzen und nichts dabei.
4912 1710 5894 1830 erzielen als eine gequälte mühsam
4908 1824 5602 1976 gedehnte Besprechung?
4906 1906 6018 2092 Ich weiß offenbar zu viel von dem Buch
4918 2058 6016 2234 und sehr daher nicht klar. Oder Gott
4890 2210 6068 2372 weist, was es sonst ist. Vielleicht erlauben
