7005 3689
1282 430 1918 568 1 1 1/2 1/4 1 1 1 4 1
1658 638 2036 854 Auf seit 85
940 740 2098 1012 Ich danke Ihnen wirklich für Ihrer Brief.
968 920 2068 1078 Sie müssen ihn sehr schmer geschrieben
976 980 2134 1190 haben. Ich habe das damals empfinden
992 1106 1920 1278 und empfinde es jetzt Wieder.
996 1196 1974 1360 damals in um mich, als ich hin
1008 1294 1998 1466 laß, standen Robert und Olya
998 1372 2126 1588 Hiespfeld, Schwarzkopf und Boni
996 1494 2098 1688 San.junk – berührte es mich wie
1002 1534 2160 1790 ein Erinnerung an Längstvergessene
1002 1704 2106 1910 Umerichbar. Eines. Sie fragten nach
1014 1802 2058 1968 meinen Arbeiten. Sie gedachten
1040 1896 2082 2084 Gemeinsamer Pläne. Um mich
1026 1998 2088 2148 und in mir waren neue Dinge,
1034 2116 1982 2270 bleiben, Plätschern, Kieseln,
1062 2216 2188 2386 Auflösung, ringes Verschwimmen.
1052 2318 2052 2480 Ich kenne nicht arbeiten. Heute so
1026 2426 2104 2600 wenig als damals. Nach weniger
6418 418 6760 554 1 1/4 4 1/2 4/4
4448 420 5022 574 1 1 1 1, 2 1, 1,
5228 406 5386 552 V. P.
6112 444 6338 572 1 1 1/1
5718 418 5880 582 P.S.
4918 792 6040 976 ein paar Vorworte sagen. Ich habe
3730 870 4742 1042 vielleicht. Ich gleite; ich Weibe.
4960 858 5968 1052 dort in 4 Tagen und 2 Mühlen
3732 966 4740 1126 Kein Gedanke crystallisiert sich
4974 972 6076 1120 Ihr concurterteste Münge von
3740 1050 4844 1226 und ist wird kein Verst. Ich kann
4980 1052 6102 1234 Eindrücken zusammen getrunken
4998 1120 6134 1288 die meine Nervensyssen überhaupt
3742 1132 4804 1328 nicht weiter denken als Stunden.
3786 1210 4890 1374 Aber mir ist wohl, Anders wohl
4966 1226 6026 1396 vorläufig erträgt. Den Bericht habe
3748 1300 4800 1500 Nun wohl, wechselnd wohl. Ich
5002 1286 5982 1488 ich im vollständigen Halbschlaf
3768 1404 4780 1598 kühle mich wachsen. Wollt ich mich
5010 1384 6148 1626 geschrieben in dem seltsam ein Hustam,
3776 1454 4904 1684 Zwingen, mußt ich verzweifliche
5008 1466 6156 1692 wo dort Gehirn lose Bilder, Geschwächstheile
5008 1588 6076 1792 der letzten Nicht mit schmerzender
3760 1598 4870 1778 abweisend sehe ich mir fluthen zu
3778 1686 4896 1894 und empfinde ein glückliches Mich¬
5036 1682 6114 1902 Deutlichkeit bis zum Ekel reproduciert.
3794 1780 4902 2020 bescheiden, das gute Schmestergefühl
5046 1790 6120 1990 Wenn das Bericht überhaupt deutsch ist
3836 1890 4786 2080 zur Resignation. Wäre nur
5056 1876 6076 2096 (ich habe ihn noch nicht bekommen)
5050 1950 6140 2178 dann schläft in mir ein unbewußter
3786 2000 4698 2200 mehr Sonne. So über bin ich
3844 2076 4830 2284 Verschnupft und konnte möcht
5066 2062 6178 2302 Rijorter, qui parfois se réveille
3862 2162 4888 2382 ich nicht werden, denn ich kann
5096 2196 6184 2398 Mrs H. Beure jayl. Dr. Hoffmann
3834 2266 4972 2472 jetzt das Alleinsein nicht brauchen.
5098 2324 6026 2534 hat mir auf einem 4 seiten
3830 2324 4902 2560 Wenn Sie vielleicht in der Kunst¬
5110 2424 6056 2626 langen Brief nach Man nicht
3836 2466 4860 2668 Chronik meinem Salzburgerbericht
5190 2518 6036 2692 Hantwortet; ich habe ihm auch
3846 2576 4924 2760 begegnen, so lassen Sie sich von mir
