7048 3641
1912 394 2394 556 V. F. P. Nr. No. 9.
1228 350 1820 540 N:o 1 1/2 7/4 4/9.
3138 420 3400 516 V. F.
1934 732 2994 872 bleiben Sie in Wien? Kerner
698 786 1836 938 aus späteren Acten voraus arbeiten kann,
1970 838 3060 1016 man Ihnen während der Waffen¬
710 860 1826 1058 sind nicht geschlossene Benau, sondern
1968 980 2514 1152 übung schreiben?
730 1026 1724 1188 reine Farbenskizzen: Worte und
1968 1090 3020 1268 Ich freue mich sehr auf die Novelle;
728 1150 1802 1312 Dielogstellen, die oft dann gar nicht
2040 1206 2972 1376 Ich hoffe Sie werden nichts vor
694 1306 1830 1452 wirklich aufgenommen werden, mir
1956 1346 2814 1496 meiner Rückkehr vorlesen.
742 1406 1902 1546 aber als Persumflaschen, als Stimmungs¬
1968 1458 3036 1626 Ich bin vom 7ten – 31ten August
728 1532 1818 1644 Accumulatoren und – Tondensatoren
722 1634 1736 1766 dienen, damit die Suppestion im
2072 1584 2724 1744 Nrobl bei Ischl.
742 1748 1806 1910 Laufe der Detailarbeit nicht verloren.
2182 1762 2580 1954 lichst grüßend,
756 1876 1884 2038 geht; das ganze hängt wahrscheinlich
2472 1938 2652 2014 Lory
728 2044 1804 2164 mit meiner Ihnen gegenüber mehr
1970 2002 3062 2184 P.S. Was die Herzfeld von nothwendiger
1968 2154 3016 2304 Inhnik an für Bühnenfernwirkung
766 2136 1904 2326 lyrischen, mehr auf Farbe hinerbeitenden
2012 2270 3084 2410 und von concentriester Natürlichkeit des
810 2274 1818 2456 Technik zusammen. Wie lange
1964 2390 3098 2552 dialog’s sagt, scheint mir sehr vernünftig;
4954 408 6198 578 „ „ —„ —. —” „ 4.„ ̃ —. 4. —.
4870 844 5948 1016 es ist dies thatsächlich die Erfahrung des
4906 964 5952 1126 allerletzten Theaterjahres für jeden
4908 1038 6046 1218 Obiectiven und für künftige Arbeiten.
4940 1140 6040 1332 nicht unwichtig: ganz die gleichen
4952 1264 6058 1430 Ratschläge, mit zahllosen anderen
4954 1392 5908 1560 höchst vertvollen, finde ich
4966 1496 6008 1656 in den kritischen Studien von Otto
4944 1614 6004 1822 Ludwig, aus denen ich hier mit
4970 1748 6014 1954 Genuchs und innerer Freude eine
5006 1864 6036 2072 Mangelerne. Über Tehnik des
4966 1986 6098 2178 dramatischen Dramas zum Unterschied
4994 2102 6094 2296 vom herrschende Novellendrema muß
4998 2232 6054 2410 überhaupt nächsten Winter bei Ihnen
5018 2390 5650 2524 sehr viel geredet werden.
