5525 3642
1692 378 1966 517 1 — „ „
362 915 1363 1066 Krekschalen, Hühenknochen und
1568 845 2745 1096 München u. Nürnberg; dann vielleicht
385 1048 1440 1181 Pfirsichkernen... Ihr aber sitzt
1609 1054 2336 1189 Zur Jagd nach Böhmen!
1644 1158 2720 1301 Jedenfalls bin ich Ende September
397 1158 1465 1288 vor einen wunderschönen Stilleben
1644 1282 1891 1414 bei Euch.
386 1276 1370 1430 mit rothen Langisten, goldroffen
372 1420 1473 1537 Weintrauben und bunten Truthühnern.
1579 1396 2547 1528 Dieser Tage ist die 8ten letzte.
381 1509 1310 1632 Um es zu essen, muss man es
1593 1543 2564 1669 Rate von 12 fl. anfalß (III)
381 1623 1448 1759 rupfen und sieden und schälen und
1613 1647 2589 1841 Strohgasse 3) fällig; ich weiß
367 1739 1451 1874 schneiden und kaum und dann
1579 1790 2559 1966 nicht, ob Sie dazu über 5 fl
391 1871 1263 1997 ist es gar nicht mehr schön.
385 1973 1316 2130 Und doch gehört's zum Essen
1613 2011 2617 2137 oder mehr schulden, da ich aber
386 2103 1442 2234 und nicht zum Anschauen. Es
1579 2127 2531 2281 momentän kein Geld habe und
366 2223 1016 2342 ich meine das Leben.
1603 2286 2528 2431 Richard nicht da ist, so bitte
319 2345 1363 2481 Ich bleibe also hier bis zum 11ten
1568 2423 2548 2579 schicken Sie ihm 12 fl. mit
356 2481 1281 2642 dann mit den Eltern nach
1620 2564 2421 2704 dem Schmerk“ lezte Rate“.
4071 354 4647 498 1e, p.t. p. 1 1 1, 1, r. 1, 6,
3765 867 4589 1020 Wissen Sie die Nummer von
3769 989 4804 1167 Richard’s Regiment (Zwaim)?
3831 1161 4063 1364 Servus
4090 1336 4306 1487 Loris.
3796 1522 4715 1667 Bitt bald schreiben? Wo ist
3847 1648 4150 1803 Salder?
