<?xml version="1.0" encoding="UTF-8" standalone="yes"?>
<PcGts xmlns="http://schema.primaresearch.org/PAGE/gts/pagecontent/2013-07-15" xmlns:xsi="http://www.w3.org/2001/XMLSchema-instance" xsi:schemaLocation="http://schema.primaresearch.org/PAGE/gts/pagecontent/2013-07-15 http://schema.primaresearch.org/PAGE/gts/pagecontent/2013-07-15/pagecontent.xsd">
    <Metadata>
        <Creator>prov=READ-COOP:name=TrHtr:version=2.1.0:model_id=51170:date=25_07_2023_07:19</Creator>
        <Created>2023-05-01T21:57:48.661+02:00</Created>
        <LastChange>2023-07-25T07:19:00.637+02:00</LastChange>
        <TranskribusMetadata docId="1416438" pageId="54946622" pageNr="71" tsid="130587375" status="IN_PROGRESS" userId="64420" imgUrl="https://files.transkribus.eu/Get?id=EEHZZCYIOOGNFFUUXLRENLWG&amp;fileType=view" xmlUrl="https://files.transkribus.eu/Get?id=RFTOSHWHTKQWWTFMMMZWBAFL" imageId="44450707"/>
    </Metadata>
    <Page imageFilename="1416438_0071.jpg" imageWidth="6795" imageHeight="3721">
        <ReadingOrder>
            <OrderedGroup id="ro_1711831439914" caption="Regions reading order">
                <RegionRefIndexed index="0" regionRef="tr_1"/>
                <RegionRefIndexed index="1" regionRef="tr_2"/>
            </OrderedGroup>
        </ReadingOrder>
        <TextRegion id="tr_1" custom="readingOrder {index:0;}">
            <Coords points="304,486 2892,486 2892,2460 304,2460"/>
            <TextLine id="tr_1_tl_1" custom="readingOrder {index:0;}">
                <Coords points="1038,582 1076,582 1142,608 1162,594 1188,608 1212,608 1212,472 1188,470 1166,450 1132,442 1120,432 1106,438 1084,432 1074,442 1038,440"/>
                <Baseline points="1049,536 1138,536 1216,536"/>
                <TextEquiv>
                    <Unicode>11/1</Unicode>
                </TextEquiv>
            </TextLine>
            <TextLine id="tr_1_tl_2" custom="readingOrder {index:1;}">
                <Coords points="2660,544 2678,544 2694,556 2732,540 2748,550 2816,522 2870,556 2888,554 2888,462 2858,458 2840,444 2822,456 2812,448 2786,456 2752,452 2700,488 2660,486"/>
                <Baseline points="2671,536 2760,536 2850,536 2892,536"/>
                <TextEquiv>
                    <Unicode>1 1/4 3/4 4 4</Unicode>
                </TextEquiv>
            </TextLine>
            <TextLine id="tr_1_tl_3" custom="readingOrder {index:2;}">
                <Coords points="1778,594 1932,594 2002,546 2072,574 2130,550 2542,576 2540,466 2500,482 2458,452 2230,452 2192,482 2076,498 1868,426 1776,422"/>
                <Baseline points="1788,542 1878,536 1967,536 2057,542 2146,536 2236,536 2325,536 2415,542 2504,542 2546,548"/>
                <TextEquiv>
                    <Unicode>1 1/2 1 4 1 „ 9 „ „ 4 „ — „</Unicode>
                </TextEquiv>
            </TextLine>
            <TextLine id="tr_1_tl_4" custom="readingOrder {index:3;}">
                <Coords points="1532,982 1694,996 1946,946 2108,994 2194,946 2412,980 2490,932 2628,948 2634,842 2340,864 2256,834 2158,886 2000,896 1944,858 1774,894 1540,852"/>
                <Baseline points="1544,960 1562,960 1651,960 1741,960 1830,954 1920,948 2009,942 2099,936 2188,936 2277,930 2367,924 2456,918 2546,906 2635,900"/>
                <TextEquiv>
                    <Unicode>den ersten. Denn mich Salzburg kann</Unicode>
                </TextEquiv>
            </TextLine>
            <TextLine id="tr_1_tl_5" custom="readingOrder {index:4;}">
                <Coords points="310,996 388,968 452,994 526,958 680,982 888,948 978,976 1142,930 1360,942 1360,872 1300,864 1052,922 962,872 850,912 774,868 628,918 534,880 312,880"/>
                <Baseline points="322,942 381,948 471,948 560,942 649,942 739,948 828,948 918,942 1007,942 1097,936 1186,930 1276,930 1365,930"/>
                <TextEquiv>
                    <Unicode>Weisheit nennen kann. Anders</Unicode>
                </TextEquiv>
            </TextLine>
            <TextLine id="tr_1_tl_6" custom="readingOrder {index:5;}">
                <Coords points="316,1068 558,1066 614,1098 706,1070 846,1096 954,1044 1246,1070 1294,1054 1298,984 1158,1000 1016,960 924,1006 318,1012"/>
                <Baseline points="327,1061 405,1061 494,1061 584,1061 673,1055 763,1055 852,1055 942,1043 1031,1037 1121,1037 1210,1031 1299,1031"/>
                <TextEquiv>
                    <Unicode>wieder die italienische Reise, die</Unicode>
                </TextEquiv>
            </TextLine>
            <TextLine id="tr_1_tl_7" custom="readingOrder {index:6;}">
                <Coords points="1502,1134 1762,1076 2534,1074 2574,1036 2384,990 2298,1028 2232,1010 2038,1050 1880,1020 1504,1036"/>
                <Baseline points="1514,1085 1592,1079 1681,1079 1771,1073 1860,1067 1949,1067 2039,1067 2128,1067 2218,1067 2307,1055 2397,1049 2486,1049 2576,1049"/>
                <TextEquiv>
                    <Unicode>ich mir mit einen sehr Dienen.</Unicode>
                </TextEquiv>
            </TextLine>
            <TextLine id="tr_1_tl_8" custom="readingOrder {index:7;}">
                <Coords points="334,1162 694,1206 872,1158 1056,1202 1184,1152 1314,1164 1316,1100 1140,1124 942,1060 886,1102 712,1130 336,1126"/>
                <Baseline points="345,1162 423,1168 512,1168 602,1162 691,1162 781,1162 870,1156 960,1150 1049,1150 1138,1138 1228,1138 1317,1138"/>
                <TextEquiv>
                    <Unicode>einen einen guten Begriff von</Unicode>
                </TextEquiv>
            </TextLine>
            <TextLine id="tr_1_tl_9" custom="readingOrder {index:8;}">
                <Coords points="1514,1222 1686,1268 1954,1202 2170,1196 2222,1230 2346,1184 2626,1180 2630,1108 2274,1124 2212,1082 2044,1156 1878,1126 1790,1168 1518,1166"/>
                <Baseline points="1526,1204 1556,1210 1645,1210 1735,1210 1824,1198 1914,1198 2003,1186 2093,1186 2182,1180 2271,1174 2361,1168 2450,1168 2540,1162 2629,1162"/>
                <TextEquiv>
                    <Unicode>Koffer. Dass mir Richard absolut</Unicode>
                </TextEquiv>
            </TextLine>
            <TextLine id="tr_1_tl_10" custom="readingOrder {index:9;}">
                <Coords points="316,1320 502,1356 790,1294 910,1342 1252,1284 1448,1294 1466,1228 1318,1236 1252,1194 1170,1242 880,1224 762,1256 318,1220"/>
                <Baseline points="327,1299 393,1299 483,1299 572,1294 661,1294 751,1294 840,1288 930,1282 1019,1282 1109,1282 1198,1276 1288,1270 1377,1270 1466,1276"/>
                <TextEquiv>
                    <Unicode>der Frische und kauftvollen Naiventät</Unicode>
                </TextEquiv>
            </TextLine>
            <TextLine id="tr_1_tl_11" custom="readingOrder {index:10;}">
                <Coords points="1504,1406 2072,1336 2546,1372 2550,1246 2374,1278 2106,1250 1940,1300 1784,1276 1506,1318"/>
                <Baseline points="1514,1347 1568,1347 1657,1347 1747,1341 1836,1335 1926,1335 2015,1329 2104,1329 2194,1329 2283,1329 2373,1323 2462,1323 2552,1329"/>
                <TextEquiv>
                    <Unicode>nicht schreibt, bedeutet doch wohl</Unicode>
                </TextEquiv>
            </TextLine>
            <TextLine id="tr_1_tl_12" custom="readingOrder {index:11;}">
                <Coords points="334,1424 434,1450 1040,1404 1462,1454 1462,1328 1332,1364 1104,1324 1038,1366 874,1380 778,1348 674,1382 600,1344 490,1380 334,1370"/>
                <Baseline points="345,1413 435,1413 524,1413 614,1407 703,1407 793,1401 882,1401 971,1401 1061,1395 1150,1401 1240,1407 1329,1413 1419,1413 1466,1437"/>
                <TextEquiv>
                    <Unicode>eines drei oder vierundvierzigjährige</Unicode>
                </TextEquiv>
            </TextLine>
            <TextLine id="tr_1_tl_13" custom="readingOrder {index:12;}">
                <Coords points="1526,1548 1656,1558 1758,1498 1854,1518 1922,1488 2468,1500 2624,1476 2626,1420 2160,1460 2084,1424 1812,1452 1734,1426 1528,1476"/>
                <Baseline points="1538,1496 1556,1496 1645,1496 1735,1496 1824,1490 1914,1484 2003,1478 2093,1484 2182,1478 2271,1472 2361,1472 2450,1466 2540,1460 2629,1455"/>
                <TextEquiv>
                    <Unicode>nichts besonderes, am wenigsten</Unicode>
                </TextEquiv>
            </TextLine>
            <TextLine id="tr_1_tl_14" custom="readingOrder {index:13;}">
                <Coords points="314,1562 382,1560 480,1596 566,1550 634,1582 666,1558 708,1572 824,1548 1034,1550 1034,1510 890,1478 774,1518 716,1482 562,1530 498,1490 468,1514 368,1472 316,1474"/>
                <Baseline points="327,1538 417,1544 506,1550 596,1550 685,1544 775,1538 864,1538 954,1532 1037,1538"/>
                <TextEquiv>
                    <Unicode>Menschen geben kann.</Unicode>
                </TextEquiv>
            </TextLine>
            <TextLine id="tr_1_tl_15" custom="readingOrder {index:14;}">
                <Coords points="1558,1636 1610,1656 1674,1634 1766,1666 1852,1634 1930,1648 2022,1622 2250,1650 2254,1532 2166,1528 2054,1592 1896,1564 1866,1588 1706,1588 1560,1550"/>
                <Baseline points="1568,1633 1627,1633 1717,1627 1806,1621 1896,1627 1985,1621 2075,1616 2164,1610 2254,1610"/>
                <TextEquiv>
                    <Unicode>dess er viel unbeitet?</Unicode>
                </TextEquiv>
            </TextLine>
            <TextLine id="tr_1_tl_16" custom="readingOrder {index:15;}">
                <Coords points="292,1698 460,1680 536,1708 658,1672 834,1726 946,1678 1094,1700 1294,1640 1438,1662 1440,1580 1304,1594 1126,1534 992,1594 642,1608 512,1574 296,1602"/>
                <Baseline points="304,1657 369,1663 459,1663 548,1663 638,1657 727,1657 816,1657 906,1651 995,1651 1085,1645 1174,1639 1264,1633 1353,1633 1443,1639"/>
                <TextEquiv>
                    <Unicode>Die Mozartbiographie enthält viel</Unicode>
                </TextEquiv>
            </TextLine>
            <TextLine id="tr_1_tl_17" custom="readingOrder {index:16;}">
                <Coords points="1558,1792 1728,1744 1994,1788 2058,1752 2136,1790 2226,1742 2522,1752 2598,1736 2602,1666 2412,1680 2314,1640 2210,1676 2140,1656 1960,1692 1562,1696"/>
                <Baseline points="1568,1765 1621,1747 1711,1747 1800,1741 1890,1741 1979,1741 2069,1735 2158,1729 2248,1723 2337,1717 2426,1711 2516,1717 2605,1717"/>
                <TextEquiv>
                    <Unicode>Ich wäre sehr froh über einige</Unicode>
                </TextEquiv>
            </TextLine>
            <TextLine id="tr_1_tl_18" custom="readingOrder {index:17;}">
                <Coords points="328,1802 496,1820 688,1784 880,1824 924,1792 1076,1774 1192,1810 1260,1802 1262,1712 746,1716 692,1754 582,1736 446,1768 330,1746"/>
                <Baseline points="339,1794 369,1788 459,1788 548,1788 638,1782 727,1782 816,1777 906,1777 995,1771 1085,1765 1174,1765 1264,1759"/>
                <TextEquiv>
                    <Unicode>weniger umschliches, als ich</Unicode>
                </TextEquiv>
            </TextLine>
            <TextLine id="tr_1_tl_19" custom="readingOrder {index:18;}">
                <Coords points="1540,1876 1728,1912 1810,1862 1828,1882 1952,1866 2062,1908 2180,1842 2256,1860 2390,1838 2434,1864 2438,1788 2264,1762 2212,1796 2092,1780 1960,1840 1822,1788 1768,1784 1686,1838 1600,1790 1544,1794"/>
                <Baseline points="1550,1866 1633,1866 1723,1866 1812,1860 1902,1854 1991,1860 2081,1854 2170,1842 2260,1836 2349,1830 2438,1842"/>
                <TextEquiv>
                    <Unicode>Uhrichs von Euch beiden.</Unicode>
                </TextEquiv>
            </TextLine>
            <TextLine id="tr_1_tl_20" custom="readingOrder {index:19;}">
                <Coords points="328,1934 584,1966 692,1920 782,1956 866,1912 1086,1936 1282,1888 1376,1934 1460,1926 1464,1856 1350,1820 1118,1852 942,1820 874,1864 612,1832 478,1898 330,1892"/>
                <Baseline points="339,1926 393,1920 483,1926 572,1920 661,1914 751,1914 840,1902 930,1896 1019,1896 1109,1890 1198,1884 1288,1884 1377,1890 1466,1908"/>
                <TextEquiv>
                    <Unicode>Erwartet Fätte, zumündest in diesem</Unicode>
                </TextEquiv>
            </TextLine>
            <TextLine id="tr_1_tl_21" custom="readingOrder {index:20;}">
                <Coords points="1838,2034 1918,2012 1956,2038 2004,2032 2066,2076 2170,2000 2200,2016 2232,1996 2328,2038 2420,2012 2436,2024 2456,2014 2460,1922 2346,1920 2292,1948 2254,1928 2188,1936 2146,1966 2084,1918 1998,1910 1840,1976"/>
                <Baseline points="1848,2021 1926,2009 2015,2003 2104,1997 2194,1991 2283,1991 2373,1991 2462,1991"/>
                <TextEquiv>
                    <Unicode>Keglich der Ihre</Unicode>
                </TextEquiv>
            </TextLine>
            <TextLine id="tr_1_tl_22" custom="readingOrder {index:21;}">
                <Coords points="354,2110 550,2098 648,2058 756,2064 802,2100 842,2074 944,2088 1120,2014 1250,2016 1376,2082 1382,1952 1190,1940 1086,1984 910,1960 818,2024 566,1984 360,2016"/>
                <Baseline points="369,2057 399,2057 488,2057 578,2051 667,2045 757,2045 846,2039 936,2033 1025,2021 1115,2015 1204,2009 1294,2021 1383,2027"/>
                <TextEquiv>
                    <Unicode>Theil; nur hübsche Kindische</Unicode>
                </TextEquiv>
            </TextLine>
            <TextLine id="tr_1_tl_23" custom="readingOrder {index:22;}">
                <Coords points="332,2266 472,2260 572,2210 644,2244 756,2194 1130,2190 1300,2220 1348,2198 1350,2126 1228,2148 1116,2076 936,2138 724,2110 632,2152 430,2104 334,2150"/>
                <Baseline points="345,2200 369,2194 459,2194 548,2188 638,2188 727,2188 816,2188 906,2188 995,2182 1085,2170 1174,2170 1264,2170 1353,2176"/>
                <TextEquiv>
                    <Unicode>Briefe aus Stalin. Vielleicht</Unicode>
                </TextEquiv>
            </TextLine>
            <TextLine id="tr_1_tl_24" custom="readingOrder {index:23;}">
                <Coords points="2250,2242 2300,2242 2338,2226 2376,2240 2390,2232 2440,2242 2480,2228 2522,2234 2546,2218 2584,2228 2584,2134 2532,2126 2490,2134 2418,2096 2400,2106 2374,2100 2346,2126 2288,2104 2250,2114"/>
                <Baseline points="2260,2194 2319,2182 2409,2182 2498,2182 2588,2188"/>
                <TextEquiv>
                    <Unicode>Seyer.</Unicode>
                </TextEquiv>
            </TextLine>
            <TextLine id="tr_1_tl_25" custom="readingOrder {index:24;}">
                <Coords points="358,2344 392,2364 484,2324 612,2344 790,2314 1070,2332 1154,2298 1244,2350 1338,2320 1342,2196 1184,2224 1110,2278 996,2240 876,2280 740,2282 662,2240 614,2274 360,2262"/>
                <Baseline points="369,2325 447,2319 536,2313 626,2307 715,2301 805,2307 894,2307 983,2301 1073,2295 1162,2289 1252,2289 1341,2295"/>
                <TextEquiv>
                    <Unicode>schicken Sie mir gelegentlich.</Unicode>
                </TextEquiv>
            </TextLine>
            <TextLine id="tr_1_tl_26" custom="readingOrder {index:25;}">
                <Coords points="352,2460 992,2466 1116,2418 1484,2522 1490,2328 1424,2350 1298,2316 1104,2364 1052,2328 848,2316 718,2326 628,2380 484,2348 356,2372"/>
                <Baseline points="363,2450 417,2444 506,2432 596,2426 685,2421 775,2415 864,2415 954,2415 1043,2409 1132,2409 1222,2409 1311,2403 1401,2403 1490,2415"/>
                <TextEquiv>
                    <Unicode>Kleher den 2ten Band, ich Ihnen</Unicode>
                </TextEquiv>
            </TextLine>
        </TextRegion>
        <TextRegion id="tr_2" custom="readingOrder {index:1;}">
            <Coords points="4370,886 5587,886 5587,2609 4370,2609"/>
            <TextLine id="tr_2_tl_1" custom="readingOrder {index:0;}">
                <Coords points="4918,1004 5016,1012 5080,1044 5296,990 5368,998 5388,820 5206,834 5136,816 5040,842 5010,834 4984,852 4936,828"/>
                <Baseline points="4931,983 5020,977 5110,971 5199,954 5289,948 5378,936"/>
                <TextEquiv>
                    <Unicode>Brdfuly 9th a)</Unicode>
                </TextEquiv>
            </TextLine>
            <TextLine id="tr_2_tl_2" custom="readingOrder {index:1;}">
                <Coords points="4366,1116 4612,1152 4892,1112 5024,1148 5180,1084 5366,1070 5488,1116 5494,930 5378,940 5136,1054 4838,1018 4684,1048 4372,958"/>
                <Baseline points="4376,1109 4418,1109 4508,1103 4597,1103 4687,1103 4776,1103 4865,1103 4955,1097 5044,1097 5134,1091 5223,1079 5313,1073 5402,1067 5492,1073"/>
                <TextEquiv>
                    <Unicode>lieber Arthur, denke für Ihren lieben Brief</Unicode>
                </TextEquiv>
            </TextLine>
            <TextLine id="tr_2_tl_3" custom="readingOrder {index:2;}">
                <Coords points="4358,1270 4606,1252 4726,1302 4966,1246 5008,1280 5096,1242 5186,1268 5324,1226 5330,1120 5216,1166 5148,1142 4880,1176 4676,1154 4536,1216 4366,1150"/>
                <Baseline points="4370,1246 4436,1234 4526,1228 4615,1234 4704,1228 4794,1222 4883,1222 4973,1210 5062,1204 5152,1192 5241,1186 5331,1186"/>
                <TextEquiv>
                    <Unicode>Tis bin durch aufeinander folgende</Unicode>
                </TextEquiv>
            </TextLine>
            <TextLine id="tr_2_tl_4" custom="readingOrder {index:3;}">
                <Coords points="4376,1418 4978,1352 5302,1392 5316,1260 5250,1236 5192,1268 4896,1284 4830,1314 4756,1290 4636,1340 4388,1310"/>
                <Baseline points="4388,1401 4418,1395 4508,1383 4597,1377 4687,1371 4776,1359 4865,1347 4955,1341 5044,1329 5134,1317 5223,1317 5313,1311"/>
                <TextEquiv>
                    <Unicode>sehr engstvolle und undeutliche</Unicode>
                </TextEquiv>
            </TextLine>
            <TextLine id="tr_2_tl_5" custom="readingOrder {index:4;}">
                <Coords points="4386,1554 4506,1574 4840,1502 4976,1530 5278,1452 5414,1476 5490,1464 5498,1388 5136,1402 5020,1450 4950,1416 4582,1504 4396,1454"/>
                <Baseline points="4400,1526 4424,1526 4514,1526 4603,1520 4692,1514 4782,1502 4871,1496 4961,1484 5050,1472 5140,1466 5229,1455 5319,1443 5408,1443 5498,1431"/>
                <TextEquiv>
                    <Unicode>Telegramme von Poldy sehr beunruhige.</Unicode>
                </TextEquiv>
            </TextLine>
            <TextLine id="tr_2_tl_6" custom="readingOrder {index:5;}">
                <Coords points="4382,1740 4440,1752 4654,1664 4892,1690 5308,1576 5436,1594 5446,1510 5274,1560 5224,1528 5118,1564 5016,1552 4946,1588 4816,1564 4572,1604 4398,1592"/>
                <Baseline points="4400,1657 4460,1663 4549,1651 4639,1651 4728,1639 4818,1633 4907,1627 4997,1621 5086,1604 5176,1586 5265,1580 5354,1568 5444,1562"/>
                <TextEquiv>
                    <Unicode>Er will mich bei sich haben, was</Unicode>
                </TextEquiv>
            </TextLine>
            <TextLine id="tr_2_tl_7" custom="readingOrder {index:6;}">
                <Coords points="4400,1828 4562,1814 4618,1850 4910,1806 4982,1832 5210,1746 5442,1756 5450,1672 5320,1666 5246,1708 5182,1680 5048,1698 4902,1758 4808,1716 4644,1780 4598,1740 4514,1780 4406,1764"/>
                <Baseline points="4412,1812 4466,1812 4555,1812 4645,1800 4734,1788 4824,1782 4913,1777 5003,1771 5092,1759 5181,1753 5271,1735 5360,1723 5450,1723"/>
                <TextEquiv>
                    <Unicode>mir begreiflicherreiß aus vielen</Unicode>
                </TextEquiv>
            </TextLine>
            <TextLine id="tr_2_tl_8" custom="readingOrder {index:7;}">
                <Coords points="4404,2030 4586,1980 4682,2004 4746,1972 4972,1980 5222,1916 5334,1922 5378,1906 5388,1814 5124,1852 5024,1922 4846,1878 4574,1894 4490,1840 4420,1860"/>
                <Baseline points="4418,1991 4490,1973 4579,1973 4669,1967 4758,1961 4848,1955 4937,1943 5026,1938 5116,1926 5205,1914 5295,1896 5384,1896"/>
                <TextEquiv>
                    <Unicode>Gründen sehr schwer füllt. Bitte</Unicode>
                </TextEquiv>
            </TextLine>
            <TextLine id="tr_2_tl_9" custom="readingOrder {index:8;}">
                <Coords points="4384,2132 4606,2158 4764,2104 4898,2122 4974,2092 5086,2134 5262,2070 5366,2092 5440,2068 5448,1990 5112,2000 4920,2062 4784,2028 4570,2100 4386,2090"/>
                <Baseline points="4394,2128 4460,2128 4549,2122 4639,2116 4728,2110 4818,2099 4907,2093 4997,2087 5086,2081 5176,2069 5265,2063 5354,2045 5444,2045"/>
                <TextEquiv>
                    <Unicode>entworten Sie mir umgehend, mit</Unicode>
                </TextEquiv>
            </TextLine>
            <TextLine id="tr_2_tl_10" custom="readingOrder {index:9;}">
                <Coords points="4446,2326 4598,2354 4798,2270 4902,2300 5008,2250 5226,2264 5406,2228 5414,2148 5326,2122 5036,2188 4964,2172 4786,2246 4670,2212 4458,2228"/>
                <Baseline points="4460,2295 4520,2295 4609,2283 4698,2277 4788,2271 4877,2265 4967,2254 5056,2248 5146,2230 5235,2224 5325,2206 5414,2194"/>
                <TextEquiv>
                    <Unicode>2 Zeilen, ob Sie Ihre führt</Unicode>
                </TextEquiv>
            </TextLine>
            <TextLine id="tr_2_tl_11" custom="readingOrder {index:10;}">
                <Coords points="4452,2454 4568,2488 5092,2434 5292,2360 5540,2428 5576,2268 5330,2322 5196,2298 4458,2390"/>
                <Baseline points="4466,2426 4502,2426 4591,2426 4681,2415 4770,2409 4859,2403 4949,2391 5038,2379 5128,2373 5217,2361 5307,2355 5396,2343 5486,2337 5575,2337"/>
                <TextEquiv>
                    <Unicode>nach Mein, die doch unvermeidlich</Unicode>
                </TextEquiv>
            </TextLine>
            <TextLine id="tr_2_tl_12" custom="readingOrder {index:11;}">
                <Coords points="4452,2634 4548,2644 4780,2580 4936,2620 5082,2546 5198,2560 5320,2512 5430,2558 5574,2552 5588,2434 5344,2474 5270,2450 5070,2482 5036,2454 4616,2540 4538,2500 4464,2520"/>
                <Baseline points="4466,2599 4514,2593 4603,2582 4692,2582 4782,2570 4871,2558 4961,2558 5050,2546 5140,2534 5229,2522 5319,2504 5408,2498 5498,2492 5587,2486"/>
                <TextEquiv>
                    <Unicode>scheint, nicht schon in den müssten</Unicode>
                </TextEquiv>
            </TextLine>
        </TextRegion>
    </Page>
</PcGts>
