6418 3721
1650 856 2584 1042 wirklichen Leben uns bei doch
434 952 1418 1098 doch so montiers, dass ich mich
1666 1028 2376 1188 unendlich weit davon.
452 1056 1500 1224 manchend gewaltsam geringen
1670 1132 2562 1304 Die frischen Birnen sind gar
482 1164 1592 1336 mühs, an die Raulität zu glauben.
1680 1240 2724 1412 waren von der gedämpften Sonne, die
482 1286 1518 1462 Mir ist, wie einmal der in der Tiefe
1682 1362 2740 1520 im Wigfel des Birnbauers ist. Von der
476 1408 1394 1568 Stellen Kapite eines Schiffes
494 1484 1600 1682 dem schönsten Land langsam zufährt.
1668 1480 2638 1660 Helena daß ich diesen Vers:
1668 1584 2670 1758 Wer sie versteht, der darf sie
464 1674 1518 1816 Es sind wundervolle Sommertage.
1716 1720 2736 1904 nicht entbehren! Heute etwas
512 1742 1556 1908 Ich wohne in einem kühlen niedrigen
530 1866 1562 2036 Baumginnmer, hinter einem großen
1710 1852 2824 2030 wird ich nach Zinsen hineinfahren,
514 1996 1414 2160 Birnbaum. Gegenüber ist ein
1712 1982 2830 2142 wo Musik von den Deutschmeister
544 2092 1538 2270 zehnjähriges Mädel, die doch
1730 2128 2796 2288 ist und in der kühlen Peonhellen
530 2216 1594 2390 eine Frau ist, und ihr eigenes Kind¬
1724 2246 2752 2422 Nachs zurückfahren, im bissel
560 2306 1496 2490 ihre eigene Mutter ist. Ich habe
1764 2398 2754 2536 vom weißen Stein montiert,
566 2426 1654 2632 den Furst mit mir die Wundergehre.
1762 2514 2830 2696 auf einem hohen Wagen der sehr
568 2586 1288 2750 Ich weiß von mein
4744 450 4938 582 II
4304 1008 5312 1170 unlicher führt, mit meinem
4298 1080 5414 1284 Rittmeister und meinem Fübschen
4282 1228 5388 1414 und indolent-praeiöfen Lieutenant,
4292 1370 5306 1530 die in der Nacht sehr einig
4364 1494 5408 1658 ind sehr. lieb reden werden
4340 1616 5426 1840 Begreife Sie daß ich gefrieden
4330 1828 4522 1946 bin?
4348 1938 5322 2110 Leben Sie wohl und denken
4298 2082 5358 2274 mit Ihrem Freunden freundlich.
4340 2224 4992 2424 an mich. Adieu.
4642 2380 5188 2652 der Ihr zuge¬
