6418 3721
2697 449 2987 581 1.° 1.
666 483 986 675 V. R. W.
1088 445 1278 588 14, '1
2123 499 2427 586 11
1747 1088 2763 1273 Jedenfalls rechne ich darauf,
497 1102 1290 1252 dort der Märchen fertig
508 1245 1417 1391 schreiben oder von des schon
1761 1271 2763 1408 mit Ihnen in der mühsten Woche.
506 1370 1601 1546 fertig wäre, eine Geschichte des Octär
1761 1422 2638 1563 windestens einen Abend zu
518 1518 1532 1706 anfangen. Ich hab dem Richard
1761 1612 2022 1723 verbrige.
1426 1694 1671 1820 nachsehen
537 1734 1337 1864 Geschickt, ob er mir nicht
1895 1704 2260 1951 herzlich Ihr
527 1857 1560 2005 will. Es mir sehr schon, wenn Si¬
2182 1902 2431 2088 Lipp
511 2029 1619 2200 mit ihm sich über so etwas einigen
520 2210 1636 2349 würde. den Nachmittag könnten
562 2382 1455 2523 Wir dann wo anders hin,
581 2587 1158 2723 von der Brühl aus.
4488 433 4728 605 1.   1.
5148 822 5653 965 Heding, 17th, 11 Uhr
5141 930 5677 1101 in Seleslauergasse 12
4639 854 4863 1134 73
4347 1149 5564 1316 W macht mir eine merkwürdige Freude, diesem
4329 1259 5599 1434 Brief in Gedanken nachzugehen. Ich habe voriges
4298 1388 5663 1568 Jahr sehr glücklich vor mich hingelebt, von den Tagen
4340 1487 5526 1680 in Salzburg bis in den September fühl ich im
4317 1627 5620 1784 Zurückdenken das complexe Glück von Bewegung,
4361 1727 5757 1913 Blick und Gedanken, sich hergeben und sich behalten,
4373 1874 5639 2000 Mitleid Verliebtheit uns Einsamkeit, dunklen
4354 1961 5639 2125 Gewittere am Abend und blaßzelben lautlosen.
4359 2092 5587 2253 Blitzen in der Nacht; am Anfang mehr die
4366 2231 5611 2358 Melmecholie der kleinen Eisenbahn mit dem Roth
4378 2351 5661 2492 Vom Sonnenuntergang auf den Kupfernägeln der
4356 2455 5675 2620 Bänke, mit den geschminkten und laut erdenden
