7005 3689
1224 404 2306 612 1 „ „ 4 „ —: „ 9 „ • „
908 750 2026 918 Markt-Anwel (?) geschrieben.
976 858 1858 1040 so soll doch zum Teifel
990 958 1972 1194 hieher kommen. Warum
970 1050 2074 1266 kommt er dem nicht?...
924 1178 1944 1438 Ich arbeite gereichts und hoffe
930 1314 1892 1516 daß die Comités der Freien
938 1446 1942 1674 Eufen das Gegentheil thuen.
950 1554 1966 1776 Während der Eisenbahnfahrt nach
930 1648 2012 1840 Wien (15 September) schreibe ich
958 1760 1896 1966 1.) Die letzte Semivor „Gestern.
942 1822 2004 2052 2.) Morice Barres    brie Stuche
960 1928 2100 2144 3.) eine psychologische Novelle aus einem
1074 2056 1730 2230 12jährigen Kinder Kopf
978 2084 2162 2316 4)ennay, du Novellist der Telepathie
976 2198 2144 2394 5) das grosse Buch von 1891 in England.
1086 2372 1814 2510 Telle est la vie
1366 2476 1670 2636 Loris
5474 420 5690 560 ....
6520 408 6818 554 1 4/1 1/10
5838 426 6012 564 1
3586 372 4482 612 „ „ 4 „ 9 „ 5 „ —„ —: —: 4„ 4: 4, 4: 5: 4: 8
2406 404 3208 580 1 1/4 1/10 „ 4 „ 9 „ „ 5 „ —: -: —:
4938 660 5652 874 Bad Fisch, 13. Juli. 1891
4438 1000 5704 1178 Mir fehlt hier irgend etwas; was, weiß ich selbst
4438 1090 5564 1274 nicht. Vielleicht Sonne. Villeicht Lärm
4418 1162 5624 1338 Dann wird wohl Salzburg helfen. Ich habe
4412 1256 5730 1418 einen dicken Palatet an, auf dem Papier langen
4430 1322 5670 1534 grelle kalte Lichter, der Brunnen plätzheit
4442 1390 5760 1592 und es recht nach reinlichen kleinen Kindern.
4472 1490 5770 1656 Wenn das eine Stimmung ist, so ihrs zumindesten
4434 1566 5718 1794 nicht die, die ich brauchen kann. Ein attendant
4448 1668 5706 1862 las’ ich Nietzsche und freie mich wie in seiner
4452 1738 5728 1926 kalten Klarheit, der hellen Luft der Lordelleren,
4452 1864 5720 2040 meine eigenen Gedanken schön crystallisieren.
4456 1954 5650 2146 Ich denke sehr viel, wie immer wenn mir
4460 2024 5634 2242 nichts einfällt, und schleibe künftige
4496 2122 5748 2320 Geburtstagstorten ab: daß heißt ich genieß
4466 2194 5776 2396 in zahllosen Plänen das Beste von künftigen
4478 2284 5774 2458 Arbeiten: das Gemien vor der tragischen Situation
4476 2378 5746 2546 und die Freude am Lombineren. Wozu verderbt
4488 2474 5640 2628 man sich daß eigentlich alles, indem man
4506 2566 5758 2732 die schlechteste Momentphotographie davon
4518 2630 5692 2814 sichthält und aufhebt? Dunne Einge¬
