6469 3722
2070 434 2638 600 Votre très-Monsieur, à la
412 922 1394 1060 voll wie d. Zusammensetzung
1648 924 2542 1054 Kurze Gedichte zumachs habe.
412 1030 1478 1266 von schönen Gegenständen auf
1694 1072 2696 1192 Sie lassen auch denn immer
436 1176 796 1302 einem Bild.
1698 1206 2700 1372 wissen, wo Sr. Briefe finden
416 1280 1536 1428 Ich lebe hier ganz will. Ich schreibe
1698 1340 2800 1510 wollen, nicht wahr. (vom 15ten
460 1418 1492 1536 im Novell aus sehr 5, 6 andere
1722 1532 2666 1668 Juli ab schreiben Sie mir noch
440 1560 1332 1704 vor mir. Nur kommt mir
436 1702 1512 1810 sonderbarer Weise immer während
1712 1688 2708 1832 Wien, weil ich nicht genau
448 1808 1590 1966 des Arbeitens gerade die wesentliche
1718 1812 2740 1956 weiß an ich sein werde.)
460 1958 1414 2088 schönheit des Stoffes ein
1710 1998 2688 2142 Keben Sie wohl, lieber Arthur.
442 2068 1518 2200 erbindet vor. Das auch mein
1910 2168 2440 2320 herzlich Ihr
454 2246 1512 2410 wahrscheinlich übereinden. Ich
2440 2286 2764 2426 Lugo.
436 2406 1450 2536 kann es mir nicht, weil ich
442 2578 1516 2716 bis jetzt eigentlich immer mir
4878 904 5464 1086 fusch. 16. Juli. 96
4366 1188 4980 1342 mein lieber Arthur!
4332 1312 5284 1466 Über das Stück hab ich öfter
4354 1468 5344 1624 nachgedacht, bis aber nicht über
4348 1600 5486 1752 herisse allgemeine Gedanken hinaus¬
4356 1780 5394 1934 gekommen. Ich fahre morgen
4326 1920 5324 2058 nach Salzburg uns bin das
4354 2056 5514 2224 2, 3 Tage mit Richard zusammen.
4326 2220 5440 2366 Dann gehs er nach Dänemark, ich
4378 2308 5496 2524 nach Ausser, Vielleicht finden.
4378 2530 5444 2670 Wir zusammen etwas Geschiedt ist.
