6994 3704
1026 222 1699 383 Der Prolog, ein Page
1040 272 2322 458 Das Stück The Klugen Herrn u hübsche Damen
1074 394 2285 555 Dassie heut Abend vor Euch spielen wollen.
1074 498 1583 634 Hab ich gelesen.
1062 569 2347 698 Mein Freund der Dichter hat mirs selbst gegeben.
1080 657 2304 781 Ich soiep ein mal die grosse Treppe nieder
1060 732 2387 861 In unserem Schloss. Da hängen alte Bilder
1062 802 2258 972 Mit schönen Wappen klingenden Devisen
1062 924 2251 1044 Bei denen mir so viel Gedanken kommen
1069 1019 2439 1146 Und eine Frankenheit von Fremden Dingen
1069 1094 2689 1232 Dass mir zuweilen ist als müsst als wünst ich reinkn.
1200 1216 2503 1318 Da blieb ich steh'a bei der Infanten Bild
1248 1291 2270 1395 Des frühverstorben'en, das Anna Erken.
1266 1357 2376 1443 Ich seh in ähnlich, tage sie darin
1277 1404 2535 1533 ¬ Bleib ich bei sein in Bilde immer steh'n
1248 1459 1737 1552 V. d zilhe meinen
1096 1529 2349 1626 Und Soleibe vor ihm steh'n und seh in an
1142 1599 2217 1730 Und Castle Janry: so ist er gemalt
2091 1667 2376 1801 Herr Dolch.
1327 1678 1826 1814 d. Februarii
1065 1683 1296 1778 Theuris
1327 1751 1513 1821 be
2091 1751 2396 1869 Rang ist.
1055 1773 1968 1878 Sie sehr ich glaube ich eine des¬
1062 1848 2199 1995 der frühverständige traurige Anfang.
1024 1943 2510 2100 Da schreck ich auf vor einem leichten Schritt
1024 2029 2301 2195 Und aus der Eik tritt mein Freund der Dichser
1538 2127 2301 2272 lage /ind sapl dann leise:
1031 2129 1398 2249 Und seit
1026 2249 2519 2408 "Schauspieler deiner Selbstgeschaff'nen Traüme
1051 2356 2652 2460 Ich weiss mein Freund dan sie dich ligner nennen
1049 2462 2485 2600 Und dich verachten, die sich nicht verstehen
1071 2539 2485 2727 Doch ich versteh dich ob mein Zwillingsbruder
1053 2641 2270 2829 Und silt son lachéled gieng er beise fort.
1071 2757 2387 2874 Und später hat er mir den Stuck geschenkt.
1062 2845 2501 3026 Uir hatt gefallen. Zwar d’int nicht so hübsch
1060 2972 2451 3123 Wie hübste Frauen, wie ein Kind das Cacht,
1058 3069 2331 3268 Wil graciose goldverzierte Gondeln
1071 3198 2505 3370 Wie Lieder die das Volk im Sommer tingt
1096 3305 2308 3475 Und wie Januis in einer Delfter Vase
1096 3411 2421 3579 Doch wir gefällt's weils, äl ulich in wie ein.
4575 174 5672 322 Vom jungen Leben hat es seine Farben
4569 267 5971 430 Und hat den Schmely der angelatte Dinge.
4564 408 5891 571 Wil man zuweilen in Vorübergehen
2988 387 3160 573 1919
4593 496 5941 632 Von einem das Profil erhält
4992 607 5166 684 ich fehlen
4682 627 5884 745 Sie lehnt doquett verborgen in der Saufte
4618 668 6186 813 Mai Klunt sie nicht; da an hat eie Kaumgesch i
4623 770 5914 901 Wer weiss man hätte sie vielleicht geliebt
4632 858 6195 988 Wer weiss, man keurt sie noch, u. liebt sie erst?)
4593 951 6161 1108 Inzwischen malb man sich in Lüllen Traume.
4612 1062 6023 1237 Die Sarfe aus die Hille weisse Säufte
4593 1162 6211 1359 Mit Gold'ner Leisten blässigen Guirlanden
4618 1234 6401 1429 Dajvische Und drei non duftig zwischen rose. Seide
4641 1411 6018 1565 Das bbude Korgesche Profil
4623 1502 6444 1701 Vielleichtgang falsch, was ohnts die Seile villi
4623 1669 6292 1819 So denke mich ist das Leben hier gemalt.
4575 1776 6091 1989 Mit unerfahrnen Farben des Verlangens
4646 1943 6156 2125 Uul stille duist der sich in Trammel
5907 2052 6145 2195 rept.
5515 2337 5941 2525 f 2π.
4448 2501 5572 2666 Am Abend, wo Richard den
4926 2686 5658 2908 Pierrot Magus
4580 2965 5049 3119 Vorgelesen hat.
5656 3108 5977 3429 Loris.
