6418 3721
1626 924 2160 1084 Venedig 17 October
1340 934 1550 1188 26
1114 1130 2156 1302 am Sonntag früh hab ich Sie besucht, aber
1112 1240 2128 1420 nur 3 Frauen mit Besen gefunden. Ich
1138 1364 2192 1546 wollte Ihnen sagen, daß ich nach den
1156 1456 2250 1692 Zeitungen und dem Reden der Leute
1174 1616 2252 1836 wirklich glaube, das Sie jetzt dieses
1150 1798 2296 2006 unberechenbare und schwer zu definierenden
1176 1964 2252 2140 erworben haben, womit nun Aufmerk¬
1182 2150 2246 2278 samkeit und Bewunderung erzwingen.
1164 2254 2230 2458 Kann. Ich glaube, Sie dürfen sich
1180 2428 2258 2558 jetzt erlauben, für die Darstellung
3704 980 4716 1140 liefer und kähner Dinge auf
4950 1016 5962 1164 Das wird sich auch immer steigern,
3708 1114 4768 1286 mehreren Beifall zu rechnen als
4930 1152 5978 1328 se muthiger und besser wir werden;
3694 1216 4862 1436 bloß auf den von der 4 Freunden.
4958 1300 5916 1486 ich denke, von der Generation
3668 1426 4788 1592 Richard hat wir die gescheidte Kritik
4998 1456 5950 1616 der Philologen und Dilebanten,
3710 1580 4592 1742 von Berger geschickt und die
4918 1634 5920 1764 die vor uns war, wieder nicht
3724 1744 4696 1938 Verspottung von dem Anongenen.
4920 1772 5762 1936 viel Verhöhungen geben.
3690 1876 4670 2050 Ist es der kleine Kraus! Er
4890 1966 5970 2138 hier arbeit ich nicht, aber werds
3678 2036 4824 2246 Das mich unterhalten, ich wäre froh
4926 2162 5326 2298 recht nachher.
3702 2222 4762 2408 wenn solche Sachen viel öfter
5080 2274 5734 2472 Adieu. herzlich 7/2
3668 2438 4624 2568 geschrieben würden und auch
5506 2456 5878 2666 Feyer
3722 2584 4768 2760 Carienturen von uns gezeichnet.
