6469 3722
2208 460 2664 572 Votre très bien de l'abordin aussi avec les
1210 1146 1890 1390 Ich werde 8 - 19
1170 1334 1880 1518 im Griensit sein.
1200 1444 1928 1626 avantuell vorher bei.
1210 1584 1856 1746 Richard anleiten.
1206 1738 2008 1912 bitte verständigen Sie ihn,
1204 1858 2002 2054 Ich habe keine Zeit dazu
1518 2052 1788 2302 Jyr.
1210 2248 1966 2400 eine eventuelle Änderung
1146 2360 1976 2508 Kann dann Richard mir
1224 2478 1916 2664 bir 5 sagen lassen.
5000 956 5478 1140 Bad fusch, 27. u. 6.
4436 1292 4882 1428 lieber Arthur!
4372 1370 5480 1554 ich denke, dieser Brief erreicht. Sie noch
4372 1520 5380 1700 Gnade vor Ihrer Abreise. Es wird
4374 1688 5384 1826 mir denn sehr viel freude machen,
4362 1806 5404 1984 Sie auf dem Schiff uns in fremden
4366 1954 5368 2122 Gegenden zu denken. Zu meinem
4378 2080 5464 2262 Vergnügen am dahin gehört es sehr
4384 2268 5438 2440 merk, nur das Libe ameri
4384 2424 5390 2550 Freunde merkwürdig aus schön
4418 2532 5536 2720 vorzustellen. Es ist das geheimnis¬
