6945 3721
1141 405 2012 600 1 1/2 1/4 „ „ —„ — „ 4 „
1101 890 1354 1101 V. 88
1934 854 2535 1096 Wien 24 th April
2144 1072 2405 1258 Gt
1246 1092 1835 1241 ein lieber Arthur!
1165 1219 2487 1389 Zuerst kommt eine dumme Geschichte,
1131 1343 2454 1514 Dann anderes. Die „Alimi“ von der
1165 1544 2348 1687 llerer Lob sehr seit 10 Tagen in
1154 1675 2424 1861 der freien Bühne, natürlich ist es
1155 1822 2441 2006 herausgekommen von wen es ist.
1163 1952 2591 2151 Zum Theil hat die Ulinnis B. einen
1157 2125 2467 2300 recht überflüssigen Tentsch angefangen
1131 2253 2627 2560 (komisch muss sich des alles in Paris
5517 464 6778 600 1 1 1/2 1/4 4 1/1 4/4 nouveau 4 0/0, 1/0 4, 4, rue 4, à 1, 0/4, r, r.
4373 401 4595 587 "   "
5242 947 6527 1152 habe: Ihre active Theilnahme sub
3722 1003 5010 1202 anhören) andersseits hat jemand
5249 1111 6563 1282 ich verschwiegen, weil die Mutter
3726 1139 5112 1339 rechs gemeinen den Eltern Loeb einen
5240 1248 6628 1419 ohnehin eine schlechte mornlische Meinung.
3734 1287 4982 1456 anonymen Brief geschrieben, kus
5272 1380 6494 1521 von Thun hat, während ich doch
3737 1414 4969 1592 Lute früh lässt mich die Mutter
5242 1493 6433 1651 so brav uns anständig bin. (Hoch!)
3745 1577 5067 1726 bitten hinzukommen. Die Clara war
5247 1620 6602 1805 Zum Schluß waren sie fast gerührt
3732 1707 5078 1874 nicht zusehen, die Anna und die
5229 1781 6542 1984 über mich uns vielleicht lassen sie
3758 1863 5021 2028 Mutter gewandt zu bei einem
5259 1908 6479 2123 mich noch die Männer für die
3737 2017 4974 2164 Leichenbegängnis, der Vater ganz
5225 2023 6635 2220 Müdeln aussiehen. Ihre Thun aber
3732 2158 5095 2303 bless uns mit zitternde Stimme.
5273 2205 6533 2370 will ich nur zweierki: 1.) wenn
3747 2274 5140 2439 Das weitere ist uninteressant; ich glaub
5264 2350 6544 2537 irgend jemand bei Thun anfrigt.
3767 2435 5143 2664 daß ich sie doch eine bissel herumgeklinge
5229 2424 6566 2645 (bei der rätselhaften Stellung, die
