7005 3689
222 380 1392 580 1 1 1/4 1 1 " 9, 4, 4 1, 5, 4.
1964 426 2156 538 1½
1568 622 2754 794 Ihre Tochter wäre mir natürlich lieber, aber
1616 698 2880 828 die iß in Leylon. Ich lese Homes, Manpassant,
220 680 1446 854 übrigens, ernst kommt von Rönnen und
1586 754 2766 914 das Linger Voltsblatt, Echendorff und
240 764 1534 916 Könne heißt schreibenkönnen. (Mod. Rundehov)
1612 830 2844 972 cette touchante histoire de petite secousse,
256 872 896 990 § n. 6 Heft Seite 17....ff1/2
1610 922 2872 1070 de manchmal so schön ist, qu'elle donne
246 934 1274 1056 So dumme Fragen frage ich mir wenn ich
244 970 1520 1132 Gedanken denke statt mein Leben zu leben.
1634 1000 2748 1154 presque envie de pleurer, trotz
254 1074 1466 1220 Ich möchte mich also verlieben, oder täglich
1634 1062 2826 1230 boulange, Myssi-, Stoi- und
256 1140 1526 1288 larn-tennis spielen, oder unimter egen Macao
1610 1148 2874 1324 Antholi-cismus. Ich habe gar keine eigenen
1704 1214 2716 1384 empfindungen, citiere hartwährend in
252 1230 1256 1368 oder sonst eine Beschäftigung einleben.
226 1304 1514 1448 Sonst meid ich noch ein ganzer Politiker wie
1644 1320 2804 1484 Gedanken mich selbst oder andere, habe
268 1380 1496 1514 der Sauhirt von seinem alten Vorstehhund, endlich
1656 1414 2714 1580 auch die dumme letzte Scene von
298 1438 1540 1608 sagte, oder aus Altersschreiche dumm geworden
1680 1496 2894 1656 Gestern noch immer nicht fertig gebracht.
316 1538 1552 1690 ist. Der Sauhirt ist keine Fiction, sondern
1676 1588 2862 1736 daher über von Goldmann, der immer
310 1616 1430 1752 mein liebster Umgang, seine Tochter aber
1718 1662 2814 1826 auf der Eisenbahn zu sein scheint
310 1706 1538 1844 Das liebliche Saumensch, heißt Berenike (ubgek.
1684 1742 2792 1886 eine, soweit man sie lesen kann, sah
300 1774 1562 1912 from) und war zu ihrer Blüthezeit Kellerin.
1698 1830 2856 2020 herzliche Karte bekommen. Jetzt muß
298 1864 1572 2010 Außerdem lasse ich mir von einer alten Engländerin
1680 1944 2826 2116 ich packen (ganz originelles Bleyung!)
336 1954 1526 2088 auf nassk alten Spaziergängen viel erzählen:
312 2036 1588 2172 von der Mozambigue bai, wo die Leute meistens
1686 2046 2942 2212 schreiben sie nur, mein verehrter Freund,
330 2128 1524 2264 Weirmer unter der Haut haben (so war dort
1682 2140 2864 2294 bitte, bald und geben Sie ihr Projet
348 2212 1454 2334 als junge Frau) oder von dem häßlichen
1736 2232 2936 2426 mich irgendwo zu besuchen, nicht auf.
316 2276 1560 2426 boycoll in Irlam und den schönen rothhaarigen
306 2348 1580 2490 locotten von Dublin (von denen spricht sie so gistig
1802 2378 2102 2542 herzlichse
322 2418 1544 2584 ges, wie uns einem ressentiment heraus, sie
328 2502 1608 2660 muß dort etwas unangenehmsterlebt haben,
322 2566 1598 2718 oder von Henry Tromp oder von Sir Laurence
1970 2568 2436 2680 Louis
348 2648 1300 2796 Niphant, dem großen Medium.
6548 418 6992 542 1/11. - 11.7. - 4. - 3.
3698 384 4284 586 1 1/4 1/7 1/1 4/1 t 1/2.
5040 430 5214 544 „
5414 424 6096 576 1 1 1 1, 4, 1, 5, 7, 4 f. 1,
5134 646 6324 800 Ihre Tochter wäre mir natürlich lieber, aber
3774 694 5018 848 übrigens; Kunst kommt von Können und
5182 724 6462 850 die daß in Leylon. Ich lese anderer, franpariaus,
5170 786 6342 920 das Linger Voltsblatt, Ehrchendorff und
3796 766 5098 914 Könne heißt schreibenkönnen. (Mod. Rundklau)
5180 844 6414 982 cette touchante histoire de petite Secousse,
3810 860 4484 988 5 a. 6 Heft, Seite 17...(f)
5182 932 6448 1076 de manchmal so schön ist, qu’elle donne
3796 948 4838 1062 So dumme Fragen frage ich mir wenn ich
3784 980 5074 1136 Gedanken denke statt mein Leben zu leben
5204 1034 6324 1162 presque envie de pleurer, trotz
3808 1084 5042 1212 Ich möchte mich also verlieben, oder täglich
5228 1096 6388 1240 boulange, Myssi-
3810 1166 5086 1294 larn-tennis schicken, oder unimter eigen Macac
5180 1178 6436 1332 katholi-cismus. Ich habe gar keine eigenen
3816 1230 4814 1372 oder sonst eine Beschäftigung eileben.
5180 1272 6286 1414 Empfindungen, citiere fortwährend in
3786 1306 5078 1444 Sonst wird ich noch ein ganzer Politiker, wie
5216 1318 6384 1496 Gedanken mich selbst oder andere, habe
3822 1394 5062 1528 Der Sauhirt von seinem alten Vorstehhund umloh
5216 1430 6268 1580 auch die dumme letzte Scene von
3842 1466 5102 1618 sagte, der aus Altersschreiche dumm geworden
5244 1518 6458 1670 "Gestern" noch immer nicht fertig gebracht
3860 1546 5120 1712 ist. Der Sauhirt ist keine Fiction, sondern
5228 1616 6434 1748 daher über von Goldmann, der immer
3864 1618 5008 1744 einen liebster Umgang, seine Tochter aber,
5292 1678 6374 1840 auf der Eisenbahn zu sein scheint.
3874 1688 5106 1840 daß liebliche Saumensch, und heißt Berenike (ubgeh.
5252 1768 6380 1894 eine, soweit man so lesen kann, sehr
3846 1780 5122 1912 Voom) und war zu ihrer Bluthezeit Kellerin.
5250 1838 6428 2030 herzliche Karte bekommen. Jetzt muß
3856 1858 5130 1986 Außerdem lasse ich mir von einer alten Engländern
5238 1952 6404 2124 ich packen (ganz origineller Erlegung!)
3872 1960 5074 2090 auf nassk alten Spaziergängen viel erzählen.
3858 2062 5148 2172 von der Mozambigulbai, er die Lenik meisten
5250 2038 6500 2226 schreiben sie nur, mein verehrter Freund,
3858 2120 5082 2264 Würmer unter der Haut haben (so war dort
5260 2164 6416 2308 bitte, bald und geben Sie ihr Projut
3880 2214 5006 2324 als junge Frau) oder von dem häßlichen
5276 2230 6484 2410 mich irgendwo zu besuchen, nicht auf.
3856 2278 5112 2422 boycott in Irlam und den schönen rotzhängigen
3844 2356 5112 2490 locotten von Dublin (von denen spricht sie so gifte
3856 2428 5096 2580 ges, wir uns einem ressentiment heraus, sie
5356 2384 5810 2546 herzlichse E.
3864 2512 5162 2654 muß dort etwas unangenehmest erlebt haben.
3864 2572 5154 2718 oder von Henry Trving oder von Sir Laurence
5522 2582 5984 2704 Louis :
3880 2672 4854 2796 Niphant, dem großen Medicin.
