7071 3705
1364 450 1787 576 V.J. M.C. v. G.
1906 866 2388 1113 xx Dienstag.
2149 1088 2477 1198 Nov. 92
1495 1180 1909 1301 lieber Doctor.
1392 1297 2524 1452 Ich kann leider einer Familienverpflichtung
1407 1394 2405 1547 wegen absolut nicht zu Pfob
1400 1531 2297 1690 kommen. Samstag gehe ich
1412 1673 2500 1819 in Musolls? Könnten wir nicht
1389 1843 2394 1962 miteinander soupieren? Bitte
1412 1987 2387 2143 gelegentlich Antwort. falls
1425 2127 2453 2279 Robert Ehehart da ist, so sagen
1425 2275 2433 2426 Sie ihm, bitte, daß ich seinen
1389 2453 2453 2628 leider wieder versahlten Besuch
5386 421 6825 584 1 1 1/2 1/4 a.t. 4 1/10 „ 4,7 „ „ —,10
4806 438 5182 638 Von tädtigen und überallen, wie
5469 866 6481 1012 Wenn er mir nicht abschreibt.
5487 1018 6504 1137 Donnerstag zwischen 10 c. 11
5487 1151 6443 1252 erwidern werde, um über die
5499 1275 6528 1430 Novellen zu reden. Ich finde
5494 1423 6558 1569 sie sehr gut gemacht und wenn
5530 1576 6521 1726 Auch ein bitchen einen jeu, doch
5476 1715 6630 1877 in ganzen fertig u. verwendbar.
5499 1888 6241 2046 Grüße alle herzlichst
5906 2046 6166 2257 Loris
