7025 3640
954 402 1284 602 V. tr. 1/2 st.
336 880 1578 1028 Anschauungen vom Wesen der Naturdinge.
1820 886 3160 1034 großen, schlanken Aufbau und grellen farbenflicken,
348 972 1704 1112 und das Menschen, aufwählend und anregend
1842 988 3028 1134 Ereskotechnik; ich hoffe vorläufig noch genug.
380 1078 1458 1200 wie keines sonst, sodass sich einem die
1838 1090 3034 1208 lebendige Psychologie in mir zu haben, um das
390 1148 1536 1332 Geheimsten, sonst erstarrten inneren Fiesen
1932 1154 3190 1342 ße Gerippe mit lebendigem Fleisch zu umkleiden,
392 1256 1656 1448 regen und das eigentlich dämmensche in uns.
1832 1302 3062 1450 ich arbeit ohne Senarium, mit einzelnen,
388 1348 1712 1526 das naturverwandte, dumpf und berauschend.
1914 1380 3082 1562 ggestiven Notizen; geschrieben habe ich bis
356 1490 1580 1654 mittönt. Eine Überschrift bei Goethe
1818 1506 3098 1680 setzt ein paar Seenen aus dem 2ten und eine
396 1636 1734 1798 irgendro: „Urworte; orphisch „ süggeriert
1838 1638 3046 1772 aus dem 5ten Act. das ist zwar nicht viel
410 1732 1574 1886 mir immer den Dicht der Presie Hebbels.
1854 1736 3096 1914 aber ich sehe alles andere recht deutlich und
392 1846 1584 2006 Papa ist befriedigend wohl und grüßt
1842 1854 3034 2040 arbeite leicht. Was mich lokt und worauf
410 1956 972 2118 Sie, Bahr und Salten.
1894 1970 3028 2176 ich eigentlich kömerlich hinarbeite, ist die
366 2044 1626 2244 Ich habe mich vor einer gewissen inneren Öde
1884 2110 3094 2304 eigenthümlich dunkelgleihende, diongsische Luß¬
380 2174 1614 2338 und Abspannung in die Tragödie gerettet;
1854 2228 3132 2422 im Erfinden und Ausführen tragischer Menschen
392 2276 1692 2444 eine 5 actige Penaissance tragödie, dramatisierte
1868 2364 3026 2538 in tragischen Situationen; dieser Lust, deren
380 2398 1682 2536 Novelle, äußerlich in Stil von Romar in Julie,
1874 2498 3170 2664 symbolisches Aequivalent etwa das Anhören
416 2510 1572 2698 für die wirkliche brutale Bühne gearbeitet, mit
6682 454 6858 578 1.°
5594 448 5868 554 1) 1/4 1/2
4564 890 5882 1112 feierlicher, Frankvoll - trauriger Musik ist oder
4570 1014 5892 1218 des Anschauen mancher Bilder der Renaisance,
4582 1122 5746 1310 mit dunkelgoldnen Panzern und blassen
4616 1226 5812 1414 schönen Profilen auf sehr hinfterem Grund.
4600 1322 5920 1536 Es wäre sehr schön, wenn October nachmittage wurden,
4632 1438 5856 1602 mit diesen zwei Lesepromieren. Wie weit ist die
4666 1552 5892 1704 familie? Richard schreibt mir, ungern
4642 1638 5910 1794 und nur weil er vom Papast Krankheit gehört.
4694 1740 5818 1924 hat. er ist versinmet arbeitet aber
4654 1820 5914 2024 doch in einer seiner Novellen. Wann ist Ihre
4654 1950 5956 2186 Waffenübung? was ist es mit der Verlagsanstalt
4688 2070 5938 2288 für Anatol? Cassen Sie sich doch ja nicht durch
4682 2210 5888 2412 ganz gleichgiltigen Misstefolge vom Weibesuchen
4650 2340 5882 2522 abschonken. Bitte, schreiben Sie mir bald Briefe
4620 2482 5442 2636 Bekommen ist hier das lustigste.
5334 2594 5628 2776 Loris.
