6427 3722
608 380 1390 574 Fjährn köpfel 1 1/1 Uhr bekommen sein würde.
2168 426 2358 566 "    "
1570 852 2622 1006 nun im Wesen ihrer Composition, daß
382 922 1458 1074 den 2te Act muß alles wirklich
1618 982 2716 1126 Ihnen gerade Wuchs und das Schicksal¬
338 1036 1348 1240 dramatische aeshalten, alle Wuchs,
1612 1150 2764 1262 mäßige, Umbwendbare schwer wird:
386 1216 1506 1360 elles Pathes, alle Grausamkeit aus
1600 1306 2768 1430 (besonders wenn nichs eine weibliche
376 1390 1494 1532 alle einer Versöhnung, dann sind
1636 1424 2730 1576 figur das ganze Kriegs.) Deswegen
1622 1538 2722 1692 muß aber gerade hier die Frauenvolle
374 1576 1380 1728 der erste aus dritte Act, die den
1622 1678 2602 1816 ausgenützt werden (jetzt läuft sie
380 1744 1544 1892 Vorgang nur von außer zeigen und
1636 1840 2720 1970 nutzlos, ja störend dazweischen) :
394 1888 1476 2022 in diesen sich ohne Verderbnis nicht
1636 1944 2662 2092 der gehaltene Ton, den der Held
418 2056 1536 2200 viel verinnerlichen lässt, gerechs¬
1642 2082 2750 2236 allen Minneren gegenüber hat, keine
394 2222 1546 2334 fertigt uns gerettet wie kapanische
1630 2226 2722 2358 dem Mädchen gegenüber so völlig
400 2350 1462 2500 Laternen wenn man hinter ihren
1660 2356 2628 2502 wegfallen wir etwa in einem
1660 2486 2670 2628 Monolog: es ligt sogar im
382 2516 1486 2654 Bildern ein Licht anzündet. Es liegt
1694 2584 2770 2758 unterliche Tiefe Coquetterie darin,
4812 448 5132 590 V. P. F. G. C.
5226 426 5888 608 Von tädtigen und wäre, als eivärät sie
3560 748 4652 1008 vor der Geliebten Frau die Schwere und
4868 834 5800 1030 innerlich unrektbaren
3590 970 4686 1122 grausame Sonderbarkeit imer Situation
4842 994 5950 1212 plötzlich zu haben anfängt,
3572 1110 4634 1246 einzusehen und einzugestehen. (das
4850 1142 6030 1346 dagegen ankun pft, und schließlich
3614 1230 4718 1374 entgegengesetzte, viel dürftiger Motiv
4874 1294 6040 1448 darin versinkt wie ein Ertrinkender
3640 1326 4762 1486 vor daß Verheimlichen in der „Liebeln“
4866 1434 5914 1560 Nun haben. So einmal (beim
3584 1506 4658 1652 An sich, von außen gesehen (so wie
4872 1554 5938 1718 Erfinden das Stoffes) die durch
3620 1660 4734 1786 der erste uns dritte Act es bringt)
4884 1724 5842 1846 das verweigerte Duell für
3590 1780 4684 1902 sind ja alle Tragödin des Lebens
4844 1870 5972 1998 eine bestimmte Art Menschen
3616 1916 4656 2048 aus einzunehmen Begeben hat er
4854 2042 5944 2196 sich ergebende Situation als
3614 2056 4646 2192 die mit einen Unglücksfall.
3604 2204 4754 2336 inden. Die Tragik mehr man
4886 2214 5974 2386 Freyisch, d.h. als einen tiefen
3598 2326 4766 2490 (uns darf wen!!) in die Auffassen
4898 2344 5980 2472 unlösbare inneren Miderspruch
4908 2478 5940 2646 in sich tragend erkannt:
3628 2476 4690 2638 ligen, welche die Hauptperson
3650 2634 4668 2774 von der durch sie angestößeten
