7025 3640
1494 456 1838 574 V.J.C.
1902 452 2122 566 et de ses
800 388 1024 602 1.
1648 698 2112 894 2/7 92
1016 808 1702 1036 Lieber Arthur.
974 976 2028 1176 Besten Dank. Mittwoch abend bin
990 1074 2044 1322 ich fertig. Ich möchte sehr gern
990 1238 2156 1442 den Donnerstag- oder Freitagabend
1028 1398 2146 1594 keit Ihnen und Salten zubringen,
1062 1488 2144 1692 in äu sicre Imper, (Ausstellung?)
1096 1626 2192 1838 und bille um baldige freundliche
1072 1838 2020 2040 Entscheidung, damit ich nur
1070 1942 2092 2152 Das übrige danach einrichten
1112 2208 1402 2328 kann.
1468 2210 1756 2418 Loris
6026 406 6230 592 14/1
5208 930 5582 1098 Fisch. 19 Juli.
4900 936 5050 1192 26
5242 1066 5442 1224 92
4522 1182 4930 1346 lieber Arthur.
4340 1224 5608 1460 an Ihrem guten und lieben Brief stört mich nur die
4362 1324 5666 1558 Nachricht, wie viel Arbeit Sie sich jetzt zumuthen
4378 1420 5590 1634 wollen. Deshalb wünsche ich für Sie sofahr den
4372 1504 5658 1744 äußeren Erfolg, den Sie als Kinßler vor sich selbst
4408 1594 5660 1788 und vor ins gewiss nicht nothwendig haben,
4358 1672 5698 1916 damit sich die Respectiven in denen Sie selbst
4390 1754 5740 2018 und Ihr Vater Ihr äußeres Leben, Ziele, Pflichten¬
4406 1878 5742 2134 und Stil der Lebensführung, anschauen, endlich
4372 1994 5716 2218 ändern. Vorläufig ist es ja sehr gut, dass Sie machts
4422 2112 5678 2364 schaffen und so reich und lebhaft aufnehmen
4356 2264 5646 2460 können, wie Ihre Hebbel eindrücke dies geigen.
4380 2376 5700 2626 Gewiss ist Hebbel ein sehr großer, tiefer und reicher
4424 2492 5762 2736 Gäst, mit den innerlichsten und eindringendsten
