<?xml version="1.0" encoding="UTF-8" standalone="yes"?>
<PcGts xmlns="http://schema.primaresearch.org/PAGE/gts/pagecontent/2013-07-15" xmlns:xsi="http://www.w3.org/2001/XMLSchema-instance" xsi:schemaLocation="http://schema.primaresearch.org/PAGE/gts/pagecontent/2013-07-15 http://schema.primaresearch.org/PAGE/gts/pagecontent/2013-07-15/pagecontent.xsd">
    <Metadata>
        <Creator>prov=READ-COOP:name=TrHtr:version=2.1.0:model_id=51170:date=25_07_2023_07:18</Creator>
        <Created>2023-05-01T21:57:46.502+02:00</Created>
        <LastChange>2023-07-25T07:18:53.509+02:00</LastChange>
        <TranskribusMetadata docId="1416438" pageId="54946573" pageNr="54" tsid="130587358" status="IN_PROGRESS" userId="64420" imgUrl="https://files.transkribus.eu/Get?id=XBVBZZHNXILNYUMGWWPRMYET&amp;fileType=view" xmlUrl="https://files.transkribus.eu/Get?id=FSDJLAXGUFJRLJZYHPQOJPJF" imageId="44450658"/>
    </Metadata>
    <Page imageFilename="1416438_0054.jpg" imageWidth="6427" imageHeight="3722">
        <ReadingOrder>
            <OrderedGroup id="ro_1711831425799" caption="Regions reading order">
                <RegionRefIndexed index="0" regionRef="tr_1"/>
                <RegionRefIndexed index="1" regionRef="tr_2"/>
            </OrderedGroup>
        </ReadingOrder>
        <TextRegion id="tr_1" custom="readingOrder {index:0;}">
            <Coords points="357,486 2964,486 2964,2717 357,2717"/>
            <TextLine id="tr_1_tl_1" custom="readingOrder {index:0;}">
                <Coords points="1922,534 2036,560 2240,538 2438,578 2846,530 2920,570 2960,558 2960,440 2826,430 2764,474 2366,446 2206,498 1922,468"/>
                <Baseline points="1932,554 1980,554 2069,548 2159,542 2248,548 2338,548 2427,554 2517,554 2606,554 2696,542 2785,548 2875,548 2964,536"/>
                <TextEquiv>
                    <Unicode>1 1/2 1/4, rue 7, 4, 5, 6, 0/0, à 1, 0, r, à 0,</Unicode>
                </TextEquiv>
            </TextLine>
            <TextLine id="tr_1_tl_2" custom="readingOrder {index:1;}">
                <Coords points="1616,1002 1796,966 1920,1004 2080,938 2268,960 2370,910 2458,958 2548,926 2660,970 2696,956 2704,834 2542,822 2394,882 2178,842 1980,896 1622,900"/>
                <Baseline points="1628,978 1717,972 1807,966 1896,954 1986,954 2075,948 2165,942 2254,936 2344,936 2433,924 2523,918 2612,906 2702,900"/>
                <TextEquiv>
                    <Unicode>uns fürchten Sie sich nicht vor</Unicode>
                </TextEquiv>
            </TextLine>
            <TextLine id="tr_1_tl_3" custom="readingOrder {index:2;}">
                <Coords points="346,1022 438,1048 708,980 856,1004 992,964 1188,1020 1270,990 1276,894 1216,882 1110,930 998,876 792,918 714,890 606,938 352,902"/>
                <Baseline points="357,1002 381,1002 471,996 560,984 650,984 739,978 829,972 918,966 1008,960 1097,960 1186,954 1276,954"/>
                <TextEquiv>
                    <Unicode>suchen Sie diese Stimmung</Unicode>
                </TextEquiv>
            </TextLine>
            <TextLine id="tr_1_tl_4" custom="readingOrder {index:3;}">
                <Coords points="1632,1164 1694,1174 1806,1108 1902,1136 2056,1090 2136,1132 2368,1094 2462,1114 2686,1036 2692,978 2558,1008 2470,982 2328,1042 2230,1000 2124,1066 1954,1082 1644,1028"/>
                <Baseline points="1646,1115 1705,1115 1795,1109 1884,1103 1974,1097 2063,1085 2153,1079 2242,1073 2332,1073 2421,1061 2511,1049 2600,1037 2690,1037"/>
                <TextEquiv>
                    <Unicode>Ihren eigenen Feuer. Es wird</Unicode>
                </TextEquiv>
            </TextLine>
            <TextLine id="tr_1_tl_5" custom="readingOrder {index:4;}">
                <Coords points="368,1108 596,1180 864,1102 1004,1136 1130,1084 1294,1074 1396,1110 1490,1092 1494,1006 1072,1018 998,1058 836,1022 658,1064 530,1036 370,1072"/>
                <Baseline points="381,1103 423,1103 512,1103 602,1103 691,1103 781,1097 870,1091 960,1091 1049,1091 1139,1079 1228,1079 1318,1073 1407,1067 1497,1073"/>
                <TextEquiv>
                    <Unicode>wiederherzustellen. Sie war recht.</Unicode>
                </TextEquiv>
            </TextLine>
            <TextLine id="tr_1_tl_6" custom="readingOrder {index:5;}">
                <Coords points="1624,1262 1928,1276 1988,1244 2322,1250 2396,1222 2476,1256 2538,1210 2732,1198 2734,1168 2498,1162 2438,1130 2320,1194 2116,1168 2064,1198 1976,1178 1626,1226"/>
                <Baseline points="1634,1252 1664,1252 1753,1246 1843,1240 1932,1234 2022,1228 2111,1228 2200,1222 2290,1216 2379,1210 2469,1210 2558,1198 2648,1192 2737,1186"/>
                <TextEquiv>
                    <Unicode>nie nackt brennen, da immer</Unicode>
                </TextEquiv>
            </TextLine>
            <TextLine id="tr_1_tl_7" custom="readingOrder {index:6;}">
                <Coords points="382,1292 492,1274 636,1320 742,1278 944,1254 1014,1290 1106,1240 1302,1234 1544,1372 1536,1178 770,1202 616,1162 384,1190"/>
                <Baseline points="393,1258 477,1258 566,1252 656,1252 745,1252 835,1246 924,1240 1014,1240 1103,1240 1192,1234 1282,1234 1371,1234 1461,1240 1550,1246"/>
                <TextEquiv>
                    <Unicode>schunlich rhetorisch. individualisch.</Unicode>
                </TextEquiv>
            </TextLine>
            <TextLine id="tr_1_tl_8" custom="readingOrder {index:7;}">
                <Coords points="1600,1422 1860,1394 2002,1436 2376,1356 2554,1384 2594,1368 2598,1312 2450,1290 2128,1340 2042,1298 1860,1340 1792,1310 1606,1314"/>
                <Baseline points="1610,1407 1616,1407 1705,1401 1795,1389 1884,1383 1974,1383 2063,1377 2153,1371 2242,1359 2332,1359 2421,1353 2511,1348 2600,1348"/>
                <TextEquiv>
                    <Unicode>Die bunten Schiene des ersten</Unicode>
                </TextEquiv>
            </TextLine>
            <TextLine id="tr_1_tl_9" custom="readingOrder {index:8;}">
                <Coords points="388,1452 554,1424 600,1454 710,1410 796,1468 1000,1394 1034,1426 1174,1396 1454,1426 1458,1348 1352,1298 1258,1336 986,1344 824,1312 668,1364 392,1342"/>
                <Baseline points="399,1425 477,1419 566,1419 656,1413 745,1407 835,1401 924,1395 1014,1395 1103,1389 1192,1383 1282,1377 1371,1377 1461,1383"/>
                <TextEquiv>
                    <Unicode>Sie diese Rhetorik und lager</Unicode>
                </TextEquiv>
            </TextLine>
            <TextLine id="tr_1_tl_10" custom="readingOrder {index:9;}">
                <Coords points="1624,1564 1770,1538 1910,1572 2058,1506 2706,1512 2724,1416 2190,1456 2152,1426 2012,1470 1888,1452 1780,1500 1628,1482"/>
                <Baseline points="1634,1538 1652,1538 1741,1538 1831,1526 1920,1526 2010,1509 2099,1503 2189,1497 2278,1491 2368,1485 2457,1479 2546,1479 2636,1473 2725,1467"/>
                <TextEquiv>
                    <Unicode>und letzten Actes davorstehen</Unicode>
                </TextEquiv>
            </TextLine>
            <TextLine id="tr_1_tl_11" custom="readingOrder {index:10;}">
                <Coords points="382,1584 556,1606 676,1574 806,1592 872,1558 994,1594 1180,1538 1284,1560 1448,1534 1454,1452 1348,1440 1146,1506 922,1466 796,1524 712,1490 626,1530 492,1482 388,1490"/>
                <Baseline points="393,1580 471,1580 560,1574 650,1568 739,1562 829,1556 918,1556 1008,1550 1097,1538 1186,1532 1276,1521 1365,1515 1455,1515"/>
                <TextEquiv>
                    <Unicode>Sie der Hauptperson in den</Unicode>
                </TextEquiv>
            </TextLine>
            <TextLine id="tr_1_tl_12" custom="readingOrder {index:11;}">
                <Coords points="1666,1676 1788,1710 2054,1658 2280,1706 2372,1656 2490,1696 2556,1686 2568,1544 2334,1560 2256,1602 2176,1570 2024,1588 1912,1642 1822,1608 1758,1636 1672,1620"/>
                <Baseline points="1676,1676 1759,1676 1849,1670 1938,1664 2028,1658 2117,1652 2206,1646 2296,1634 2385,1628 2475,1616 2564,1616"/>
                <TextEquiv>
                    <Unicode>werden. Die Schwäche und</Unicode>
                </TextEquiv>
            </TextLine>
            <TextLine id="tr_1_tl_13" custom="readingOrder {index:12;}">
                <Coords points="406,1720 550,1762 666,1718 930,1760 1058,1718 1314,1712 1482,1754 1558,1738 1560,1624 1092,1698 876,1662 786,1688 624,1660 572,1690 480,1640 406,1670"/>
                <Baseline points="417,1717 507,1717 596,1723 685,1717 775,1717 864,1717 954,1717 1043,1717 1133,1711 1222,1711 1312,1711 1401,1711 1491,1717 1562,1723"/>
                <TextEquiv>
                    <Unicode>Mund, verstärken und verdichten.</Unicode>
                </TextEquiv>
            </TextLine>
            <TextLine id="tr_1_tl_14" custom="readingOrder {index:13;}">
                <Coords points="1624,1866 1660,1886 1936,1812 2600,1798 2628,1790 2638,1688 2344,1736 2274,1718 2188,1764 1636,1728"/>
                <Baseline points="1636,1841 1652,1843 1741,1825 1831,1819 1920,1807 2010,1807 2099,1801 2189,1795 2278,1783 2368,1777 2457,1765 2546,1753 2636,1747"/>
                <TextEquiv>
                    <Unicode>Zuhäftigkeit im Ton des 2ten</Unicode>
                </TextEquiv>
            </TextLine>
            <TextLine id="tr_1_tl_15" custom="readingOrder {index:14;}">
                <Coords points="398,1928 626,1910 722,1962 866,1886 1014,1880 1074,1912 1194,1872 1320,1874 1422,1922 1518,1880 1520,1820 1274,1840 1078,1798 936,1864 808,1812 682,1860 604,1826 556,1850 500,1806 402,1832"/>
                <Baseline points="411,1896 447,1890 536,1896 626,1896 715,1890 805,1884 894,1884 984,1878 1073,1878 1163,1872 1252,1866 1342,1872 1431,1872 1521,1878"/>
                <TextEquiv>
                    <Unicode>Sie sie (reine Rptorik ist</Unicode>
                </TextEquiv>
            </TextLine>
            <TextLine id="tr_1_tl_16" custom="readingOrder {index:15;}">
                <Coords points="1640,1976 1790,1958 1876,1992 1970,1958 2172,1992 2480,1920 2652,1922 2792,1974 2794,1884 2614,1828 2432,1882 2310,1854 2058,1910 1990,1872 1814,1914 1644,1884"/>
                <Baseline points="1652,1962 1723,1950 1813,1950 1902,1944 1992,1938 2081,1938 2171,1938 2260,1932 2350,1926 2439,1920 2529,1920 2618,1920 2707,1926 2797,1950"/>
                <TextEquiv>
                    <Unicode>Actis (möglicher Sie mit Shakespeare)</Unicode>
                </TextEquiv>
            </TextLine>
            <TextLine id="tr_1_tl_17" custom="readingOrder {index:16;}">
                <Coords points="418,2056 484,2080 684,2052 860,2100 952,2062 1046,2094 1190,2026 1528,2042 1532,1950 1356,1986 786,1978 626,2032 420,2004"/>
                <Baseline points="429,2051 459,2051 548,2051 638,2051 727,2051 817,2045 906,2045 996,2033 1085,2028 1175,2022 1264,2016 1353,2016 1443,2022 1532,2028"/>
                <TextEquiv>
                    <Unicode>semmer denn) durch retardierende</Unicode>
                </TextEquiv>
            </TextLine>
            <TextLine id="tr_1_tl_18" custom="readingOrder {index:17;}">
                <Coords points="1654,2130 1966,2092 2038,2120 2138,2088 2204,2110 2326,2080 2490,2104 2604,2084 2606,2002 2476,2038 2242,2012 1656,2062"/>
                <Baseline points="1664,2105 1711,2099 1801,2093 1890,2093 1980,2087 2069,2087 2159,2081 2248,2081 2338,2075 2427,2075 2517,2069 2606,2063"/>
                <TextEquiv>
                    <Unicode>ist mir entfunden, weil</Unicode>
                </TextEquiv>
            </TextLine>
            <TextLine id="tr_1_tl_19" custom="readingOrder {index:18;}">
                <Coords points="406,2218 656,2212 700,2246 784,2210 988,2212 1122,2248 1504,2222 1508,2076 726,2144 686,2112 636,2160 408,2150"/>
                <Baseline points="417,2189 435,2189 524,2195 614,2200 703,2200 793,2195 882,2189 972,2183 1061,2183 1151,2183 1240,2177 1330,2177 1419,2171 1509,2177"/>
                <TextEquiv>
                    <Unicode>umschliche, zuständliche Motive</Unicode>
                </TextEquiv>
            </TextLine>
            <TextLine id="tr_1_tl_20" custom="readingOrder {index:19;}">
                <Coords points="1670,2248 1804,2270 1902,2236 2194,2248 2282,2216 2438,2250 2590,2216 2636,2236 2690,2230 2694,2158 2542,2124 2270,2152 2228,2122 2110,2170 1928,2150 1794,2196 1674,2154"/>
                <Baseline points="1682,2236 1711,2236 1801,2236 1890,2230 1980,2224 2069,2224 2159,2218 2248,2212 2338,2206 2427,2206 2517,2206 2606,2200 2696,2200"/>
                <TextEquiv>
                    <Unicode>das Geld und das Müdel so</Unicode>
                </TextEquiv>
            </TextLine>
            <TextLine id="tr_1_tl_21" custom="readingOrder {index:20;}">
                <Coords points="352,2422 424,2378 610,2362 680,2384 964,2344 1078,2372 1184,2342 1308,2360 1366,2348 1368,2302 1302,2278 1204,2314 1030,2256 888,2264 766,2312 416,2278 356,2300"/>
                <Baseline points="363,2385 387,2379 477,2368 566,2362 656,2356 745,2356 835,2350 924,2344 1014,2338 1103,2338 1192,2338 1282,2338 1371,2344"/>
                <TextEquiv>
                    <Unicode>(wie Sie in der Liebbei ein</Unicode>
                </TextEquiv>
            </TextLine>
            <TextLine id="tr_1_tl_22" custom="readingOrder {index:21;}">
                <Coords points="1666,2408 1832,2426 1900,2386 2104,2372 2180,2412 2310,2358 2664,2392 2796,2364 2800,2260 2020,2344 1874,2298 1670,2308"/>
                <Baseline points="1676,2385 1729,2373 1819,2373 1908,2368 1998,2368 2087,2362 2177,2362 2266,2356 2356,2350 2445,2350 2535,2350 2624,2344 2713,2338 2803,2344"/>
                <TextEquiv>
                    <Unicode>furchtbar einig individualisiert</Unicode>
                </TextEquiv>
            </TextLine>
            <TextLine id="tr_1_tl_23" custom="readingOrder {index:22;}">
                <Coords points="478,2532 648,2494 732,2534 802,2504 954,2518 1038,2482 1200,2524 1262,2480 1446,2514 1552,2578 1552,2426 1478,2400 1254,2448 1132,2446 1042,2400 878,2452 802,2422 678,2460 556,2424 478,2446"/>
                <Baseline points="489,2505 578,2499 668,2493 757,2487 846,2481 936,2481 1025,2481 1115,2481 1204,2481 1294,2475 1383,2487 1473,2493 1556,2546"/>
                <TextEquiv>
                    <Unicode>Erst- nichts von Vorzung aufgeschwie¬</Unicode>
                </TextEquiv>
            </TextLine>
            <TextLine id="tr_1_tl_24" custom="readingOrder {index:23;}">
                <Coords points="1682,2542 1946,2514 2130,2548 2328,2502 2434,2536 2660,2482 2790,2506 2824,2466 2630,2430 2210,2484 2030,2452 1944,2488 1882,2440 1684,2456"/>
                <Baseline points="1693,2529 1753,2517 1843,2517 1932,2511 2022,2511 2111,2505 2200,2505 2290,2499 2379,2499 2469,2493 2558,2487 2648,2481 2737,2481 2827,2487"/>
                <TextEquiv>
                    <Unicode>sins: in einem Papierdünnen</Unicode>
                </TextEquiv>
            </TextLine>
            <TextLine id="tr_1_tl_25" custom="readingOrder {index:24;}">
                <Coords points="1710,2684 1892,2636 2282,2660 2438,2620 2562,2658 2672,2614 2764,2656 2784,2516 2706,2552 2584,2546 2520,2590 2376,2558 2022,2616 1716,2544"/>
                <Baseline points="1723,2636 1801,2636 1890,2636 1980,2636 2069,2630 2159,2630 2248,2624 2338,2618 2427,2612 2517,2612 2606,2606 2696,2606 2785,2612"/>
                <TextEquiv>
                    <Unicode>Heird kann man denn freilich</Unicode>
                </TextEquiv>
            </TextLine>
            <TextLine id="tr_1_tl_26" custom="readingOrder {index:25;}">
                <Coords points="388,2656 642,2640 776,2686 896,2634 982,2676 1076,2654 1406,2688 1410,2530 1144,2564 932,2540 878,2576 854,2550 788,2608 490,2530 390,2554"/>
                <Baseline points="399,2654 429,2648 518,2636 608,2636 697,2636 787,2636 876,2630 966,2630 1055,2624 1145,2624 1234,2618 1324,2624 1413,2630"/>
                <TextEquiv>
                    <Unicode>Leben uns ihm Dichte gegeben)</Unicode>
                </TextEquiv>
            </TextLine>
            <TextLine id="tr_1_tl_27" custom="readingOrder {index:26;}">
                <Coords points="1700,2730 2524,2682 2762,2744 2834,2738 2836,2680 2712,2632 2550,2664 2060,2646 1894,2688 1784,2654 1700,2692"/>
                <Baseline points="1711,2707 1765,2702 1855,2702 1944,2702 2033,2702 2123,2696 2212,2690 2302,2684 2391,2684 2481,2684 2570,2678 2660,2684 2749,2678 2839,2696"/>
                <TextEquiv>
                    <Unicode>kein großes feuer anmachen.</Unicode>
                </TextEquiv>
            </TextLine>
        </TextRegion>
        <TextRegion id="tr_2" custom="readingOrder {index:1;}">
            <Coords points="3531,486 6054,486 6054,2747 3531,2747"/>
            <TextLine id="tr_2_tl_1" custom="readingOrder {index:0;}">
                <Coords points="5298,544 5620,556 5684,588 5834,592 5936,636 6050,600 6032,464 5918,484 5830,456 5694,482 5560,450 5484,474 5344,434 5296,450"/>
                <Baseline points="5308,536 5398,542 5487,542 5577,542 5666,542 5755,548 5845,548 5934,554 6024,560 6054,560"/>
                <TextEquiv>
                    <Unicode>1 1/2 t.t. 4 1 1 1, 4 1, 1,</Unicode>
                </TextEquiv>
            </TextLine>
            <TextLine id="tr_2_tl_2" custom="readingOrder {index:1;}">
                <Coords points="4886,594 4972,568 5012,594 5050,588 5098,606 5168,552 5220,544 5222,498 5184,500 5138,466 5110,478 5080,454 5044,444 5026,458 5008,444 4970,454 4952,444 4920,466 4888,458"/>
                <Baseline points="4897,548 4986,554 5075,542 5165,548 5225,548"/>
                <TextEquiv>
                    <Unicode>II    "   = =  =</Unicode>
                </TextEquiv>
            </TextLine>
            <TextLine id="tr_2_tl_3" custom="readingOrder {index:2;}">
                <Coords points="3556,984 4162,948 4248,982 4406,936 4568,966 4652,944 4654,878 3558,924"/>
                <Baseline points="3566,978 3584,972 3674,966 3763,960 3853,960 3942,954 4032,954 4121,954 4211,948 4300,942 4390,942 4479,936 4568,936 4658,924"/>
                <TextEquiv>
                    <Unicode>Verstärken Sie des Verhältnis zu</Unicode>
                </TextEquiv>
            </TextLine>
            <TextLine id="tr_2_tl_4" custom="readingOrder {index:3;}">
                <Coords points="3520,1042 3560,1068 3670,1024 3688,1036 3758,1024 3856,1044 3872,1036 3900,1058 3934,1054 3962,1048 3964,982 3920,974 3872,996 3776,1004 3714,980 3674,980 3660,994 3638,976 3610,996 3592,980 3520,996"/>
                <Baseline points="3531,1031 3608,1019 3698,1019 3787,1019 3877,1014 3966,1019"/>
                <TextEquiv>
                    <Unicode>(d. h. determinieren)</Unicode>
                </TextEquiv>
            </TextLine>
            <TextLine id="tr_2_tl_5" custom="readingOrder {index:4;}">
                <Coords points="3556,1118 3756,1102 3888,1136 4088,1072 4432,1082 4560,1050 4628,1076 4646,998 4400,1032 4304,1000 3922,1066 3832,1026 3560,1056"/>
                <Baseline points="3566,1109 3572,1109 3662,1103 3751,1097 3841,1097 3930,1091 4020,1079 4109,1067 4199,1061 4288,1055 4378,1055 4467,1049 4557,1043 4646,1037"/>
                <TextEquiv>
                    <Unicode>den Mädel, so wird es nicht nur</Unicode>
                </TextEquiv>
            </TextLine>
            <TextLine id="tr_2_tl_6" custom="readingOrder {index:5;}">
                <Coords points="3556,1236 3622,1260 3734,1218 3832,1250 3940,1208 4002,1242 4218,1182 4348,1212 4400,1178 4538,1180 4542,1112 4410,1140 4282,1120 4106,1170 3746,1144 3558,1174"/>
                <Baseline points="3566,1228 3650,1222 3739,1210 3829,1204 3918,1198 4008,1198 4097,1192 4187,1181 4276,1175 4366,1175 4455,1169 4545,1163"/>
                <TextEquiv>
                    <Unicode>sich selbst tragen sondern die</Unicode>
                </TextEquiv>
            </TextLine>
            <TextLine id="tr_2_tl_7" custom="readingOrder {index:6;}">
                <Coords points="3566,1376 3710,1382 3874,1334 4036,1372 4108,1328 4184,1346 4474,1290 4682,1322 4686,1244 4532,1224 4300,1266 4244,1224 4166,1280 3964,1240 3790,1314 3572,1292"/>
                <Baseline points="3578,1359 3614,1342 3704,1342 3793,1336 3883,1330 3972,1330 4061,1324 4151,1318 4240,1306 4330,1300 4419,1288 4509,1288 4598,1294 4688,1288"/>
                <TextEquiv>
                    <Unicode>gangen tragischen Eingeständnisse</Unicode>
                </TextEquiv>
            </TextLine>
            <TextLine id="tr_2_tl_8" custom="readingOrder {index:7;}">
                <Coords points="3562,1500 3744,1468 3968,1510 4048,1458 4194,1472 4578,1422 4620,1450 4644,1388 4354,1392 4234,1360 4102,1368 3968,1428 3832,1396 3746,1434 3566,1416"/>
                <Baseline points="3572,1479 3662,1473 3751,1467 3841,1461 3930,1461 4020,1461 4109,1449 4199,1437 4288,1437 4378,1425 4467,1419 4557,1419 4646,1419"/>
                <TextEquiv>
                    <Unicode>und Irrleiche des Ilden werden</Unicode>
                </TextEquiv>
            </TextLine>
            <TextLine id="tr_2_tl_9" custom="readingOrder {index:8;}">
                <Coords points="3586,1620 3722,1638 3758,1676 4162,1586 4576,1570 4682,1606 4710,1528 4318,1532 4236,1564 3662,1534 3590,1560"/>
                <Baseline points="3596,1610 3638,1610 3727,1610 3817,1604 3906,1604 3996,1592 4085,1586 4175,1580 4264,1580 4354,1568 4443,1568 4533,1568 4622,1562 4712,1568"/>
                <TextEquiv>
                    <Unicode>darauf ruhen können, und ganz</Unicode>
                </TextEquiv>
            </TextLine>
            <TextLine id="tr_2_tl_10" custom="readingOrder {index:9;}">
                <Coords points="3584,1794 4140,1760 4310,1718 4426,1756 4494,1716 4598,1728 4604,1636 4516,1680 4400,1664 4328,1694 4162,1664 4094,1702 3948,1676 3750,1730 3588,1722"/>
                <Baseline points="3596,1777 3620,1771 3710,1759 3799,1753 3889,1753 3978,1747 4067,1741 4157,1729 4246,1723 4336,1717 4425,1717 4515,1711 4604,1705"/>
                <TextEquiv>
                    <Unicode>ohne Künstelei. Nur müssen Sie</Unicode>
                </TextEquiv>
            </TextLine>
            <TextLine id="tr_2_tl_11" custom="readingOrder {index:10;}">
                <Coords points="3532,1930 3866,1926 4044,1872 4736,1912 4738,1820 4200,1822 4146,1792 3910,1848 3536,1838"/>
                <Baseline points="3543,1908 3578,1908 3668,1896 3757,1890 3847,1884 3936,1878 4026,1872 4115,1866 4205,1861 4294,1855 4384,1855 4473,1855 4563,1855 4652,1861 4741,1872"/>
                <TextEquiv>
                    <Unicode>sich hüten, das Verhältnis übermäßig</Unicode>
                </TextEquiv>
            </TextLine>
            <TextLine id="tr_2_tl_12" custom="readingOrder {index:11;}">
                <Coords points="3620,2062 3728,2022 3958,2028 4032,2060 4378,2026 4420,2062 4488,2014 4690,2010 4692,1962 4588,1978 4416,1936 4234,2004 4174,1956 3838,1964 3806,1990 3624,1970"/>
                <Baseline points="3632,2033 3710,2022 3799,2022 3889,2022 3978,2022 4067,2016 4157,2016 4246,2016 4336,2010 4425,2004 4515,1998 4604,1998 4694,2004"/>
                <TextEquiv>
                    <Unicode>zu individualisieren; so fern von</Unicode>
                </TextEquiv>
            </TextLine>
            <TextLine id="tr_2_tl_13" custom="readingOrder {index:12;}">
                <Coords points="3628,2160 4372,2142 4456,2190 4570,2152 4572,2078 4474,2068 4358,2104 4262,2072 4184,2114 4088,2116 3986,2074 3932,2098 3828,2068 3628,2110"/>
                <Baseline points="3638,2141 3680,2141 3769,2141 3859,2141 3948,2141 4038,2141 4127,2141 4217,2135 4306,2135 4396,2129 4485,2129 4574,2135"/>
                <TextEquiv>
                    <Unicode>der Amtol-meiner als möglich.</Unicode>
                </TextEquiv>
            </TextLine>
            <TextLine id="tr_2_tl_14" custom="readingOrder {index:13;}">
                <Coords points="3574,2280 3842,2306 4342,2246 4714,2276 4734,2156 4538,2198 3576,2194"/>
                <Baseline points="3584,2260 3662,2260 3751,2260 3841,2266 3930,2260 4020,2254 4109,2254 4199,2248 4288,2248 4378,2242 4467,2242 4557,2248 4646,2242 4736,2248"/>
                <TextEquiv>
                    <Unicode>Manöglich so behandelt mit gesehen</Unicode>
                </TextEquiv>
            </TextLine>
            <TextLine id="tr_2_tl_15" custom="readingOrder {index:14;}">
                <Coords points="3646,2412 3842,2424 3894,2392 4168,2446 4276,2374 4512,2414 4710,2398 4750,2348 4364,2292 4262,2338 4222,2318 4056,2356 3878,2312 3802,2350 3648,2316"/>
                <Baseline points="3656,2391 3680,2391 3769,2391 3859,2385 3948,2385 4038,2385 4127,2379 4217,2373 4306,2373 4396,2373 4485,2379 4574,2373 4664,2373 4753,2373"/>
                <TextEquiv>
                    <Unicode>wie Sie gewöhnlich Nebensigner</Unicode>
                </TextEquiv>
            </TextLine>
            <TextLine id="tr_2_tl_16" custom="readingOrder {index:15;}">
                <Coords points="3580,2556 3828,2494 3880,2520 4246,2512 4328,2480 4754,2510 4754,2450 4598,2430 4486,2454 4264,2424 4102,2470 4012,2426 3840,2472 3668,2426 3582,2470"/>
                <Baseline points="3590,2517 3596,2523 3686,2505 3775,2499 3865,2493 3954,2493 4044,2487 4133,2487 4223,2487 4312,2481 4401,2481 4491,2487 4580,2475 4670,2481 4759,2487"/>
                <TextEquiv>
                    <Unicode>schen: mit einer schrieben geringeren</Unicode>
                </TextEquiv>
            </TextLine>
            <TextLine id="tr_2_tl_17" custom="readingOrder {index:16;}">
                <Coords points="3620,2652 3918,2608 4268,2646 4330,2612 4500,2630 4606,2592 4680,2618 4714,2606 4716,2554 4344,2530 4116,2562 4032,2538 3926,2576 3818,2538 3622,2564"/>
                <Baseline points="3632,2612 3644,2612 3733,2612 3823,2606 3912,2606 4002,2606 4091,2606 4181,2600 4270,2600 4360,2594 4449,2594 4539,2588 4628,2588 4718,2588"/>
                <TextEquiv>
                    <Unicode>Liebe, die aber zuträglicher ist und</Unicode>
                </TextEquiv>
            </TextLine>
            <TextLine id="tr_2_tl_18" custom="readingOrder {index:17;}">
                <Coords points="4408,2706 4422,2708 4472,2680 4494,2682 4514,2666 4548,2686 4596,2676 4690,2682 4696,2624 4664,2616 4642,2596 4562,2628 4514,2626 4484,2648 4416,2624"/>
                <Baseline points="4419,2702 4509,2666 4598,2666 4688,2666 4694,2666"/>
                <TextEquiv>
                    <Unicode>und das</Unicode>
                </TextEquiv>
            </TextLine>
            <TextLine id="tr_2_tl_19" custom="readingOrder {index:18;}">
                <Coords points="3590,2750 3654,2758 3750,2714 3872,2762 4118,2698 4220,2714 4270,2754 4414,2726 4414,2630 4384,2624 4210,2672 4122,2648 3976,2672 3870,2628 3784,2658 3592,2652"/>
                <Baseline points="3602,2702 3638,2696 3727,2707 3817,2713 3906,2713 4000,2715 4000,2715 4061,2696 4151,2696 4240,2696 4330,2696 4419,2702"/>
                <TextEquiv>
                    <Unicode>mehr Leben giebt. Nächst</Unicode>
                </TextEquiv>
            </TextLine>
            <TextLine id="tr_2_tl_20" custom="readingOrder {index:19;}">
                <Coords points="4420,2766 4458,2774 4518,2768 4542,2780 4566,2772 4582,2782 4614,2772 4596,2674 4580,2684 4562,2678 4550,2686 4530,2672 4526,2678 4506,2670 4494,2684 4464,2682 4448,2696 4418,2682 4406,2690"/>
                <Baseline points="4419,2702 4509,2725 4598,2737 4610,2731"/>
                <TextEquiv>
                    <Unicode>juzo.</Unicode>
                </TextEquiv>
            </TextLine>
        </TextRegion>
    </Page>
</PcGts>
