7761 3657
1136 328 1574 549 Votre très de l'auteur, ainsi
1687 373 2749 543 1 1/2 1/4 „ „ 9 „ 4 „ 5 „ — „
516 370 698 552 "    "
2146 721 3035 957 lieber Arthär. P. I. III
1368 704 1768 900 Freitag, abend.
859 793 1765 1046 Lieber Arthur! 11/4 93
1965 888 3002 1043 Bahn stellte mir zu meiner Freude.
790 957 1714 1124 Ich finde das Benehmen des Fels nicht
1977 993 3068 1166 folgenden Antrag: er sei in Stande
617 1076 1628 1195 recht verständlich. Ich habe die ganze
1980 1103 3074 1279 und gern bereit, fals von Anfang
611 1133 1768 1285 Geschichte sogleich an J. J. David geschrieben,
647 1225 1765 1353 und von seiner größeren Rautine in Journal -
1965 1198 3089 1401 März an mit einem Gehalt von
617 1297 1786 1431 sachen einen Rath erbeten. Es antwortet mir er kann
1980 1365 3056 1535 100 fl in der deutschen Zeitung.
629 1362 1753 1506 nichts thuen, ist übrigens durch das „frevelhaften“
635 1458 1625 1595 Willchweigen des Fels vollkommen
2015 1491 3103 1652 als Redacteur unterzubringen.
638 1520 1756 1687 disgustiert“. Heute Nacht spreche ich Bahr
1959 1613 3071 1777 Er handelt sich nur um Fähigkeit
629 1637 1678 1750 und schreibe Ihnen contumatisch das
647 1729 960 1863 Resultat.
2012 1735 3080 1899 und bereitwilligkeit. Driten
647 1810 1628 1950 Ich werde mit meinem Einunter
2048 1878 3071 2003 Personen wurden Sie ist vorläufig.
641 1896 1634 2042 Sonntag fertig und möchte daß wir
641 1991 1732 2126 den Nachmittag 4 - 9 miteinander
2009 1980 2886 2144 ebensowenig erzählen, wie ich!
626 2084 1699 2215 verbringen, Land oder Stadt, damit
2030 2084 3020 2287 falls wir Sonntag bei Ihnen
638 2188 1717 2334 ich ihn vorlesen kann, natürlich nur
2060 2239 3136 2424 Zusammenkommen, zu welchem
665 2251 1789 2409 unter uns 5 (die hex mitgerechnet).
647 2370 1714 2516 Bei dieser Gelegenheit besprechen wir
680 2463 1798 2632 wohl am besten daß unmittelbar
3736 382 4421 555 1 1 „ „ 4 „ —„ — „
5319 385 7241 566 1 1 1 7 1 1 1 „ „ 9 „ 4 „ — „ 5 „
5119 674 7385 814 Zweck ich wenigstens vorläufig eine Einladung abgelehnt
5098 808 7486 975 habe, seien Sie doch sagt, Robert Ehrhardt (V. Siebenbrunnh, 29)
5098 927 7337 1085 ausdrücklich einzuladen. Er geht der Trauer wegen fast nicht
3819 996 4809 1145 möthige in der ekelhaften obigen
3807 1076 4102 1231 Affaire.
5056 1100 7039 1261 in Gesellschaft und würde gewiss gern kommen.
3891 1195 4323 1410 Ihr Zugo
5107 1258 5638 1452 Herzlichst Ihr
5793 1339 6061 1544 Loris
5032 1491 7265 1699 Ich denke sehr oft an die Navelle von Weiben und möchte viel
5065 1687 7265 1807 mehr davon reden, als geschicht. Sie haben was gegen die
5062 1783 7459 1962 Geschichte. Wenigstens scheinen sie sie todtschweigen zu wollen.
