6418 3721
1650 880 2638 1040 aber möglich) sollt Ihr meine
450 908 1382 1114 Gedanken so spielend, wie mit
1658 988 2626 1132 vielen Notizen auf Zetteln
480 1018 1454 1180 Spielereien die noch in der Schachtel
1658 1134 2700 1278 Freund geben, in Gedankengruppen
460 1166 1436 1304 sind. (’t kränkt mich, daß wir
482 1274 1456 1470 Sr. Richard nicht schreibt. Seit 6
1658 1264 2790 1426 geordnet, mit einem sehr einfachen,
1662 1418 2628 1566 die Affociationen aufdeckenden
470 1410 1468 1610 Wochen hat er mir einen Brief
1674 1542 2698 1724 Commontar, dem mein Gedanken
442 1622 1458 1774 Geschrieben, obwohl er meist, daß ich
1682 1692 2722 1846 Jahören alle zusammen, weil ich von
470 1742 1564 1922 ein kindische Freude ober jeden Brief.
1676 1820 2668 1996 der Einheit die Welt sehr stark
434 1906 1520 2084 hab, und hier wirklich wenig habe.
1688 1944 2750 2110 Durchdrungen bin. Ich glaub sogar
506 2084 1472 2254 was mir freud macht. Sonntag
1700 2096 2722 2238 wie Dichter ist eben ein Mensch,
492 2224 1502 2412 ist das kennen. Wenn ich in
1700 2236 2806 2404 Am in guter Stunde die Gedanken
538 2364 1556 2494 der Bretternen hieflieg und mir
1712 2372 2846 2558 ausgehen“, wie man beim Patiancolegen
2176 2520 2860 2684 Am 15ten iß Abwertigung
526 2500 1556 2696 Das Genick brech (unrehrscheinlich,
1728 2534 1958 2696 sagt.
5206 408 5414 610 Votre
5590 452 5774 606 : 1 1/2
4210 778 5342 950 noch Zuain, dann Stockerau etc. etc.
4198 926 5270 1074 Bitte also Briefe vom 14ten an mich
4228 1052 5374 1218 Wien richten, von wo sie nachgeschickt
4246 1234 4438 1324 werden.
4292 1276 4744 1470 Auf Wiederschen!
4842 1448 5060 1596 huge.
4298 1560 5316 1768 Bitte können Sie in Erfahrung bringen 8
4304 1708 5224 1896 Dr. Manneth nicht mehr bei der
4322 1864 5220 2032 Frankf. ist, oder beurlaubt?
4324 2004 4990 2150 uns mir das schreiben?
