6418 3721
1588 1001 2867 1203 Heute nachmittag geh ich auf Patronille
144 1028 1402 1217 Frauen in allen Stationen, mit den plötzlichen
156 1184 1511 1317 Duckel- und Baltwerden, in den kleinen Juniel
1659 1191 2929 1338 und bleib über Nacht aus. Morgen wenn
161 1298 1368 1440 und gleich darauf den Formlosen von nichts
1610 1349 2959 1487 ich zurückkommen uns gebadet hab, wird der
145 1409 1402 1532 wissenden Bauernhäuser und kleinen Gärten,
1665 1478 2992 1634 Pan daliegen, den mir der Salten geschickt hat.
180 1572 1362 1700 die Ende mehr die Stunden langen Gespräche in
1629 1645 2947 1776 An solcher kleinen Freuden bringe ich mich
178 1672 1413 1833 der Nacht im Regen, im Wald und auf der
1641 1738 2974 1927 wir den Springstöcken von Stein zu Stein.
197 1797 1485 1951 weißen nasse Landstraße mir Edger im
197 1944 1470 2062 der so starke aufgeregte Fühlen von sein und
1648 1904 2339 2046 über diese Öde hinüber.
1612 2048 3000 2181 Adieu, schreiben Sie und Richard mir doch bald.
197 2086 1004 2214 Arrincen Leben seit in einem.
187 2207 1444 2332 Als ein besonders merkwürdiger Tag erscheint
187 2322 1433 2457 Mit der, das wir mit Goldmann vor seiner
2199 2294 2476 2481 Sügo.
190 2429 1498 2569 Abreise grieß beim Leopold waren uns dann ein
187 2562 1498 2699 großes Gewitter gekommen ist. Ich kann aber
209 2687 843 2834 nicht finden, warum.
5381 407 5640 547 1 1/4
4905 848 5398 1072 Göding 9. August
5015 1040 5279 1271 As
4283 1115 4647 1267 liebe Arthur
4264 1260 5382 1430 es ist doch sehr merkwürdig, so weider
4252 1397 5318 1556 seine Matur zu leben, wie ich
4300 1508 5424 1660 es jetzt thut, unter Menschen, den
4278 1657 5227 1806 jeder Antheil schon fast wie
4318 1778 5287 1927 Affectation erscheint. Ich bin
4292 1911 5346 2097 bezierig, wie ich das sehen werde,
4318 2083 5350 2233 wenn ich von dem unmittelbaren
4332 2187 5363 2349 Zwang befreit bin. Euch vermuthe
4345 2316 5365 2502 ich mit den dänischen Buchten und
4366 2493 5365 2638 der Münchener Bilderausstellung in
