7104 3641
1114 448 2170 574 1 1/2 r, p, v, r, 1 1 f, g, 1
500 404 690 610 „ „
2794 428 2944 566 V. P.
866 418 1024 604 „
1724 640 2356 834 Dienstag 11 Uhr mehr
870 698 1182 882 29.2.92
950 788 2136 950 Wenn Sie sich die Duse nicht ansehen,
966 852 2250 1058 Wenn auch auf der letzten Gallerie und
958 980 2100 1166 stehend, versinnen Sie mehr, als
1032 1108 1970 1262 Sie sich vorstellen können.
1654 1212 1968 1424 Loris,
996 1368 2236 1548 Ich gehe zu Nera und Bernarde
1026 1468 2052 1684 Alles andere ersetzt gleichgültig.
1780 1820 2294 1944 Mit mäs 92 Donnerstag.
1216 1910 2246 2044 Thatsachen. 1) Frl. herzfeld sagt mir, daß die Perne von
954 1906 1214 2092 The
1240 1992 2232 2098 Fried in jeder Beziehung recht zu nehmen ist: 2.) Wegen
1016 2048 2272 2180 Schnungkopfs Empfehlung an Bonz müssen wir noch sprechen.
980 2130 2156 2250 3.) dem Biraten werde ich so bald als möglich 10 fl. schicken.
984 2190 2230 2346 4.) Wär' es nicht möglich, dass ich Sonntag um 4 zu
1002 2296 2226 2430 Ihnen komme, daß auf Salten bestimmt kommt
0 2418 92 2666 ein
990 2368 2092 2526 und daß ich sich damit vorlesen, was ich zum Druck
968 2458 2304 2606 versprochen habe, aber nicht gern ohne Euch sortschicken möchte;
974 2566 2300 2728 wenn nicht Sonntag, so machen Sie einen anderen Vorschlag
0 2656 94 2924 E. F.
1518 2654 1886 2796 Herzlichst  Loris
978 2704 1466 2842 Beiligend, denke, Stützsche.
6146 424 6966 560 1 1/2 1/4 tj. p. a. 4, p. 1, 7, 4, r.
4794 418 5638 602 1 1/2 1/4 „ „ —„ 1„ — „ 1 „ 4 „
4302 674 4850 902 Edle Freund.
4316 842 5568 1028 Ich bin für morgen zu Tisch geladen. Es ist
4428 956 5590 1110 also wieder nichts. Herr Böbsche hat mir
4428 1060 5688 1216 Das Kind gerne Rynleikt, natürlich mit
4422 1196 5084 1324 ligen sehr artigen Brief.
4636 1302 5124 1440 Auf Wiederschen
5382 1252 5752 1436 26/23
5080 1364 5302 1486 Loris.
4472 1398 4760 1594 Samstag.
4668 1678 4976 1822 Lieber Freund,
4596 1728 5470 1880 Das erstemal schreibe ich einen Brief an Sie.
4596 1844 5496 1968 ängstlich. Ich muss nämlich sehr unartig sein,
4608 1916 5344 2038 Verzeihen Sie, bitten. König, dem ich
4632 1988 5452 2122 irgend einen Sonntag nach Purkersdorf
4644 2082 5296 2184 Zu kommen versprochen hatte.
4580 2136 5482 2292 reist Montag nach Graz, Prag, Markum
4636 2230 5360 2342 etc. und will mich absolut.
4608 2298 5340 2428 morgen draisen haben. Bitte
4584 2378 5392 2504 bedenken Sie also, daß Reinz für
4602 2456 5428 2584 mich dasselbe vorstellt, wie Reicher
4594 2532 5380 2672 für Sie und entschuldigen Sie.
4602 2610 5404 2744 diesen Eingriff der Außendungen
4632 2684 5446 2842 in das Unsere. Ich kommen
4626 2784 5422 2958 vielleicht Montag zu Thun und mir
4644 2888 5470 3024 verabreden gleich irgend eine Stunde.
4632 2986 4804 3124 19/5 91
4798 2990 5098 3138 Inzlichst No
4574 3090 5100 3222 Bitte mich Salter grüßen u
5122 3054 5474 3202 dentschuldigen
