7104 3641
2599 432 3403 595 1 1 „ „ 9 „ — „ 4 „ 5 „ 50
1007 434 1262 567 Votre très- ja l'imme.
575 422 795 593 1m.3
2210 1182 2365 1344 1844
960 1193 1405 1395 Geschätzter hier
1007 1341 1197 1423 c. c.
1790 1309 2267 1448 er natürlich in der
905 1348 1655 1509 Dienstag um 12 Uhr bin.
917 1415 2271 1607 Schule, dem mache ich laufgeben und von die 4.
917 1543 2120 1717 habe ich deutschstunde. Aber Mittwoch
942 1635 2336 1837 mögte? und Hotel Kummer kommen können.
936 1749 2287 1900 Wenn Sie mir nicht mehr unter orten, betrachte
1087 1857 2302 2002 chen Antrag als abgelehnt und kommen erst
972 1955 2400 2163 Freitag 2 Uhr zu Beraton fitzen. Lorisa
6828 428 6995 579 1,11
5933 455 6738 587 1 1 r, 1 J, v, r, 7, 1, 4, 4 f. 1, 5,
3898 398 5533 610 1 1 1/2 1/4 4. 4. 9. 4, 4. 5. 4 1. 4 Uhr, 1. 3. 4 fl.
5649 467 5815 583 1)1) „
6805 563 6960 620 zog
5472 663 5751 832 12/22
4940 746 5307 897 Thatsachen:
4628 844 5668 1013 „Bitte adressieren Sie den beiliegenden Misch
4583 940 5617 1101 an Herrn Lothar und schicken Sie ihn weg;
4559 1044 5552 1197 2.) Maaterlinck hat mich zur Übersetzung
4665 1160 5262 1297 Ereundlichst autorisirt.
4571 1219 5666 1429 3.) Die Empfehlung an die Palmay habe ich verlangt
4608 1337 5619 1480 und werde sie Bahr nächstens schicken.
4571 1441 5674 1598 4.) Vielleicht könnte Katka die ersten Viertel¬
4648 1515 5615 1688 jahresbeiträge rasch einkassieren und unß
4712 1602 5690 1782 gegen Garantie durch persönliche Unterschrift
4813 1662 5764 1863 leihen. Dort waren doch vielleicht 200 fl
4642 1786 5706 1969 5.) Suchen Sie Bauer gegenüber unß wichtig
4765 1849 5698 2014 und erst zu machen um trachten
4763 1947 5749 2102 Sie, daß erste Heft möglichst bald erscheint.
4750 2033 5672 2204 An die Première: Eulda »Schwein«,
4773 2133 5664 2328 Griselidis. und Schlesinger "Derby"
4758 2253 5676 2416 lässt sich Künstlerisch und social.
4763 2381 5439 2520 uendlich viel anhängen
5372 2424 5578 2583 Loris
