7071 3705
2356 432 2518 598 G.C.F.P.
320 362 1068 636 Monsieur M. G. A.C.U.R.
2616 446 3146 592 1 1/2 1 1 1 4 1 1 7 1
1758 458 2110 574 18 /
1584 988 2468 1242 lieber Arthur: Zt. Mauburg.
1494 1182 2412 1332 Die Empfehlung Engländers sehr gern
1304 1280 2410 1432 beim nächsten Zusammentreffen mit Beyern
1296 1368 2244 1482 und für eine Arbeit ist es dann?
1304 1476 2474 1610 Über fals höre ich unbestimmt erschreckendes;
1296 1574 2380 1708 ich werde Ihnen in den nächsten Tagen
1316 1686 2376 1802 dres schicken, eventuell ein hans
1334 1776 2374 1902 Freunde ohne Namennennung um
1316 1868 2308 1988 Mithilfe bitten; sagen Sie wird och,
1310 1956 2292 2102 uns recht ist. Familie?!!
1298 2060 2382 2198 (in herausgegriffenes Kapitel aus
1388 2168 2298 2286 den „Kind“ hat mir einen
1292 2254 2432 2390 stärken Eindruck gemacht; ich freie mich
1298 2362 2026 2506 sehr auf die Vollendung.
1310 2462 2320 2624 Das Exemplar sie die akademischen
1352 2552 2248 2716 Vereinigung schicken Sie am
1316 2682 2388 2824 tactvollsten in das Hötel Mandel
4882 448 5092 578 1:1:
4656 834 5798 980 mit der Weisung, es am Samstag¬
4710 952 5540 1062 abend dem Präsidenten
4710 1054 5080 1168 zu übergeben.
4722 1106 5822 1272 der klein Teltuch möchte auch
4672 1236 5782 1376 sern eins haben. Vor einer Woche.
4686 1330 5828 1464 hat mir eine Russin, mein Sonper nach¬
4698 1440 5768 1556 burin, sehr von den „proverbes de ce
4698 1538 5672 1654 monsieur, qui est en même temps
4704 1636 5684 1760 médecin, geschwernet.
4704 1744 5856 1876 Wann soll dem halben fortkommen?
4758 1880 5098 2052 herzlichst
5056 2082 5510 2200 Loris
