5525 3642
1507 362 1743 522 G.C.F.P.
1056 856 2176 1019 Salzburg Bad-Fusch, 19.III.93
1102 988 1562 1172 lieber Arthur!
1053 1092 2210 1277 Richards Bericht von dem Abschiedssorger
1019 1215 2142 1363 war recht unerfreulich; er scheint mit
1037 1307 2121 1467 der gewissen Hellsichtigkeit der Autoren
1046 1393 2121 1590 jede Mück als Elefanten empfunden.
1053 1541 2188 1685 Zu haben; wie es wirklich war, weiß
1074 1651 2105 1807 ich natürlich nicht, jedenfalls ist
1040 1761 2237 1924 die überaus freundliche, gewissermaßen
1062 1872 2216 2041 respectvolle Notiz in der „Neuen Freien“
1046 2004 2074 2173 Presse sehr erfreulich und nützt
1046 2121 2231 2286 10mal mehr als die Aufführung selbst
1028 2234 2056 2400 So wird im ganzen dieser Einbruch von
1053 2357 2124 2513 äußerem Leben in Ihr inneres keine
1022 2461 2117 2648 schlechte Laune zurückgelassen haben.
4299 374 4646 543 G.C.H.F.P.
5174 368 5383 516 - 1 - 1
4760 666 5054 838 Producte der
4244 767 5456 924 wie völlig sich des jüngsten Strömungen,
3044 783 4063 911 Ich freue mich schon recht sehr auf
4281 850 5490 1013 in dem ich ja auch mit einer Fußespitze
3041 856 3676 1013 die Pacallil-novelle:
3038 964 5505 1102 Mein Leben verstreicht ziemlich nichtssagend, stehe, der Romantik als Kugelspiegel.
3035 1062 4266 1228 mit langsam längsam inneren Wohlbefinden.
4305 1086 5508 1261 bild, halb verschrumpft halb aufgedürfen,
3056 1178 4177 1316 Von Krobl hoffe ich manches Schöne:
4312 1212 4852 1332 gegenüberstellen.
3069 1277 4158 1412 Sonne und Mond am Wasser, Segeln,
4287 1274 5416 1421 Ich habe mir sehr viel abzugewöhnen,
3060 1390 4143 1522 kindlich lärmende Vergnügungen,
4299 1393 5232 1525 aber es sind wenigstens lauter
4318 1473 5036 1614 echte Dichterkrankheiten
3069 1470 4100 1645 Richard, auch Schwarzkopf; mir
4376 1568 5472 1706 Mir scheint, der Satz klingt maßlos
3038 1583 3514 1715 Sie gar nicht?
3050 1666 4189 1835 Ich lese mit lebhaftestem Interesse
4278 1669 5235 1835 arrogant; lesen Sie ihn nicht so.
3063 1780 4158 1939 die „Hauptströmungen“ von Brandes
4262 1783 5337 1930 Sr müssen wir einen handgreiflichen
3069 1903 4005 2062 unendlich vieles aus der 1ten
4293 1881 5260 2053 Gefallen thuen: ich bin mit
4287 1992 5352 2170 Bahn verabredet, Ende Juli nach
3063 2016 4118 2191 Hälfte des Säculums besitzt im
4281 2105 5367 2274 München zu gehen; mir paß 24.
3069 2145 4112 2295 zweiten ein Gegenbild, manches
4299 2219 5257 2366 (wentuell 25.) bis 1. August;
3035 2246 4088 2430 ein Carricatur; namentlich sehe
4275 2326 5453 2489 seit 14 Tagen beantwortet Bahr keinen
3063 2387 4158 2550 ich mit halb schauwenden Staunen
4315 2461 5373 2645 Brief. Ich muß aber doch endlich wissen,
