6469 3722
412 856 1588 972 nicht bös, aber ich bin sicher wie wieder uns
406 934 1584 1060 schrecklich mevörs machen und beinahe Preite, die
400 998 1596 1154 wie noch so gute, gleichquartete männliche
394 1072 1604 1210 Naturan haben nicht die Großer nett neben einander
1430 1154 1608 1268 gehen
416 1186 1280 1282 wenn zwischen ihnen etwas Fall
430 1238 1566 1362 beunruhigend herumwimmels. Deswegen
404 1302 1608 1454 nerden Sie doch herkommen, schon allein
412 1380 1614 1512 um Zase jugendliche Behauptung ein „Salbmehr“ zu vindenen
448 1468 1590 1590 wozu Sie ja durch Ihre oftbesprochene Überschätzung
430 1564 1590 1648 der weiblichen Individualitäten so geeignet seit.
416 1598 1636 1748 Glücklich der, welcher unstande ist, Gestalten
434 1670 1628 1844 zu schaffen, an die er glaubt, dann lassen Sie sich nur
446 1770 1624 1900 sondern glauben Sie ruhig weiter, auf das hatgen,
454 1840 1598 1956 Wirkliche Kommts nicht in, denn vielleicht geistiert es zur
1456 1910 1624 1986 nicht.
430 1906 1624 2084 Ich glaube, wir brauchen Sie darüber
418 2008 1508 2166 Licht aufzuklären, Sie haben ein so starkes Wahr¬
470 2104 1508 2244 daß Sie auch den dreifachen Sinn dieser
484 2188 1620 2322 Briefes erkannt haben werden, worüber bin
478 2254 1626 2402 müssens in Wien mir (mir hier)
490 2366 1362 2498 Auskunft geben können.
786 2452 1252 2624 Herzlich
1222 2514 1498 2670 fuyd.
5116 996 5420 1114 Donnerstag
4892 1028 5204 1212 20/2 96
4294 1066 4648 1226 lieber Arthur!
4308 1224 5310 1358 mir ist schrecklich leid, ich bin nicht frei,
4308 1366 5358 1488 ganz gesfält ich! wenn Sie mir's nur
4296 1510 5268 1646 2 Tage früher gesagt hätten! Soll ich
4308 1670 5388 1792 nach 11 noch kommen, oder ist es ihnen
4290 1804 4642 1932 gleichgültig?
4616 1944 4924 2140 Ihr Heyr.
