5525 3642
1838 347 2369 540 u. wärztigen wäre, wurde sie von ihm, als
658 369 1468 595 mon cher confrère,
306 576 2521 738 Monsieur Richard Mandl a bien fait de vous transmettre
342 708 2518 915 l'expression de la sincère et confraternelle admiration.
342 893 2256 1083 Avec laquelle nous avons accueilli vos vers
336 1041 1135 1220 naïfs et charmants.
317 1174 2480 1378 Réunis en un petit groupe d'artistes assez défiants
386 1333 2237 1521 et assez hautains, nous avions tous l'envie
402 1479 2386 1634 de vous serrer la main et de vous dire, combien
350 1639 2364 1769 vous nous sembliez poète, vrai poëte, n'are poèté.
331 1741 2273 1940 Le volume que vous me faites espérer, ne pourra
317 1901 2237 2072 trouver nulle part des lecteurs mieux disposés à
311 2094 2303 2240 en subir tout le charme, à en goûter les délicates
322 2210 989 2378 et frêles beautés.
331 2369 2455 2554 Agréez, monsieur, l'amerance de ma sympathie
347 2532 1551 2711 littéraire la plus marquée.
328 2953 747 3196 Vienne, le
3681 788 3904 1014 53
3154 763 3570 1036 lieber Arther!
4367 879 5199 1146 lieber Arkeir 12
3124 978 3978 1143 Der arme Rudolf Schnizk
4350 1063 5119 1223 Da h. D. kopsschon
3135 1108 3929 1284 ist heute früh in Meran.
4358 1171 5122 1311 einmal wisiert habe.
3154 1215 3821 1389 gestorben. Gustav
4356 1254 5268 1441 fahre ich trotz des regnerischen
3149 1375 3912 1535 begrübt ihn dort. Max
4391 1394 5111 1548 Wetters doch hinaus.
3165 1477 3827 1670 ist hier. Es ist sehr
4513 1493 4896 1700 Servus
3223 1601 3557 1785 tömirig.
4799 1664 5138 1868 Louis.
3416 1777 3672 2017 Zugr.
