7075 3706
1940 441 3122 591 1 1 1/2 1/4 a.t. 4 1/1 a.m. t. p. m. a. w.
716 397 1263 585 Vouluur, jusqu'au moins de l'a-
192 451 376 614 1 1 1/2
6528 451 6863 591 [incompréhensible]
3745 430 4173 618 Votre très-cié-à-t-dire
4363 405 4530 568 12/1 "
4697 413 6240 593 1 1/2 1/4 „ „ 9 „ 4 „ — „ 5 „
4565 1061 5457 1213 Daß Sie mich überhaupt noch
4570 1149 5645 1312 grüßen lassen, ist wirklich hübsch
4574 1247 5553 1410 von Ihnen. Der Anfang von
4586 1339 5674 1527 Reichhum“ scheint mir mit seiner
4563 1479 5551 1644 Mürchenstimmung und seinen
4563 1579 5722 1765 unwahrscheinlichen Aristokratennamen
4555 1685 5695 1890 eines phantastisches, arnimestes
4592 1869 5585 2022 zu versprechen. Dann wäre
4590 1974 5465 2116 es mir doch gelt sympathisch
4605 2088 5584 2247 Aber - es wird doch nicht
4599 2208 5605 2383 vielleicht eine soziale lavelle
4590 2318 5685 2485 werden wollen? Ich hoffe,
4613 2444 5622 2623 Sie und Hoffmann werden.
4613 2608 5605 2728 mir über die ersten 8 Tage in
