7118 3705
680 456 3336 575 1 1/2 0/0 4 1 1/0 1/4 4 1/10 „ 4,7„ 4.„ 1,7.
1011 892 2104 1126 wie im Neue aus seinem Leben
1034 1050 2077 1242 Kervortritt nur wieder hinein gehs,
1070 1238 1463 1374 ist sehr schön.
1040 1275 2087 1516 Über meinen augenblicklichen Zustand
1093 1423 2061 1622 will ich lieber nichts erzählen: die
1103 1526 2061 1717 Statin ist von einer teuflischen
1090 1622 2196 1873 häßlichkeit, die Menschen nicht recht
1103 1744 2114 1965 erfreulich, das Wetter fortmährend
1090 1859 2094 2084 elend. Ich habe einige Bändchen
1179 1978 2140 2196 Blaten mit, auch den Pindas
1090 2067 2183 2285 und den unerschöpflichen ersten Band
1156 2196 2226 2444 von Goethe: die Lieder, die Elegien, und
1166 2322 2232 2533 die Sprüche. Ich freut mich im Stellen
1156 2447 2226 2635 (wan auch mit Zweifeln) Ihr neues
1189 2523 2226 2738 Stick noch im Juni, bei der Trei zu
1555 2622 2133 2817 herzlich Ihr hier.
1199 2711 1367 2857 könne.
5528 443 7021 647 1 1 1/2 1/4 nouveau l'étrang, 3 0/0, rue 4, 4, r. 4, à 1/0. rue 3/4; 4, 3, 4; rue, 4 de 1, 0/4, r, à 5, à 4,
4432 1275 5769 1562 Bahr vohnt Heumarkt 9, 3 Stiege, 5. Bek.
4515 1486 5637 1707 Thier 37 kommt aber, wenn die Aus¬
4491 1658 5657 1826 nichts anderes schreiben, ebenso vil
4481 1747 5476 1968 ich Sonntag um 5 zu einer.
5129 1853 5370 2071 Loris,
