7075 3706
520 444 1756 591 1 „ „ 4 „ 9 „ 5 „ —: 4, 4,
981 939 1954 1093 Wien hinweghelsen; vorläufig
1010 1049 1962 1223 kann ich mir das Aufhören
990 1174 2057 1373 oder das Ertrag in des Ausshorens
1015 1369 1566 1514 nicht vorstellen.
1367 1476 1655 1691 Herzlich
1602 1638 1918 1871 Loris.
1044 1906 1826 2102 9.II in Tegelboot.
1001 2070 1178 2249 91
3957 426 5357 578 1 1 1 1/2 1/4 a.t. p.p. v. 1 J. m. a. aj. g. 4 p. 1 4. 4. 1.
6060 450 6882 569 1 1 1/2 1/4 4 1 4 4 4 f 4 1 1 1 4 1
2895 439 3157 560 1 1/1 1 1
6331 733 6519 896 femme
4485 881 5805 1205 Lieber Arthur & Mitrich
4407 1120 5865 1358 Ich schreiben zufällig an Richard
4438 1239 5791 1454 Schreibtisch, das macht aber
4438 1378 5847 1584 nichts. Ich möchte Ihnen nämlich
4458 1506 5822 1651 etwas sagen; wir sollten doch
4434 1615 5749 1748 einmal wieder ein bisschen unter
4429 1705 5836 1857 und zusammenkommen. Robert Ehrhardt
4469 1819 5858 1960 und Paul Horn und alle sind
4449 1924 5865 2121 ja jeder in seiner Art sehr mit
4436 2023 5827 2214 aber immer daß vergröbert und
4452 2177 5887 2335 incanailliert untergemäß Thema
4481 2292 5841 2494 und Ton. Ich gehe deshalb nicht zu
