6418 3721
1225 373 1396 594 „ „
2073 433 2733 563 1 1/4 „ „ —: 4: —: — „: —„
2857 431 3061 583 V.
198 870 1633 1110 L'œur aufgenommen. Wir verw.
1756 1005 2460 1146 mein lieber Urthur
1070 1032 1433 1157 Mr Diensley.
262 1064 528 1175 mein lieber
704 1034 889 1210 68
1770 966 3066 1244 Ich bin schon wieder außer Bett, nur
246 1146 1460 1314 Wenn es morgen so häßlich ist wie heut, so
1747 1216 3098 1380 noch recht müde. Ich hoffe bestimmt,
333 1280 1476 1437 Könne ich doch zu ihnen, etwa gegen 6
1766 1337 2964 1544 Daß wir den Nachmittag und Abend von
287 1408 1512 1542 Uhr und wir verbringen dann den Nachmittag
1772 1520 3020 1693 nieuwe der feiertige endlich wieder
280 1561 711 1692 zusammen ja?
1294 1537 1469 1734 25/9
815 1638 1050 1804 Krye
1756 1635 3114 1836 einmal zusammen verbringen werden.
1738 1806 2916 2009 Bitte lassen Sie mich Ihre Absichten
1756 1993 1995 2144 wissen.
1968 2069 2909 2308 Von Herzen H. 11/4 95
351 2586 1563 2781 Die wärtige verlehrung
4251 419 4790 608 G.C.R.M. Nr. 1 1/1 4.
4424 843 5413 1070 f G 3/6 Hiev, Sonntag abend
4902 971 5451 1168 Adressen? Der Wien
4323 1059 4652 1173 lieber Arthur!
4282 1160 5317 1317 Das war so freundlich von Ihnen mir die 2
4299 1291 5340 1451 französischen Zeitungen zu schicken, in
4294 1438 5353 1608 meiner öden Epistenz macht mir so etwas
4264 1588 5385 1750 solche Freude. - Ich bin erster heute früh
4303 1722 5396 1905 angekommen, weil gestern Nachleibung
4330 1856 5339 2023 vor. Freit sind Ti, ein Land und
4301 2036 5307 2184 so wird ich Sie nicht mehr schon bis
4305 2184 5387 2330 zum Verbste, ich freu auch sehr auf
4335 2314 5426 2478 den Herbst. Leben Sie wohl und denken
4342 2449 5388 2622 Sie, dass mich Briefe noch nie so gefreut
4337 2590 5249 2738 haben. herzlich Ihr zuge¬
