6864 3721
754 866 2166 1121 mir mit ihm und Hirschfeld. Lehn
788 1073 2150 1257 ist ein überaus guter und angenehmer
882 1169 2233 1365 Umsch; es muss von solchen Menschen
861 1310 2207 1506 wohl zu nicht so wenige geben und
854 1455 2143 1667 wir sind manchent zuschr zeigt,
861 1572 2296 1750 diejenigen, die zur Zufällig nicht kenne,
800 1692 2086 1943 abzulügnen. Wie sind überhaupt¬
895 1802 2301 2004 sehr verbaut. Wir haben aber vielleicht
907 2000 1740 2155 doch ein bisher Talent.
929 2077 2253 2289 Leben Sie weiter wohl und erstumm,
897 2237 2139 2422 uns bald durch werkwürdige Hühe
1472 2362 1941 2590 Ihr seye.
4672 371 5768 542 1 7 „ „ — „ 4 „ 1 1 1 „ 9 „
3617 378 3877 635 "    "  "
4970 857 5585 1130 Sonntag 13/6 91
4553 1002 4729 1210 F
4594 1171 5096 1332 liebe Arthur!
4447 1308 5535 1540 ich fuhre wegen vielerlei Gründen
4458 1463 5602 1684 (hauptsächlich Reise vom Arbeiten)
4476 1660 5374 1861 schon heute wieder in die
4520 1811 5658 2030 Bruhl. Adresse Gichthüblerstraße
4449 1991 5433 2187 hinterbrühl. Bitte umahre Sie
4467 2148 5526 2348 um die freude nur kommen
4499 2298 5545 2497 morgen oder Dienstag oder
