6568 4232
5911 448 6071 595 12
3730 571 5798 755 Die Eltern versuchen zu beschwichtigen.
3724 745 6086 972 Wie alles in Ordnung zu sein scheint, entdeckt
3712 902 5426 1092 Melingo, dass der Schleier fehlt.
3718 1046 6123 1270 Marie erklärt sich bereit ihn sofort wiederzu¬
3712 1209 6028 1426 bringen. Sie hat ihn in ihrem Zimmer verges-
3715 1359 5926 1525 sen. Aber man möge sie allein lassen. Wenn
3709 1497 5985 1693 nicht,müsse Melingo eben darauf verzichten.
3718 1647 6175 1844 Melingos Zorn wächst ins Masslose. Seine Drohun¬
3730 1850 6196 2018 gen sollen alle Wahrheit werden, wenn der Schlei¬
3709 1975 5561 2206 er nicht zur Stelle geschafft wird.
3712 2153 6043 2322 Nun, man wird ihn suchen. Man sucht im Garten
4322 2276 4515 2362 and
3736 2310 5160 2475 (vielleicht in der Kirche).
3712 2472 5503 2638 Er ist nun einmal nicht zu finden.
3709 2620 6009 2764 Melingo erklärt die Heirat Null und nichtig.
3724 2779 6061 2954 Verhalten der Gläubiger, Gefahr für den Vater.
3696 2914 6015 3068 Er soll sofort ins Gefängnis geführt werden.
3696 3058 5156 3242 Susannens polle.Robert etc.
3696 3190 5890 3393 Der Vater beschwört seine Tochter auf den
3696 3347 5460 3534 Knien den Schleier zu beschaffen.
3690 3485 6074 3699 Endlich erklärt sich Marie bereit. Melée be-
3702 3702 4994 3865 steht darauf mitzugehen.
