6600 4312
5929 423 6099 588 17
4002 561 5349 742 Sie sinkt hin und stirbt.
4010 715 6157 902 Melingo gebärdet sich wie ein Geprellter.
4016 885 6226 1014 Will wieder seinen Schmuck zurück.Zu spät.
4010 1056 6215 1212 Marie liegt da, im Fall hat sie sich in den
4010 1163 5085 1355 Schleier verwickelt.
4005 1333 6176 1534 Melingo, von Robert bedroht, schleicht sich
3997 1545 6168 1668 endlich davon.Man macht ihm Platz.Susanne
4013 1663 4502 1809 ihm nach.
3997 1822 6193 1949 Robert sinkt an der Leiche Mariens nieder.
3994 1987 4382 2141 Morgen.
