6616 4152
3586 136 3888 257 27/10.7
3789 405 5320 583 Schleier der Pierette (Film),
3931 767 6160 885 Jünger Dichter aus guter Familie verliert
3777 870 6064 1015 frah seine Eltern., komme in redenkliche Ge-
3771 1103 6200 1187 sellschaft, leichtsichige junge Leute, Frauen¬
3801 1236 6139 1326 wimmer (eine Tänzerin vom Sperl, aus der Wal -
3764 1408 6094 1489 Halla), Neuikantewelk (ein verxxmelter Klo
3777 1544 5517 1653 vierpieler aus einen Tanzlokal).
3752 1689 6070 1822 Ein Jugendfreund, in dessen Haus er verkehrt,
3758 1873 6082 1988 mit dessen Somester er beinahe verlaut war,
4045 2012 6136 2100 ich ihr xxxchzeugen nach vergekli¬
4212 2172 6052 2269 xxx. Die wieder Hans (verläufiger
3777 2299 6070 2420 jene) sieht (auf einer Spazierlamp?) (er ist
3789 2480 6076 2571 ich ein xxx in Gesellschaft der Tänzerin
3749 2647 6160 2734 und des Klavierspielers) Marie Jürger, die Toch
3758 2770 5502 2888 Von des Goldscizieds (Jaweliers).
3789 2943 5118 3036 ie mit Eltern und Bruder.
3752 3091 4900 3190 Ihre Freundin Susanne.
3783 3215 5592 3342 Mariens Bruder mit Zusanne verlost?
3734 3402 6133 3487 Hans knüßt Bekanntschaft mit Marie an, den El¬
3734 3577 5641 3656 tern, dem Bruder bleibt es verworgen.
3716 3716 6106 3834 Sie besucht ihn in seinem Vorstatdthause, wird
