6600 4152
3790 479 5647 724 Hans weiss nichts von dem Kaufmann.
3727 619 6042 900 Melingo anders nicht zu seinem Ziele kommt,
3775 829 5977 984 bewirbt er sich um Mariens Hand. Sie dehnt
3763 948 3957 1143 ab.
3772 1128 6105 1295 Melingo will die Verbindung mit Jörger lösen,
3751 1232 6075 1493 seine Kostbarkeiten einem Andern zum Verkauf
3751 1433 4319 1606 übergeben.
4517 1517 4744 1672 dorée
3769 1564 5974 1756 Die Situation Meldungo ist gefährlich,seine
3742 1717 6126 1971 Verbindlichkeiten nicht sehr lange aufzuschie¬
3736 1884 3978 2061 ben.
3727 2058 6132 2225 Er spricht mit seiner Frau,mit seiner Töchter,
3724 2175 5941 2378 nur Flucht, Gefängnis oder Tod bleibt übrig
3727 2330 5974 2534 wenn Marie ihn nicht durch das Opfer dieser
3703 2513 4484 2680 Heirat rettet.
3703 2620 5833 2869 Marie kämpft, möchte/Hans verschweigen,er
3706 2818 5953 3027 merkt ihre Stimmung, sie eröffnet ihm alles,
3712 2988 5965 3192 schon, dass er sie schwanken sieht,erbittert
3691 3111 5333 3323 Hans und er weist ihr die Türe.
3697 3266 6048 3503 Nun beginnt er wieder seine frühere Existenz.
3682 3446 5866 3643 Die alten Frauen und Freunde, tolle Leben.
3685 3628 5537 3769 Verlobung Mariens mit dem Kaufmann.
