6632 4152
4063 449 6117 638 die bei der Hochzeit aufspielen sollen.
4058 614 6029 809 Sie entfernen sich daher früher, sagen
4034 769 5944 932 Hans, wohin sie gehen. Seine Bewegung.
4036 964 6082 1114 Die Freunde, die Tänzerin, die etwas ahnt.
4042 1095 6098 1269 Sie bleibt bei ihm allein,will ihm mit
4026 1253 6021 1408 Geld aushelfen,er bekommt ganz zum Be¬
4018 1381 6077 1557 wusstsein seines Ruins,weist sie fort.
4015 1541 6026 1739 Sie erklärt ihm, dass sie immer für ihn
4015 1696 4768 1862 da sein werde.
4010 1889 6117 2054 Sie hat einen reichen Liebhaber, der auch
4010 2006 4907 2169 vorkommen könnte.
4002 2182 6021 2345 Hans macht sich bereit aus der Welt zu
3999 2335 4501 2482 scheiden.
3999 2474 5636 2642 Zerreis st das Bild Mariens etc.
3994 2658 6139 2794 Dazwischen immer Bilder von der Hochzeit.
3967 2775 5479 2970 Die Geschenke des Kaufmanns,
3964 2981 5941 3128 Das schönste ein indischer gestickter
3980 3112 6042 3312 Schleier.Den muss sie als Brautschleier
3983 3272 4381 3451 tragen.
3975 3433 6072 3558 Die andern zerreisst er oder schenkt ihn
3956 3571 4982 3745 scherzend Susannen.
