6616 4312
6066 403 6233 593 16
3932 529 5822 751 scheint sie zur Besinnung zu kommen.
3932 731 5899 866 Indess sind auch die Andern gekommen.
3932 846 6034 1035 Die Stimmung gegenüber Melingo immer be-
3929 1030 4524 1168 drohlicher.
3926 1194 6000 1317 Nun, er ist ja der Gatte Mariens. Ex Man
3926 1343 6126 1481 möge sich beruhigen, sie bleibt seine Frau.
3932 1487 6034 1625 Dass sie die kleine strafe verdient hat,
3920 1645 6155 1835 wird jeder begreifen. Alles ist in Ordnung.
3915 1783 5617 1979 Hier die Edelsteine, der Schmuck.
3915 1956 5456 2111 Melingo gibt alles dem Vater.
3915 2114 6083 2289 Die Gläubiger bemächtigen sich sofort der
3915 2238 5773 2451 Juwelen und verschwinden mit ihnen.
3926 2410 6195 2632 In der Ecke unbeweglich wie vorher der tote
3912 2583 4208 2735 Hans.
3920 2686 6078 2865 Marie steht starr.Wie nun.Melingo auf sie
3915 2868 6072 3026 zutritt, um ihr den Arm zu reichen, sie als
3920 3052 5939 3224 seine Gattin fortzuführen,ergreift sie
3920 3164 6167 3334 rasch das Glas, das sie auf den Tisch stell-
3915 3342 6221 3472 te (also nicht fallen liess), als der Gelieb-
3915 3486 6000 3650 te das sei ne bis zur Neige austrank, und
3920 3621 5154 3840 leert es auf einen Zug.
