6632 4216
4023 549 6236 751 Er bittet den Freund zu gehen.Der versteht
4039 748 6194 950 es anfangs nicht, bis endlich Marie selbst
4037 919 6090 1073 erscheint. (Er muss sie nicht sehen).
4025 1053 4768 1221 Marie ist da.
4014 1213 6090 1437 (Weiterer Verlauf der Pantomine ziemlich
4025 1398 4754 1572 entsprechend.
4034 1543 5098 1745 Hans fasst es nicht.
4056 1712 6068 1846 "arie kommt von ihrer Jochzeit.Schleier
4039 1843 5715 2031 fällt. Sie will mit ihm sterben.
4014 2011 5897 2191 Er will nun mit ihr leben. Neue Mög
4003 2168 4625 2336 Lichkeiten.
4014 2333 6185 2507 Sie wehrt ab nicht mehr fähig Sorgen, Ar¬
4003 2502 6255 2656 mut zu ertragen. Wenn er nicht mit ihr ster
3995 2614 5146 2807 ben will,so geht sie.
4000 2773 5191 2910 Hans ist entschlossen.
4009 2877 6168 3098 Gemeins ames Mahl.Zärtlickkeit,Bereitsein.
4000 3129 6191 3291 Nun sagt er ihr,sie habe schon den Tod ge-
4011 3272 4460 3412 trunken.
3995 3415 4779 3569 Ihr Entsetzen.
3978 3507 6222 3751 Er beruhigt sie, sieht aber nun, dass es ihr
