6600 4232
3939 535 5974 748 Bei Hans erscheint noch der lang nicht
3959 729 6100 895 gesehene edle Freund aus besseren Zeiten.
3948 861 6044 1080 Will ihn mit sich nehmen. Die Mutter ist
3948 1058 6016 1227 gestorben, die Schwester sehnt sich nach
3959 1173 6171 1370 ihm. Aussicht auf ein behagliches bürgerli-
3934 1331 5006 1500 ches Leben für Hans.
3934 1483 5895 1674 Hans zögert,ergriffen,fast bereit dem
3948 1666 5889 1818 Freund zu folgen. Mit ihm am Fenster.
3931 1784 6128 1989 Indess die Hochzeit.Festmahl im Wirtshaus.
3922 1958 5836 2144 Marie an der Seite ihres Bräutigams.
3939 2133 4887 2276 Beginn des Tanzes.
3934 2279 4679 2428 Die Gläubiger.
3911 2414 5304 2591 Höhnische Art des Melingo.
3911 2589 5065 2766 Mariens Verschwinden -
3917 2741 5957 2912 Susanne beobachtet sie, aber bemerkt ihr
3928 2898 5352 3070 Verschwindem anfangs nicht.
3914 3050 5256 3219 Marie durch die Strassen.
3900 3171 6162 3388 Hans am Fenster noch mit dem Freund,gewahnt
3914 3379 4254 3559 Marie.
3900 3503 5447 3717 Marie längs der Häusermauern.
3900 3669 5490 3863 Ungeheuere Bewegung von Hans
