6616 4248
5841 487 6000 667 13
3808 658 6214 847 Sie stellt die Bedingung „dass er die Gläubiger
3808 804 6214 1037 sofort befriedigt, wenn der Schleier wieder zur
3802 999 4407 1145 -telle ist.
3790 1130 4829 1294 Melingo schwört es.
3802 1276 6024 1474 Er geht allein mit ihr, alle Andern bleiben
3787 1493 4206 1602 zurück.
3802 1626 6170 1813 Durch die nächtlichen Strassen beide zum Haus
3790 1763 5081 1949 des Toten, in das Zimmer.
3796 1887 6027 2086 Sein Leichnam liegt vorerst unsichtbar da.
3787 2070 6254 2269 Marie mit Melingo tritt ein,fasst den Schleier,
3802 2228 5618 2396 will nun sofort mit Melingo gehen.
3805 2405 5714 2530 Nein, er muss sich erst hier umsehen.
3796 2567 6285 2688 Sie erklärt, das sei wider die Abrede. Der Schlei¬
3808 2682 5714 2868 er ist da, die Bedingung ist erfüllt.
3790 2852 5497 3051 Melingo erblickt den toten Hans.
3796 3023 6124 3219 Er hält ihn zu erst für einen Trunkenen. Sieht
3783 3166 5093 3343 die Reste des Mahls etc.
3796 3340 6263 3495 Seine Erbitterung.Er beschimpft den Toten,Beugt
3774 3476 6242 3678 sich zu ihm herab.erkenntallmählig, dass es ein
3793 3628 4355 3821 Toter ist.
