6616 4216
5887 430 6059 593 11
3812 560 6171 777 Drohungen, er beschimpft den Vater, die Mutter,
3818 753 6238 911 rast herum, zerbricht die Instrumente der Musi-
3802 883 6071 1092 kanten,zerhaut Teller u.s.w. Er will in die
3805 1056 6089 1246 Freudenhäuser schicken, aus dem missglückten
3815 1183 5509 1404 Hochzeitsfest eine Orgie machen.
3808 1358 5699 1546 Beginn eines Streits mit dem Bruder.
3812 1512 6123 1667 Susanne tritt hervor, ist geneigt sich sofort
3799 1685 6120 1879 als Ersatz für Marie anzubieten. Selbst ohne
3805 1842 4326 1996 Hochzeit.
3805 1972 6207 2133 Jetzt erst erkennt Robert das Wesen Susannens.
3793 2133 6219 2317 Der Streit zwischen Robert und Melingo beginnt
3793 2296 4940 2465 gefährlich zu werden.
3812 2453 5744 2617 In diesem Augenblick erscheint Marie.
3799 2605 5605 2792 Sie kommt durch den Garten herein.
3787 2771 5699 2964 Entsprechende Bewegung der Uebrigen.
3799 2913 4946 3070 Melingo ihr entgegen.
3790 3076 5034 3258 Mariens Ausreden, Lügen.
3781 3219 6071 3452 Sie war in der Kirche. Sie war spazieren.Sie
3787 3412 5575 3576 schmeichelt sich an Melingo heran.
3799 3560 5445 3678 Beruhigung scheint einzutreten.
