6616 4216
4003 523 6231 771 nicht e rnst ist mit der Todesbereitschaft.
4003 714 5403 899 Rät ihr, sich zu entfernen.
4003 885 6063 1073 Sie bleibt, überzeugt ihn von ihrer Ent-
4003 1016 4745 1223 schlossenheit.
4003 1184 6054 1380 Beide setzen zugleich die Gläser an die
4003 1306 6063 1471 Lippen. Er leert das sein, sie stellt
4009 1482 6196 1653 ihres wieder hin. Sein Entsetzen, sein Tod,
4006 1636 6103 1832 ihre Reue, ihre Verzweiflung,ihfe Flucht.
4003 1787 5582 1994 Das Hochzeitsfest geht weiter.
4003 1949 5969 2139 Melingo unterhält sich mit den jungen
3986 2108 6103 2256 Mädchen,besonders mit Susanne.Jetzt erst
3986 2265 5832 2413 fällt die Abwesenheit Mariens auf.
4003 2404 5232 2572 Melingo frägt nach ihr,
3986 2560 6120 2760 Man sucht nach ihr. Auch im Garten, der an
3992 2754 5121 2919 den Saal anschliesst.
3997 2873 6208 3087 (Dort vielleicht Gäste, die nicht zur Hoch-
3989 3027 4745 3218 zeit gehören).
4003 3198 6256 3388 Offenbar ist Marie nach Hause gegangen sich
3974 3334 5283 3556 für die Reise umkleiden.
3974 3505 6256 3710 Befremden. Wieder Warten. Tanz.Neue Unru¬
3983 3704 4185 3858 he.
