6616 4168
3962 482 6139 657 schmied die Wertsachen etc. zur Verfügung
3962 635 4423 828 stellen.
4063 788 6172 962 Auch die Gläubiger sind zur Hochzeit ge-
3970 956 4327 1142 laden.
4071 1098 5706 1297 Figur eines Misstrauischen etc.
4058 1270 6186 1442 Zurüstungen zur Hochzeit. In einem alten
3968 1455 5295 1591 Wirtshaus Zum Mond schein.
4055 1578 4706 1766 Die Trauung.
4058 1733 6142 1910 Hans erfährt durch einen seiner Freunde,
3935 1913 6011 2098 dass die Hochzeit heute stattfindet.Die
3938 2079 5488 2202 alte Wunde bricht wieder auf.
4082 2194 6150 2387 Ein Traum Mariens während sie zur Hoch-
3927 2344 6055 2548 zeit geschmückt wird oder am Morgen. Von
3954 2507 5480 2662 vergangener glücklicher Zeit.
4044 2654 6090 2823 (Rückkehr ende Bilder. Vorstadtzimmer,
3927 2799 5074 3011 Lamdpartie, Wiese etc.
4074 2946 6142 3166 Hans hat Schulden gemacht. Ihn ekelt vor
3910 3109 6104 3346 seiner Existenz.Er beschliesst einEnde zu
3924 3289 4322 3453 machen.
4060 3447 6112 3608 Ein kliines Fest bei ihm. Der Klavier -
3932 3600 6109 3782 spieler.Auch andere Musikanten.Dieselben,
