3384 4088
383 812 2731 1027 Kreis, nur weiss ich, man sagt von jedem, der sich
2475 891 2684 986 Aber
386 964 2791 1208 hineinbegeben hat: er hat ein Abenteuer gehabt. Ich
405 1072 2877 1318 fühle ganz deutlich: ich werde nie was erleben. "Und
449 1277 2832 1442 jetzt stand er vor mir und hatte was erlebt. Er er-
411 1369 2915 1587 zählte, aber ganz verwirrt. Ein Mädchen hatte ihm ihre
417 1546 2829 1736 Liebe gestanden,... ein ganz eigentümliches Mädchen.
420 1663 2965 1881 Sie war zu ihm gekommen, in sein einsames Dachstübchen,
436 1846 2851 2067 verschleiert, zitternd... Hm, eine recht gewöhnliche
436 1935 2899 2181 Geschichte, dacht' ich. Sie war vor ihm auf die Kniee
443 2096 2776 2349 gestürzt, hatte seine Hände mit Küssen bedeckt. Er
446 2282 2864 2478 war ganz verrückt, mein Freund Friedrich. Eine ganze
443 2422 2937 2681 Welt des Glücks und der Liebe hatte sie vor ihn hinge-
458 2595 2766 2788 zaubert. "Du erzählst wol zu schnell, mein Lieber"
462 2719 2855 2972 unterbrach ich ihn. Er entschuldigte sich, dass ihm
462 2905 2886 3123 derlei Abenteuer noch nicht passiert seien, dass die
607 3047 1419 3145 Entwicklung einer
465 3025 2975 3313 folgerichtige Geschichte nicht seine starke Seite sei.
