3384 4088
2371 482 2773 679 7/12.82.
912 719 1634 878 Sein Abenteuer.
359 783 2826 1020 Wie er zu mir hinaufgestürzt kam an jenem Morgen, der
372 977 2715 1189 gute Junge! Ich war beinahe erschreckt, als er ein
421 1115 2773 1318 trat. Mit gerjöteten Wange, flegenden Haaren, glän-
369 1275 2755 1462 zenden Augen stand er an der Türe. "Freund, Freund,
372 1388 2841 1603 ich habe etwas erlebt!" rief er ins immer herein.
399 1523 2740 1781 "Ich glaube allen Ernstes, dass ich glücklich bin."
384 1705 2755 1938 Man muss meinen Freund Friedrich kennen, um das Er-
393 1830 2795 2045 staunen zu begreifen, welche diese so flüchtige Mit-
387 2006 2764 2217 teilung in mir hervorbrante. Man musste ihn kennen,
405 2144 2647 2371 diesen blassen, schüchternen Menschen, der seine
405 2279 2856 2571 Strasse so gleichmässig stillen Schritts hinwandelte
412 2445 2798 2687 gleichsam an die Häuser gedrückt, einem ängstlichen
421 2607 2869 2804 Spaziergänger gleichend. Ich konnte ihn mir nicht an-
421 2761 2816 2967 ders denken als im Bureau oder zuhause oder auf dem
418 2881 2890 3151 Wege hin und zurück.XXXXXM Da stand er nun und hatte
439 3074 2804 3256 was erlebt. “Es giebt einen weiten Kreis“, sagte er
445 3206 2816 3418 einmal zu mir, "der für mich verschlossen ist. Lei-
445 3388 2783 3560 denschaft, Mut oder wenigstens Uebermut führen uns
491 3492 2697 3750 darin ein. Ich finde den Namen nicht für diesen
