3112 3640
1518 158 1769 264 dedgtge
691 156 1061 362 Nert
1349 156 1910 401 ak
2451 383 2648 483 548
972 500 2607 682 zu bringen als dur ch seinen Zweikampf.
981 617 2568 788 Da du ja selbst kejhe rechte Lust zu
981 779 2721 933 haben scheinst, sofbist zu vielleicht be-
979 916 2561 1067 reit einen andersen Vorschlag anzuhö-
987 1044 2620 1208 reu. Dein Schwefigen nehme ich als Er-
994 1169 2501 1323 laubnis weitey zu reden. Du liebst
985 1305 2542 1446 deine Frau,sp wie ich die meine. Es-
996 1425 2682 1613 ist anzunehren, dass der Gedanke sie in
1002 1572 2583 1717 den Armen efnes Andern zu wissen,dir
1013 1697 2620 1832 gerade so furchtbar wäre,so unerträg-
979 1860 1280 1974 110k
1009 1948 2466 2135 Bertheldftheiser) Wokin soll das?
2273 2011 2752 2111 sumjeniepe
1018 2094 2628 2258 Ferdinayd: Es wäre in der Tat gerech-
1526 2178 1907 2275 z echlleit
998 2208 2721 2347 ter als es jeder Zweikaupt sein könnte.
1018 2343 2566 2472 Wie wär's also? Ueberlasse mir doch
1026 2464 2652 2609 Adele für eine Nacht.Für heute Nacht.
472 2485 872 2637 sen der 2
1026 2604 2514 2771 Berthold: (fassungeles auf ihn los)
472 2626 888 2765 weise, un ie
1033 2724 2724 2897 Ferdinaud: (abwehrend) puhig.Es ist ein
461 2747 957 2888 en vih handell:
1033 2858 2661 3020 Vorschlag. Niemandzwingt dich ihn an-
422 2914 981 3076 He Vortheel se 10
1044 3005 2236 3157 zund men.Du sagst nein,gut.
1041 3105 2674 3325 Berthold: Und du glaubst, dass & damit
