2952 3448
481 1011 682 1232 der
833 433 2644 591 Adele: Sieht das falsche Glück dem wahren
828 554 2541 709 nicht sauchmal zum Verwechsein ähnlich?
1531 664 1882 760 pariie
824 675 2489 865 Berthold: Kann vrkennen. für einige
817 812 2580 1008 Ze it. Aber dann kommt eben das Erwachen.
812 917 2576 1122 Adele: Auch aus dem weren Glück, so habe
814 1077 2623 1227 ich mir sagen lassen,ermacht man zuweilen.
792 1184 2621 1346 (und das ist vielleicht noch schmerzlicher.
798 1316 2619 1485 Berthold: Wenn man draus erwacht, so ist es
801 1439 2343 1629 ehen nicht das wahre Glück gewesen.
796 1601 2594 1747 Alele: Ist denn die Dauer das wesentliche
776 1700 2573 1875 Werkmal? Auch das wahre Glück soll ja zu-
771 1816 1868 1982 wei len nicht ewig währen.
773 1955 1905 2090 Berthold: Das ist möglich.
764 2106 2343 2274 Aiele: Nun also, worau erkennt man's?
760 2229 2518 2370 Berthold: Es gibt Empfindungen, die nicht
755 2372 2592 2544 trügen, die nicht trügen können) Das darfst
737 2487 2555 2626 du mir glauben,Adele. Ich habe uterschei
735 2612 2544 2774 den gelernt zwischen Echten und falschen.
728 2731 2452 2899 Adele: Ich noch nicht. Ach weiss nichts
725 2868 1871 3050 von mir, so gut wie nichts.
