3192 3624
828 623 1512 774 erwiesen, das- das
1493 604 2773 748 sein Irrtum war. Ich hofte sogar
814 719 2717 921 wieder sehr glücklich mit ihr zu fein,sobale du
830 915 1357 1038 nicht mehr-
1301 897 1996 1017 auf der Welt bist.
1248 971 2941 1160 Werum schiesst dumich nicht einfach nieder?
860 1049 1078 1152 Berthe
987 1174 1232 1256 jenp
1019 1128 2565 1315 Splechen würde man dich wahrscheinlich.
2313 1198 2824 1315 ls u uid
857 1272 2954 1424 Ferdinand: Ach nein. Mörder-wird man doch nur im äus-
857 1402 2909 1573 sersten Falle.) Wir wollen die Sache doch lieber auf
857 1544 2927 1706 die übliche korrekte Art erledigen. Von meiner Seite
857 1642 2903 1866 ist alles vorbereitet, dir wird es ein leichtes sein
1983 1796 2842 1956 Frühstunden zu finden.
868 1863 1959 1969 deine Zeugen in den ersten
1320 1969 1639 2084 teht im
1669 1945 2898 2097 Wege, dass die Sache nicht schon
868 1988 1408 2129 und nichts si
868 2054 2887 2262 morgen vor Sonlenunbergang seen abgetan sein könn-
1434 2337 1594 2448 0 n
881 2331 2797 2499 Berthold: Ich werde mich nicht mit dir schlagen.
886 2456 2848 2651 Ferdinand: (ruhig) Mhdu wirst. Es xkxnak bleibt
878 2627 3013 2800 noch deine beste Chance. Wenn du ablehntest, dann hies-
889 2768 2927 2914 se ès nicht mehr: einer von uns beiden, dann heisst
889 2909 2241 3076 es einfach: du musst aus der Welt.
884 3058 2007 3188 Bertold: Zu bist wahnsinnig.
902 3162 2848 3380 Ferdinand: Ein wenig vielleicht. Aber das ändert
