3080 3640
1210 514 1844 658 Himmelswillen.
1217 640 2279 770 Adele: Mit ihm reden. 3
1223 792 2443 916 Berthold: Mit ihmurd jetzt?
1215 910 2512 1022 Adele: Jetzt in dieser Stunde.
1635 993 1852 1072 I1 de
2191 993 2719 1131 (E töht sie
1219 1040 2149 1186 Berthold: Eh du das-
2451 1070 2715 1184 Atet
1223 1174 2673 1308 Adele: Was willst du machen? Wich
1217 1288 2744 1432 einsperren? mieh anbinden. leh wür-
1221 1418 2673 1529 de an die Füren klopfen, ich würde
1215 1566 2541 1657 schreien, zum Fenster würde ich
1217 1696 2762 1775 hinausschreien, dass dutotwerden
1233 1795 2815 1982 histe Menn de 24 Phro inaustrttts
1221 1960 2711 2049 e wirde ichschetien, zwei Männer
1217 2092 2793 2191 toll geworden sind und aus Eitelkeit
1215 2183 2685 2336 sich irgende irgendwo hinstellen
1217 2336 2786 2437 wollen und aufeinander schiessen bis
1215 2459 2760 2569 einer tot ist. Und wann Ihr das für-
1221 2604 2758 2732 einen k Ehreuhandelf haltet oder
1223 2705 2723 2878 weiss Gott wasjmich geht es nichts
1223 2868 2559 2975 an, ich sage,es darf nicht sein
1227 2951 2240 3168 und es wird picht sein.
