3096 3640
364 1037 926 1204 Bekert hnit
413 1202 843 1375 Mtapt - du
334 1574 471 1700 1e
248 1655 766 1854 Worrtortd i
306 1841 817 2034 nuh gt beil
988 590 2586 712 nicht - Es bleibt bei der Abmachung.
997 702 2468 815 Einer von uns Beiden. Euer von i
1014 821 2596 1009 Ferdinand (Wöglich.Aber ich werde es
1003 990 2654 1108 nicht sein. Du warst bereit, vielleicht
997 1099 2539 1234 nur eine Sekunde lang,aber du warst
1104 1221 2584 1337 meine Bedingung zu erfüllen, sonst
1057 1315 1709 1401 ättest du deine
1003 1345 2658 1471 tt Gatti nicht durch die
1762 1439 2301 1538 Hollert ie zur
1003 1493 2575 1621 Türe gehen lassen. Somit ist die An-
1018 1598 2599 1741 gelegenheit, man könnte beinahe sagen
2372 1705 2614 1777 rgarrn
1007 1747 2727 1867 ritterlich erledigt. Nicht der peinlihz-
1005 1859 2575 2047 ste, Ehrenrat könnte anders entschei-
997 2015 1193 2134 den.
1018 2128 2513 2295 Berthold: Es. braucht keiner Formen
992 2250 2519 2378 mehr,Wir zwei allein.Das Los wenn
1003 2363 2652 2490 du willst... In ddieserund noch... He
1014 2466 2680 2671 Ferdinand: Es gibt keiner Freache mehr.
1005 2643 2639 2795 Und nun will; ich nicht weiter stören.
1007 2785 1968 2930 Berthold: (auf ihn los!
1003 2896 2509 3031 Adele: Rühre diesen Menschen nicht
997 3039 2507 3191 an. (zu Ferdinand) leh verachtesie.
1003 3167 2680 3315 Nun kenne ich Sie ganz.Dass Sie da un
