2920 3496
544 416 2373 645 Adele: Er muss es wohl dulden, da ich mich
554 603 1405 763 nicht halten liess.
564 677 2491 891 Ferdinaud: Er hat es Ihuen immerhin erzählt?
554 797 2333 1026 Adele: Ich habe es erraten. Es war nicht
564 1026 891 1152 schwer.
613 1046 2528 1265 erdinand: Er hat es Sie geru erraten lassen.
573 1184 2533 1383 Adele: Sie wollen ihn vor mir heruntersetzen.
569 1304 2419 1528 Es wird Ihnen nichts helfen.Ich liebe ihn.
583 1420 2336 1644 Wenn er gefühlt hat, dass dieser mein Weg
578 1560 2545 1760 der einzige ist, der die vugeheuerlichkeit ei-
586 1713 2392 1890 nes nuells zwischen Ihnen und ihm aus der
583 1819 2503 2058 Welt schafft,so tat er Recht mich ihn gehen
596 2043 1048 2171 zu lassen.
601 2063 2557 2296 Ferdinand: Er hat Ihnen eines verschwriegen,
603 2274 1295 2429 che. Sie gingen.
618 2414 1115 2565 Adele: Was?
625 2454 2525 2690 Ferdinand: behen Sie nach Hause und frägen
625 2663 1297 2811 Sie ihn selbst.
628 2710 2611 2949 Adele: Es war ein sonderbares lächelu,mit den
697 2843 2606 3081 ie mich empfingen, als hätten Sie mich erwar-
