2824 3464
251 1879 431 2070 Ian
233 2054 451 2138 Canibilc
213 2110 434 2214 sensen
180 2194 469 2270 anderte
1727 434 2584 619 ter hieuerzueret-i ton
2212 548 2442 644 könne.
469 484 1616 639 1. Der Gatte und die Gattin.
472 606 2288 751 Sie kommen eben von der Hochzeitsreise zurück.
2004 710 2328 804 tr
474 733 1692 857 Gespräch über die schönen Tage,
1966 776 2384 888 dene lapelen
474 850 1400 987 Ueber die Vergangeheit.
487 933 2460 1118 Sie will endlich wisser, wer seine letzte Geliebte
487 1108 657 1228 war.
477 1177 2168 1329 Er nennt sie. Eine kleine Schauspielerin.
489 1266 2526 1448 Wie hat sie sich das gefallen lassent Hat sie Dich
500 1438 1278 1585 denn nicht geliebt?
535 1499 2501 1707 Freilich. Aber ich habe mir die Sache dadurch er
522 1578 2518 1816 leichtert, dass ich sie einem uten Bekannten über
533 1727 2442 1915 Gehen hahe. Ich habe die Sache sehr schlau ange-
538 1826 2501 2049 stellt. Mein Freund ist Aüzt und ich kenne sie 32.
581 1915 2016 2130 unid ihn auch, es war unausbleiblich.
550 2070 1512 2234 Die Gattin sieht ihn an.
563 2044 2584 2336 Dern foht sie auf ihr Zinner. Zärtlich, aber siwas
571 2326 946 2432 bdrückt.
553 2298 2503 2577 2. Er alioin, oranst soine Sachen, findet viel
550 2412 2272 2655 loieht Juregssollenerinnerwuser. Aun ain
621 2622 1093 2757 ein Dierör?
733 2625 2219 2861 Vor batte, der Freune wird Eholeet.
566 2797 1570 2972 Der Gatte etwas betreter.
578 2800 2376 3084 ber Frourd, naeh einigen eintsitenden vorten:
