3064 3640
671 128 1125 334 Sertt
1453 126 1880 255 dedeer
1613 371 2699 557 hai wes es menr eze
1189 543 2742 709 Berthold: Nun ist's vielleicht wie-
1179 695 2695 817 der eine. Man kann sich ja versöh-
1167 806 2752 940 nen. die sind vielleicht wiederein
1181 926 1931 1064 Fücktiches faar.
1173 1074 2423 1222 Adele: Er hat es dir gesagt?
1173 1210 2804 1329 Bertholi: Nein.Ich denke mir ee eben-
1159 1341 2715 1481 Adele-: So sei doch endlich ehrlich.
1149 1467 2735 1621 Er hat es dir gesagt, dass sie wieder
1149 1593 1878 1702 seine Frau ist-
1147 1726 2652 1880 Berthold: Und wenn es so wäredann-
1153 1852 2725 2014 (lau erud) dann würdest du begreifen
1139 1980 1668 2083 nicht wahr?)
1133 2081 2612 2251 Adele: Er hat kein Recht mehr und
1127 2235 1420 2340 wenn-
