2936 3448
704 392 2429 582 durch uüsere eigenen Erfahrungen jenals
722 550 2474 710 klu(? Leider nicht.Sonst hhätte man ja an
731 658 2483 848 einem Erlebnis hezeite gefug. Aber nein.
997 787 1405 875 Recsmegi
728 789 2535 956 Wai hat Hiekt genug, man ehrle.t weiter, das
1506 925 2508 1064 indmer wirt betrogen
737 949 1434 1076 eiest,man betrü
751 1055 2458 1227 und betrürt sich selbslftegibt sich aus
767 1155 2508 1364 ier Anbeguenlichkeit saus einer lücher¬
749 1321 2557 1502 lichkeil, einer Gefahr fr die äudere, kapt
755 1441 2535 1615 eterenttieanten Jeratet odor an der
760 1576 2557 1736 Breckenvorbei bildetfsichnatöpficharch
819 1655 2629 1878 Attehmal ein glücklicht zu sein, was drben
1067 1818 2564 2014 rotgehat, dafs yen noch schtinner
787 1869 1071 1989 Azi
758 1973 2411 2129 euttänecht wirdeuc fot lässt ven si
773 2077 2589 2257 inmernieter et derpforaten seniecu, oetids
773 2187 2494 2386 und etett sich vor fren setbst und tebt
773 2314 2492 2483 und tiobt so weitef, bis endl ich, endlich
875 2435 2469 2553 sui marite: die das Sitiital requet.
767 2496 1960 2654 das are Glück erfscheint.
773 2598 2433 2803 Adele: (immer lächglud) Und das erkennt
778 2753 1488 2891 man dann sofort?
789 2857 2020 3103 Berthold: Wie nesinst du das?
