2792 3480
452 457 2513 676 Sie: Ihr Männer, Narren, Schufte, Gecken, man weiss
465 581 2286 777 es nicht. Bedenke doch, wegen so einer Sache.
468 663 2595 859 Tot.weisst Du was das heisst. Er wird Dich ja sicher
484 735 2495 999 erschiessen. Und de debe erdenebn deibimemefe
1031 880 1670 983 de de gele te
481 875 2545 1110 Der Gatte lässt sie endlich, scheinbar widerstrebend
484 988 2193 1245 aber doch mit Ansicht zu dem freund läufen.
497 1091 2275 1337 2. Hr alloin. Er will sie morst michrufen.
510 1189 2476 1451 benh läbst st doch so viel hoit verserolehen, Audd
515 1408 1168 1522 es zu spät wird.
518 1453 1599 1665 Endlich erschiesst er sich.
