2952 3496
883 367 2647 608 Adele: und wo ist der berühnte Pistolen
883 550 1194 672 kasten?
1250 575 1864 722 Berehruler -8. b6
867 680 2633 797 Berthold: Hab ich gar keinen. Wie kommst
880 822 2605 930 Du auf die Idee? (er setzt sich zu ihr,
880 944 2600 1128 nachdem er den Schlüssel in die Mesten-
880 1069 1808 1242 tasche gesteckt hat).
864 1167 2611 1372 Adele: Du hast dochkeinmal ein Duell ge-
861 1336 1067 1472 habt
858 1417 2466 1619 Berthold: Heregott nach einnal Wieso
864 1583 2141 1747 fällt Dir denn das jetzt ein?
858 1694 2594 1878 Adele: Es liegt doch nahe, wenn man sol-
858 1853 1786 2000 che Mordwaffen sieht.
850 1950 2569 2136 Berthold: Wer hat Dir denn das übrigens
855 2097 2583 2264 erzählt, dass ich ein Duell gehabt habe?
844 2208 2455 2403 Adele: Niemand.Ich denk mirs nur.Das
855 2355 2480 2511 konnte Dir dobhim Laufe Deines Lebens
850 2478 1839 2658 nicht erspart bleiben.
878 2605 2486 2791 Berthold: Ach so.)Ja, ich hatte einmal
2083 2705 2247 2783 der
850 2750 2411 2880 ein Duell;aber es hatte mit selchen
422 2736 589 2897 et
367 2861 2600 3064 en hlasen Dingen, an die Du jetzt derkst, gar nichts
836 2989 2600 3186 zu tun. Har eigentlich mehr Eine Studen
