3176 3624
903 579 1193 789 schon
1224 618 2733 769 e angesagt. Da ist zum Beispiel eine
1068 757 2748 915 se von Ferdinand, der mich bittet ihn morgen
1049 900 2504 1044 neun Uhr xuxarzichtlieh zu erwarten.
1037 995 2826 1188 lei Ferdinand Rodek?. Nen iit dot kein Am
920 1166 2723 1304 Berthold: (wieder am Schreibtisch,die Karte in
1373 1266 1942 1373 dh Ewell in
932 1292 2809 1438 der Hand) In einer geschäftlichen Apgelegenheit,
981 1416 1404 1538 seiten.
927 1470 2575 1609 Adele: Wie kommt es, dass du gerade diesen
944 1597 1747 1772 Brief gefffnet hartz
944 1747 2731 1893 Berthofd: Ferdinands Schrift erkannte ich zu-
944 1869 2663 2018 fällisg. Uebrigene habe ich sehen ein halbes
2560 2005 2945 2147 megen heat
959 1991 1580 2151 xtrend geöffRet
952 2120 2906 2266 Uebrigens könnte ich ihm telefonieren,dass er zu
1657 2237 1818 2310 hie
952 2246 2855 2407 vor dem Bureau zu mir herauf kommt. Wir sind ja
956 2424 1543 2543 jetzt Nachbarn.
964 2519 2796 2655 Adele: Was würdest du dazu sagen,wenn ich dich
966 2655 2782 2792 jeden Morgen in die Stadt Hinein is zu deinem
964 2762 1679 2899 Bureau begleitete.
971 2843 2792 3006 Berthold: Dass es ein rechter Unsinn wäre. Sei
966 2989 2845 3174 froh, dass wir die schöne Wohnung hier heraussen
