2840 3496
1742 224 2055 396 1904
1764 339 2285 492 hrele
305 438 770 604 Der Jorige.
334 478 2453 679 Zwei junge Leute, eben von der Hochzeitsreise zurück.
355 668 2424 807 Gesprüch mit der Frau über seine vergangenen Ge-ieb-
355 831 518 933 ten.
350 906 2379 1074 Und die letzte, die, mit der ich dich gesehen habe?
350 1045 2464 1197 Nun erzahlt er in frivoler Weise, wie er diese letzte
396 1205 1777 1320 einem Andern sozusagen übertragen.
347 1339 1002 1459 Wer ist es denn?
355 1427 2496 1585 Nun, unser Freund N. Er ist Arzt. Ich habe sie hinauf-
347 1569 2493 1729 geschickt. Nun, ich nehme an, sie sind sehr glücklich.
350 1708 2488 1860 Sonderrbar übrigens, dass wir ihn nicht zu sehen bekan-
350 1817 2301 1956 men. Es ist, wie wenn er sich schämte. Vielleicht
353 1980 967 2125 kommt er heute.
355 2093 2427 2237 Nun kommt der Freund.. Gespruch. Allmeilig. /:Er er-
347 2210 2389 2384 kennt vieltsicht an dem Blick der Frau, dass sie es
358 2357 628 2485 weiss:
363 2456 2488 2622 Der Freund: Einer von uns muss aus der Welt. Du warst,
358 2598 2483 2750 bevor du vermählt warst, der Geliebte meiner jetzigen
388 2755 2199 2884 Geliebten; ich vertrage deine Existenz nicht.
353 2902 657 3004 Scherzl
1513 2980 2566 3167 erd ich dich provozieren,
353 3052 1112 3167 Ernst. Geht's nicht
1587 3124 2435 3290 ohrfeigen. Es tut mir
361 3183 861 3295 werde dich au
