2888 3480
603 460 2406 618 Adele: Was immer erfolgt, kann ich nit ium
606 625 1398 766 nicht weiterleben.
610 669 2449 879 Kerdinand: Ueberlegen sie sich's,ehe Sies
601 821 2548 1000 ihm sagen. lassen Sie sich von der Sonderbar-
598 971 2415 1141 keit dieser Stunde nicht beläuben. Bei Tag
606 1141 1795 1274 wird alles anders aussehen.
615 1187 2539 1420 1dele: Für ihn vielleicht. Das ist's, was ich
613 1306 2466 1500 fürchte. Nieht für Nich. Drum will ich ihm
608 1497 1897 1659 noch heute Nacht alles sagen.
608 1599 2408 1805 Ferdigand: Es wirdnicht viel sein. Und er
615 1732 2047 1919 wird Sie dann nicht gehen lassen.
623 1844 2418 2059 Adel-: Er wirgmüssen. Ich werde ihm sagen,
608 2023 1713 2180 dass ich zu Innen gehöre.
615 2129 2553 2328 Ferdinand: Auch das kann eine Täuschung sein.
627 2251 2309 2398 Adele: Es ist keine. Komien sie mit mir
618 2376 2498 2529 denn Sie wissen ja auch, dass Sie nach diser
618 2522 2437 2684 Stunde zu Cäcilie nicht mehr zurückkehren.
623 2679 950 2791 können.
652 2808 1417 2922 (Sie gehen beide).
