<?xml version="1.0" encoding="UTF-8" standalone="yes"?>
<PcGts xmlns="http://schema.primaresearch.org/PAGE/gts/pagecontent/2013-07-15" xmlns:xsi="http://www.w3.org/2001/XMLSchema-instance" xsi:schemaLocation="http://schema.primaresearch.org/PAGE/gts/pagecontent/2013-07-15 http://schema.primaresearch.org/PAGE/gts/pagecontent/2013-07-15/pagecontent.xsd">
    <Metadata>
        <Creator>prov=READ-COOP:name=PyLaia@TranskribusPlatform:version=2.7.0:model_id=50870:lm=none:date=22_01_2024_18:56</Creator>
        <Created>2023-09-27T14:37:18.536+02:00</Created>
        <LastChange>2024-01-22T18:56:59.691+01:00</LastChange>
        <TranskribusMetadata docId="1589044" pageId="60124291" pageNr="7" tsid="145633827" status="IN_PROGRESS" userId="40391" imgUrl="https://files.transkribus.eu/Get?id=DFVHNUEASQPBRNWOQHBZADAV&amp;fileType=view" xmlUrl="https://files.transkribus.eu/Get?id=DDVKWURPLHYIGDFOJYIYUEPZ" imageId="48549369"/>
    </Metadata>
    <Page imageFilename="1589044_0007.jpg" imageWidth="2840" imageHeight="3448">
        <ReadingOrder>
            <OrderedGroup id="ro_1711791498430" caption="Regions reading order">
                <RegionRefIndexed index="0" regionRef="tr_1"/>
            </OrderedGroup>
        </ReadingOrder>
        <TextRegion orientation="0.0" id="tr_1" custom="readingOrder {index:0;}">
            <Coords points="534,499 534,3138 2740,3138 2740,499"/>
            <TextLine id="tr_1_tl_1" custom="readingOrder {index:0;}">
                <Coords points="517,585 1552,575 1573,504 1228,460 873,525 786,486 520,504"/>
                <Baseline points="534,579 586,576 638,573 690,572 742,570 794,570 846,568 898,567 950,567 1002,563 1055,561 1107,559 1159,556 1211,555 1263,552 1315,552 1367,552 1419,550 1471,549 1523,549 1576,555"/>
                <TextEquiv>
                    <Unicode>Ich habe mit Dir zu reder.</Unicode>
                </TextEquiv>
            </TextLine>
            <TextLine id="tr_1_tl_2" custom="readingOrder {index:1;}">
                <Coords points="525,713 713,742 799,698 946,737 1377,671 1792,690 1795,580 1706,570 1272,637 528,637"/>
                <Baseline points="543,695 605,691 668,689 731,686 794,684 857,683 920,680 982,678 1045,677 1108,674 1171,671 1234,671 1297,669 1360,665 1422,665 1485,659 1548,657 1611,653 1674,652 1737,650 1800,650"/>
                <TextEquiv>
                    <Unicode>Einer von uns muss aus der Welt.</Unicode>
                </TextEquiv>
            </TextLine>
            <TextLine id="tr_1_tl_3" custom="readingOrder {index:2;}">
                <Coords points="525,805 590,833 674,815 784,852 841,812 888,820 933,797 1061,820 1063,755 977,729 865,737 831,760 687,721 627,755 528,752"/>
                <Baseline points="543,806 569,806 595,805 622,803 648,803 675,803 701,801 727,800 754,800 780,799 807,797 833,797 859,796 886,794 912,794 939,794 965,792 991,791 1018,791 1044,792 1071,794"/>
                <TextEquiv>
                    <Unicode>Du bist toll.</Unicode>
                </TextEquiv>
            </TextLine>
            <TextLine id="tr_1_tl_4" custom="readingOrder {index:3;}">
                <Coords points="541,956 880,922 1040,969 1215,904 1578,927 1685,875 1787,907 2048,852 2469,865 2563,841 2568,747 2184,810 1612,802 1455,867 1343,828 1058,870 977,831 826,875 546,849"/>
                <Baseline points="555,925 655,924 756,921 857,914 958,910 1058,906 1159,900 1260,896 1361,892 1461,888 1562,882 1663,877 1764,868 1864,864 1965,859 2066,854 2167,850 2267,844 2368,838 2469,830 2570,823"/>
                <TextEquiv>
                    <Unicode>Schlage Dich gutwillig, sonst prübzier ich Dich auf</Unicode>
                </TextEquiv>
            </TextLine>
            <TextLine id="tr_1_tl_5" custom="readingOrder {index:4;}">
                <Coords points="543,1045 899,1058 1348,995 1507,1029 1615,985 2370,940 2641,964 2644,883 2066,854 1792,930 1643,899 1032,969 951,927 682,993 546,961"/>
                <Baseline points="558,1032 662,1024 766,1020 871,1016 975,1013 1080,1003 1184,999 1289,995 1393,991 1498,985 1602,978 1706,970 1811,966 1915,961 2020,955 2124,949 2229,944 2333,937 2438,927 2542,923 2647,922"/>
                <TextEquiv>
                    <Unicode>der Strasse, es wird Dir nichts andk s übrig bleiben,</Unicode>
                </TextEquiv>
            </TextLine>
            <TextLine id="tr_1_tl_6" custom="readingOrder {index:5;}">
                <Coords points="1024,1063 1042,1061 1069,1074 1079,1063 1105,1058 1118,1071 1152,1071 1176,1087 1194,1079 1194,1019 1170,1024 1160,1016 1142,1027 1105,1008 1076,1024 1063,1019 1053,1027 1024,1027"/>
                <Baseline points="1038,1056 1065,1054 1092,1054 1119,1055 1146,1056 1173,1056 1200,1056"/>
                <TextEquiv>
                    <Unicode>wirs</Unicode>
                </TextEquiv>
            </TextLine>
            <TextLine id="tr_1_tl_7" custom="readingOrder {index:6;}">
                <Coords points="546,1191 985,1183 1267,1118 1552,1136 1737,1082 2372,1074 2646,1045 2649,993 2262,1014 2114,964 2051,1011 1685,1011 1581,1074 1471,1016 1147,1076 891,1055 551,1097"/>
                <Baseline points="564,1140 668,1136 772,1131 877,1127 981,1121 1086,1113 1190,1107 1295,1104 1399,1098 1504,1092 1608,1088 1712,1083 1817,1075 1921,1066 2026,1062 2130,1055 2235,1048 2339,1041 2444,1034 2548,1030 2653,1029"/>
                <TextEquiv>
                    <Unicode>also mache»hirs einfacher. Ich erwarte Deine Zeugen.</Unicode>
                </TextEquiv>
            </TextLine>
            <TextLine id="tr_1_tl_8" custom="readingOrder {index:7;}">
                <Coords points="559,1285 917,1293 1144,1225 1288,1257 1923,1181 2511,1220 2518,1097 2482,1079 1915,1144 567,1183"/>
                <Baseline points="576,1256 673,1251 770,1247 867,1238 964,1235 1061,1228 1158,1222 1256,1218 1353,1212 1450,1206 1547,1202 1644,1199 1741,1190 1838,1183 1936,1176 2033,1170 2130,1163 2227,1160 2324,1156 2421,1147 2519,1140"/>
                <TextEquiv>
                    <Unicode>Morgen früh um sechs kann alles zu Ende sein. Du</Unicode>
                </TextEquiv>
            </TextLine>
            <TextLine id="tr_1_tl_9" custom="readingOrder {index:8;}">
                <Coords points="562,1390 807,1411 891,1361 1439,1364 1766,1306 2262,1322 2385,1288 2466,1322 2516,1314 2521,1220 2114,1202 1466,1270 1251,1241 1126,1296 564,1311"/>
                <Baseline points="576,1367 673,1367 770,1362 868,1355 965,1349 1063,1345 1160,1335 1258,1330 1355,1325 1453,1319 1550,1312 1647,1304 1745,1302 1842,1296 1940,1289 2037,1282 2135,1274 2232,1270 2330,1262 2427,1257 2525,1259"/>
                <TextEquiv>
                    <Unicode>kannst die Leute im Klub finden, die Du brauchst.</Unicode>
                </TextEquiv>
            </TextLine>
            <TextLine id="tr_1_tl_10" custom="readingOrder {index:9;}">
                <Coords points="562,1489 1847,1439 1852,1353 1810,1340 776,1398 695,1453 567,1411"/>
                <Baseline points="579,1474 642,1477 706,1471 770,1469 833,1464 897,1458 961,1456 1024,1452 1088,1447 1152,1443 1216,1436 1279,1434 1343,1429 1407,1426 1470,1422 1534,1418 1598,1414 1661,1410 1725,1406 1789,1403 1853,1403"/>
                <TextEquiv>
                    <Unicode>4. Die Gattin erscheint wieder.</Unicode>
                </TextEquiv>
            </TextLine>
            <TextLine id="tr_1_tl_11" custom="readingOrder {index:10;}">
                <Coords points="619,1604 891,1581 954,1620 1024,1570 1131,1604 1254,1554 1317,1575 1322,1479 914,1544 878,1518 768,1547 624,1539"/>
                <Baseline points="635,1588 669,1587 704,1585 738,1585 773,1583 807,1581 842,1579 876,1579 911,1574 945,1571 980,1569 1014,1567 1049,1564 1083,1562 1118,1560 1152,1558 1187,1558 1221,1556 1256,1554 1290,1553 1325,1558"/>
                <TextEquiv>
                    <Unicode>Sie ist erstaunt.</Unicode>
                </TextEquiv>
            </TextLine>
            <TextLine id="tr_1_tl_12" custom="readingOrder {index:11;}">
                <Coords points="590,1729 786,1709 807,1729 857,1735 896,1711 954,1709 959,1615 893,1612 763,1664 593,1656"/>
                <Baseline points="604,1710 629,1708 655,1706 680,1705 706,1703 731,1701 757,1700 782,1698 808,1696 833,1695 859,1693 884,1692 910,1692 935,1692 961,1692"/>
                <TextEquiv>
                    <Unicode>Ausreden.</Unicode>
                </TextEquiv>
            </TextLine>
            <TextLine id="tr_1_tl_13" custom="readingOrder {index:12;}">
                <Coords points="588,1860 1021,1810 1134,1847 1262,1795 1413,1797 1419,1722 1285,1703 1134,1756 873,1750 784,1784 708,1750 593,1763"/>
                <Baseline points="606,1824 646,1824 687,1822 728,1819 768,1818 809,1816 850,1812 890,1811 931,1806 972,1806 1013,1803 1053,1801 1094,1798 1135,1793 1175,1789 1216,1787 1257,1785 1297,1784 1338,1782 1379,1779 1420,1785"/>
                <TextEquiv>
                    <Unicode>Eine wichtige Sache.</Unicode>
                </TextEquiv>
            </TextLine>
            <TextLine id="tr_1_tl_14" custom="readingOrder {index:13;}">
                <Coords points="590,1944 1003,1978 1217,1905 1630,1868 1993,1884 2098,1834 2278,1860 2534,1805 2686,1842 2693,1729 2573,1703 2364,1771 2053,1737 1975,1792 1813,1776 1648,1829 1607,1800 596,1884"/>
                <Baseline points="608,1940 712,1932 816,1925 921,1923 1025,1914 1129,1904 1234,1899 1338,1891 1442,1880 1547,1875 1651,1866 1755,1859 1860,1849 1964,1845 2068,1832 2173,1828 2277,1820 2381,1812 2486,1804 2590,1793 2695,1785"/>
                <TextEquiv>
                    <Unicode>Der Gatte: Sagen wirs ihr lieber gleich. Eine Duell</Unicode>
                </TextEquiv>
            </TextLine>
            <TextLine id="tr_1_tl_15" custom="readingOrder {index:14;}">
                <Coords points="609,2061 786,2100 1225,2022 1411,2051 1544,1985 1928,1983 1933,1907 1735,1881 1385,1957 1055,1949 967,1999 614,1985"/>
                <Baseline points="626,2047 691,2047 757,2043 822,2038 888,2033 953,2029 1019,2022 1084,2018 1150,2014 1215,2007 1281,2002 1347,1998 1412,1995 1478,1986 1543,1981 1609,1977 1674,1969 1740,1962 1805,1961 1871,1956 1937,1952"/>
                <TextEquiv>
                    <Unicode>affaire. Wir missen Zeugen sein.</Unicode>
                </TextEquiv>
            </TextLine>
            <TextLine id="tr_1_tl_16" custom="readingOrder {index:15;}">
                <Coords points="671,2200 802,2231 1306,2158 1421,2192 2100,2093 2234,2124 2469,2080 2471,2040 2014,2033 1638,2085 1539,2046 1325,2114 674,2129"/>
                <Baseline points="686,2194 775,2191 865,2182 954,2176 1044,2170 1133,2164 1223,2158 1312,2152 1402,2149 1491,2143 1581,2137 1671,2134 1760,2128 1850,2122 1939,2116 2029,2098 2118,2092 2208,2086 2297,2080 2387,2074 2477,2071"/>
                <TextEquiv>
                    <Unicode>Heitres Gespräch. Abndu Reie- vnlgu</Unicode>
                </TextEquiv>
            </TextLine>
            <TextLine id="tr_1_tl_17" custom="readingOrder {index:16;}">
                <Coords points="651,2330 1453,2260 1536,2299 1928,2223 2106,2265 2257,2200 2605,2210 2722,2181 2727,2121 2573,2061 2417,2129 2349,2098 1907,2179 1805,2150 1641,2192 1489,2166 1364,2210 658,2228"/>
                <Baseline points="665,2316 768,2312 871,2301 974,2293 1077,2283 1180,2279 1283,2274 1387,2262 1490,2253 1593,2245 1696,2238 1799,2229 1902,2221 2005,2210 2109,2202 2212,2194 2315,2186 2418,2182 2521,2169 2624,2167 2728,2164"/>
                <TextEquiv>
                    <Unicode>Der Gatte morkt, wie gut dem Freund die Frau gefällt.</Unicode>
                </TextEquiv>
            </TextLine>
            <TextLine id="tr_1_tl_18" custom="readingOrder {index:17;}">
                <Coords points="653,2435 912,2440 1084,2398 1361,2417 1591,2359 1599,2291 1309,2283 1084,2336 661,2328"/>
                <Baseline points="668,2424 714,2423 761,2420 807,2416 854,2411 901,2408 947,2405 994,2400 1040,2395 1087,2391 1134,2386 1180,2383 1227,2378 1273,2376 1320,2374 1367,2368 1413,2364 1460,2361 1506,2358 1553,2355 1600,2355"/>
                <TextEquiv>
                    <Unicode>Die Frau entfernt sich.</Unicode>
                </TextEquiv>
            </TextLine>
            <TextLine id="tr_1_tl_19" custom="readingOrder {index:18;}">
                <Coords points="684,2576 1513,2464 1813,2484 1818,2404 1578,2390 692,2469"/>
                <Baseline points="701,2537 757,2533 813,2530 869,2526 925,2519 981,2514 1037,2508 1093,2505 1149,2498 1205,2494 1261,2489 1317,2484 1373,2477 1429,2473 1485,2468 1541,2463 1597,2456 1653,2451 1709,2447 1765,2442 1821,2444"/>
                <TextEquiv>
                    <Unicode>S. Der Gatte und der Freund.</Unicode>
                </TextEquiv>
            </TextLine>
            <TextLine id="tr_1_tl_20" custom="readingOrder {index:19;}">
                <Coords points="703,2667 1228,2605 1484,2628 1716,2558 1855,2594 2171,2511 2419,2537 2411,2411 2320,2448 2234,2419 2127,2477 1873,2464 1771,2508 1032,2526 711,2581"/>
                <Baseline points="719,2647 804,2642 889,2637 975,2628 1060,2620 1146,2613 1231,2602 1316,2593 1402,2585 1487,2579 1573,2570 1658,2564 1743,2554 1829,2545 1914,2537 2000,2528 2085,2518 2170,2509 2256,2503 2341,2498 2427,2498"/>
                <TextEquiv>
                    <Unicode>Das bespräch getzt sldich wieder einst ein:</Unicode>
                </TextEquiv>
            </TextLine>
            <TextLine id="tr_1_tl_21" custom="readingOrder {index:20;}">
                <Coords points="674,2782 1643,2675 1776,2704 2401,2594 2680,2639 2725,2529 2299,2516 2192,2565 2064,2537 1641,2620 1191,2612 1089,2662 684,2678"/>
                <Baseline points="692,2764 793,2756 895,2749 997,2738 1099,2726 1201,2714 1302,2703 1404,2691 1506,2682 1608,2671 1710,2663 1811,2654 1913,2645 2015,2633 2117,2622 2219,2613 2320,2604 2422,2594 2524,2584 2626,2577 2728,2576"/>
                <TextEquiv>
                    <Unicode>der botte; solbotvorsbändlien, vonn du mich eningst¬</Unicode>
                </TextEquiv>
            </TextLine>
            <TextLine id="tr_1_tl_22" custom="readingOrder {index:21;}">
                <Coords points="692,2902 1455,2837 1711,2774 2030,2785 2145,2735 2505,2751 2513,2678 2406,2628 1698,2741 1387,2712 1230,2793 1150,2761 1053,2814 982,2777 705,2785"/>
                <Baseline points="710,2871 800,2869 890,2860 980,2852 1071,2841 1161,2837 1251,2825 1342,2813 1432,2805 1522,2792 1613,2786 1703,2774 1793,2767 1883,2758 1974,2749 2064,2740 2154,2731 2245,2722 2335,2713 2425,2707 2516,2704"/>
                <TextEquiv>
                    <Unicode>aver ich tago dir, ss ist nichts et kitoltert.</Unicode>
                </TextEquiv>
            </TextLine>
            <TextLine id="tr_1_tl_23" custom="readingOrder {index:22;}">
                <Coords points="705,2991 820,3015 972,2968 1011,3002 1719,2887 1805,2918 2171,2863 2247,2892 2565,2806 2725,2858 2735,2748 2599,2727 1941,2808 1628,2790 1089,2923 1055,2892 713,2923"/>
                <Baseline points="722,2982 822,2978 923,2969 1024,2960 1125,2947 1226,2936 1327,2927 1428,2913 1529,2904 1630,2897 1731,2885 1831,2875 1932,2865 2033,2852 2134,2844 2235,2835 2336,2827 2437,2817 2538,2809 2639,2798 2740,2788"/>
                <TextEquiv>
                    <Unicode>Eraetorst, ras rolss ich. Weil zue nich kenet, derich</Unicode>
                </TextEquiv>
            </TextLine>
            <TextLine id="tr_1_tl_24" custom="readingOrder {index:23;}">
                <Coords points="713,3127 1027,3143 1928,3015 2197,3051 2432,2981 2526,3020 2555,2923 2469,2884 2268,2897 2069,2963 1641,2965 1573,3007 1445,2957 1183,2955 995,3046 724,3004"/>
                <Baseline points="731,3113 822,3106 913,3096 1005,3088 1096,3076 1187,3073 1279,3064 1370,3059 1461,3051 1553,3043 1644,3035 1735,3027 1827,3019 1918,3012 2009,3004 2101,2998 2192,2992 2283,2985 2375,2979 2466,2970 2558,2967"/>
                <TextEquiv>
                    <Unicode>geniert es diel. Ich glauhe nicht einmug dass</Unicode>
                </TextEquiv>
            </TextLine>
            <TextEquiv>
                <Unicode></Unicode>
            </TextEquiv>
        </TextRegion>
    </Page>
</PcGts>
