<?xml version="1.0" encoding="UTF-8" standalone="yes"?>
<PcGts xmlns="http://schema.primaresearch.org/PAGE/gts/pagecontent/2013-07-15" xmlns:xsi="http://www.w3.org/2001/XMLSchema-instance" xsi:schemaLocation="http://schema.primaresearch.org/PAGE/gts/pagecontent/2013-07-15 http://schema.primaresearch.org/PAGE/gts/pagecontent/2013-07-15/pagecontent.xsd">
    <Metadata>
        <Creator>prov=READ-COOP:name=PyLaia@TranskribusPlatform:version=2.7.0:model_id=50870:lm=none:date=22_01_2024_18:57</Creator>
        <Created>2023-09-27T14:37:21.270+02:00</Created>
        <LastChange>2024-01-22T18:57:07.217+01:00</LastChange>
        <TranskribusMetadata docId="1589044" pageId="60124399" pageNr="29" tsid="145633872" status="IN_PROGRESS" userId="40391" imgUrl="https://files.transkribus.eu/Get?id=PGFKGJXEHEGDKAKJYEQMVDFN&amp;fileType=view" xmlUrl="https://files.transkribus.eu/Get?id=QPDQVFHCMIYLAORHCYDBLSHB" imageId="48549476"/>
    </Metadata>
    <Page imageFilename="1589044_0029.jpg" imageWidth="3176" imageHeight="3640">
        <ReadingOrder>
            <OrderedGroup id="ro_1711791529257" caption="Regions reading order">
                <RegionRefIndexed index="0" regionRef="tr_1"/>
            </OrderedGroup>
        </ReadingOrder>
        <TextRegion orientation="0.0" id="tr_1" custom="readingOrder {index:0;}">
            <Coords points="862,576 862,3191 2897,3191 2897,576"/>
            <TextLine id="tr_1_tl_1" custom="readingOrder {index:0;}">
                <Coords points="882,698 1582,678 1822,720 1937,666 2081,698 2402,678 2500,632 2738,654 2740,573 2571,549 2429,590 2214,536 2028,612 1406,583 1308,639 1092,595 982,649 884,612"/>
                <Baseline points="895,686 987,686 1079,684 1172,680 1264,680 1357,674 1449,674 1542,671 1634,668 1727,667 1819,658 1911,659 2004,652 2096,650 2189,648 2281,645 2374,642 2466,638 2559,635 2651,629 2744,629"/>
                <TextEquiv>
                    <Unicode>Ferdinand: Danke sehr,gnädige Frau. Bitte nicht</Unicode>
                </TextEquiv>
            </TextLine>
            <TextLine id="tr_1_tl_2" custom="readingOrder {index:1;}">
                <Coords points="877,857 2723,774 2725,708 2679,688 2561,730 2405,700 1952,742 1878,700 1526,762 1425,722 1335,769 882,754"/>
                <Baseline points="892,823 983,823 1075,817 1167,814 1259,811 1351,807 1443,807 1535,804 1627,799 1719,798 1811,798 1902,791 1994,785 2086,782 2178,774 2270,775 2362,773 2454,772 2546,772 2638,766 2730,763"/>
                <TextEquiv>
                    <Unicode>so viel. (um sich sehend) komisch - ich bin doch</Unicode>
                </TextEquiv>
            </TextLine>
            <TextLine id="tr_1_tl_3" custom="readingOrder {index:2;}">
                <Coords points="2287,852 2314,845 2339,860 2348,852 2368,857 2385,872 2407,862 2427,874 2439,867 2461,872 2459,793 2417,784 2410,793 2385,779 2368,788 2336,779 2285,786"/>
                <Baseline points="2297,844 2324,846 2352,848 2380,850 2408,850 2436,850 2464,847"/>
                <TextEquiv>
                    <Unicode>N. et</Unicode>
                </TextEquiv>
            </TextLine>
            <TextLine id="tr_1_tl_4" custom="readingOrder {index:3;}">
                <Coords points="882,984 1761,928 2268,948 2461,908 2657,938 2718,916 2721,833 2586,867 2508,828 2429,874 2204,840 2091,879 1876,840 1663,891 1178,872 1043,928 884,884"/>
                <Baseline points="895,951 986,953 1077,948 1169,947 1260,944 1352,941 1443,940 1535,936 1626,932 1718,928 1809,925 1900,921 1992,922 2083,921 2175,912 2266,910 2358,908 2449,907 2541,904 2632,901 2724,904"/>
                <TextEquiv>
                    <Unicode>das erste Mal hier und mir ist,als wäre ich in</Unicode>
                </TextEquiv>
            </TextLine>
            <TextLine id="tr_1_tl_5" custom="readingOrder {index:4;}">
                <Coords points="850,1099 1726,1068 1792,1099 2052,1060 2055,994 1954,1014 1763,938 1616,1026 1518,989 1295,1038 1178,987 852,1053"/>
                <Baseline points="862,1094 921,1088 981,1086 1041,1085 1101,1081 1161,1077 1220,1077 1280,1075 1340,1074 1400,1074 1460,1070 1519,1068 1579,1068 1639,1068 1699,1062 1759,1059 1818,1059 1878,1056 1938,1054 1998,1056 2058,1059"/>
                <TextEquiv>
                    <Unicode>diesem Zimmer schon geweden.</Unicode>
                </TextEquiv>
            </TextLine>
            <TextLine id="tr_1_tl_6" custom="readingOrder {index:5;}">
                <Coords points="884,1222 1168,1207 1286,1244 1371,1212 1425,1246 1575,1202 2015,1227 2241,1185 2361,1217 2461,1168 2826,1185 2806,1077 2407,1122 2317,1092 2197,1136 2133,1102 1545,1153 886,1141"/>
                <Baseline points="898,1214 994,1214 1091,1211 1187,1205 1284,1202 1381,1200 1477,1199 1574,1193 1671,1193 1767,1189 1864,1189 1961,1184 2057,1180 2154,1178 2251,1178 2347,1172 2444,1167 2541,1167 2637,1163 2734,1160 2831,1157"/>
                <TextEquiv>
                    <Unicode>Adele: Fein Wunder. Es sind ja die Möbel aus Ber-</Unicode>
                </TextEquiv>
            </TextLine>
            <TextLine id="tr_1_tl_7" custom="readingOrder {index:6;}">
                <Coords points="894,1366 2182,1342 2246,1273 894,1276"/>
                <Baseline points="907,1345 974,1342 1041,1342 1108,1339 1175,1339 1242,1336 1309,1333 1376,1333 1443,1327 1510,1328 1578,1324 1645,1324 1712,1324 1779,1320 1846,1321 1913,1315 1980,1315 2047,1312 2114,1312 2181,1312 2249,1318"/>
                <TextEquiv>
                    <Unicode>tholds alter Junggeselienwohnung.</Unicode>
                </TextEquiv>
            </TextLine>
            <TextLine id="tr_1_tl_8" custom="readingOrder {index:7;}">
                <Coords points="891,1491 1327,1464 1425,1496 1464,1462 1530,1486 1739,1452 1868,1479 1868,1393 1501,1406 1393,1366 1144,1425 891,1408"/>
                <Baseline points="904,1467 952,1467 1000,1467 1049,1467 1097,1465 1146,1464 1194,1464 1243,1461 1291,1464 1340,1464 1388,1461 1436,1462 1485,1463 1533,1459 1582,1456 1630,1453 1679,1450 1727,1450 1776,1450 1824,1450 1873,1453"/>
                <TextEquiv>
                    <Unicode>Ferdinand: Ach ja, darum.</Unicode>
                </TextEquiv>
            </TextLine>
            <TextLine id="tr_1_tl_9" custom="readingOrder {index:8;}">
                <Coords points="896,1611 1459,1589 1553,1628 1849,1577 1974,1621 2042,1575 2133,1609 2253,1572 2378,1614 2601,1594 2603,1516 2268,1491 2081,1533 1939,1486 1851,1528 1756,1494 1604,1538 1224,1504 1092,1550 896,1535"/>
                <Baseline points="910,1596 994,1599 1079,1596 1164,1595 1249,1591 1334,1588 1419,1586 1503,1584 1588,1583 1673,1581 1758,1575 1843,1575 1928,1573 2013,1569 2097,1569 2182,1566 2267,1563 2352,1562 2437,1558 2522,1557 2607,1560"/>
                <TextEquiv>
                    <Unicode>Adele: Nur der Kamin hat eine andere Farbe.</Unicode>
                </TextEquiv>
            </TextLine>
            <TextLine id="tr_1_tl_10" custom="readingOrder {index:9;}">
                <Coords points="904,1734 2010,1744 2148,1702 2368,1753 2515,1687 2828,1709 2831,1636 2532,1594 2439,1646 2255,1611 2184,1663 2042,1604 1746,1665 1474,1628 1234,1675 906,1658"/>
                <Baseline points="918,1724 1019,1721 1120,1718 1221,1718 1322,1718 1423,1714 1524,1714 1625,1709 1726,1704 1827,1703 1928,1703 2029,1697 2130,1694 2231,1697 2332,1692 2433,1688 2534,1685 2635,1685 2736,1680 2837,1679"/>
                <TextEquiv>
                    <Unicode>Ferdinand: Richtig. - Sie haben es hier übrigens</Unicode>
                </TextEquiv>
            </TextLine>
            <TextLine id="tr_1_tl_11" custom="readingOrder {index:10;}">
                <Coords points="984,1807 1028,1807 1046,1792 1058,1805 1102,1797 1131,1812 1171,1797 1205,1810 1222,1795 1327,1802 1327,1721 1024,1741 984,1726"/>
                <Baseline points="999,1790 1024,1790 1050,1788 1076,1787 1101,1787 1127,1787 1153,1787 1178,1787 1204,1787 1230,1785 1255,1785 1281,1787 1307,1787 1333,1787"/>
                <TextEquiv>
                    <Unicode>we</Unicode>
                </TextEquiv>
            </TextLine>
            <TextLine id="tr_1_tl_12" custom="readingOrder {index:11;}">
                <Coords points="901,1883 1462,1883 1535,1846 1795,1851 1797,1810 1628,1775 1131,1815 904,1797"/>
                <Baseline points="915,1855 959,1852 1003,1852 1048,1855 1092,1855 1136,1852 1181,1849 1225,1849 1269,1849 1314,1846 1358,1849 1402,1849 1447,1846 1491,1843 1535,1843 1580,1840 1624,1843 1668,1837 1713,1840 1757,1843 1802,1843"/>
                <TextEquiv>
                    <Unicode>wundervell getroffen.</Unicode>
                </TextEquiv>
            </TextLine>
            <TextLine id="tr_1_tl_13" custom="readingOrder {index:12;}">
                <Coords points="896,2003 1474,2037 1802,1964 2858,1949 2831,1876 2615,1903 2402,1866 2285,1910 2067,1878 1824,1925 1712,1886 1097,1878 899,1927"/>
                <Baseline points="910,1990 1007,1985 1105,1982 1203,1981 1300,1978 1398,1975 1496,1972 1593,1969 1691,1969 1789,1966 1887,1960 1984,1957 2082,1955 2180,1954 2277,1951 2375,1948 2473,1947 2570,1945 2668,1942 2766,1940 2864,1942"/>
                <TextEquiv>
                    <Unicode>Adxxx Berthold: Nicht wahr? Und die Villa war in</Unicode>
                </TextEquiv>
            </TextLine>
            <TextLine id="tr_1_tl_14" custom="readingOrder {index:13;}">
                <Coords points="908,2157 1134,2177 1464,2126 1592,2167 1935,2096 2845,2118 2845,2040 2650,1996 2498,2050 1773,2015 1624,2062 1068,2032 911,2069"/>
                <Baseline points="921,2118 1017,2118 1114,2117 1210,2115 1307,2114 1403,2110 1500,2107 1596,2103 1693,2103 1789,2098 1886,2097 1983,2094 2079,2092 2176,2088 2272,2088 2369,2085 2465,2085 2562,2080 2658,2076 2755,2076 2852,2070"/>
                <TextEquiv>
                    <Unicode>ausgezeichnetem Zustand. Wir mussten nur ganz We-</Unicode>
                </TextEquiv>
            </TextLine>
            <TextLine id="tr_1_tl_15" custom="readingOrder {index:14;}">
                <Coords points="904,2272 1171,2302 1398,2255 1783,2243 1939,2285 2258,2231 2343,2275 2498,2246 2645,2282 2850,2246 2853,2130 1859,2197 1687,2148 1518,2204 1281,2211 1215,2174 906,2211"/>
                <Baseline points="918,2261 1014,2258 1111,2255 1208,2253 1305,2254 1402,2252 1499,2250 1595,2246 1692,2240 1789,2240 1886,2236 1983,2234 2080,2231 2177,2231 2273,2228 2370,2225 2467,2223 2564,2219 2661,2219 2758,2216 2855,2216"/>
                <TextEquiv>
                    <Unicode>niges adaptieren. Adelens Mutter hat die Arbeiten-</Unicode>
                </TextEquiv>
            </TextLine>
            <TextLine id="tr_1_tl_16" custom="readingOrder {index:15;}">
                <Coords points="899,2424 935,2414 975,2434 1011,2414 1055,2424 1080,2402 1141,2417 1197,2397 1325,2424 1327,2324 1293,2339 1266,2309 1161,2348 1104,2324 1058,2348 901,2331"/>
                <Baseline points="915,2386 941,2388 967,2387 993,2386 1019,2386 1045,2386 1071,2386 1097,2384 1124,2383 1150,2383 1176,2383 1202,2383 1228,2383 1254,2382 1280,2381 1306,2381 1333,2383"/>
                <TextEquiv>
                    <Unicode>überwacht.</Unicode>
                </TextEquiv>
            </TextLine>
            <TextLine id="tr_1_tl_17" custom="readingOrder {index:16;}">
                <Coords points="906,2537 2138,2537 2383,2490 2691,2534 2833,2485 2836,2439 2569,2380 2179,2437 2074,2392 1856,2449 1484,2456 1339,2410 908,2451"/>
                <Baseline points="921,2527 1022,2521 1123,2518 1224,2518 1325,2515 1426,2513 1527,2507 1628,2506 1729,2505 1830,2500 1931,2498 2032,2500 2133,2491 2234,2488 2335,2486 2436,2485 2537,2483 2638,2487 2739,2480 2840,2479"/>
                <TextEquiv>
                    <Unicode>Adele:Es war nicht so schwer, Berthold hat Apr al-</Unicode>
                </TextEquiv>
            </TextLine>
            <TextLine id="tr_1_tl_18" custom="readingOrder {index:17;}">
                <Coords points="908,2676 2204,2664 2456,2635 2459,2564 2189,2581 2099,2534 1930,2593 1268,2583 1224,2628 908,2598"/>
                <Baseline points="921,2658 998,2657 1075,2652 1152,2652 1229,2652 1306,2649 1383,2649 1460,2646 1537,2646 1614,2643 1691,2641 1768,2635 1845,2634 1922,2637 1999,2632 2076,2631 2153,2631 2230,2631 2307,2623 2384,2622 2461,2625"/>
                <TextEquiv>
                    <Unicode>les bis ins geringste Detail angegeben.</Unicode>
                </TextEquiv>
            </TextLine>
            <TextLine id="tr_1_tl_19" custom="readingOrder {index:18;}">
                <Coords points="918,2811 1851,2774 2170,2814 2334,2767 2828,2760 2828,2708 2686,2686 2373,2686 2304,2728 2074,2689 1841,2735 1579,2703 1504,2740 921,2708"/>
                <Baseline points="933,2792 1028,2787 1123,2787 1218,2781 1313,2783 1408,2780 1503,2777 1598,2776 1693,2774 1788,2770 1883,2768 1978,2765 2073,2765 2168,2762 2263,2762 2358,2765 2453,2761 2548,2757 2643,2755 2738,2753 2834,2753"/>
                <TextEquiv>
                    <Unicode>Ferdinand: Das kann ich mir denken. Ich für mei-</Unicode>
                </TextEquiv>
            </TextLine>
            <TextLine id="tr_1_tl_20" custom="readingOrder {index:19;}">
                <Coords points="911,2931 2608,2860 2836,2894 2858,2809 2233,2819 2072,2782 1954,2841 1783,2789 913,2875"/>
                <Baseline points="927,2912 1023,2906 1120,2906 1217,2902 1313,2900 1410,2897 1507,2894 1603,2888 1700,2885 1797,2882 1894,2878 1990,2873 2087,2870 2184,2867 2280,2864 2377,2861 2474,2858 2570,2856 2667,2853 2764,2852 2861,2849"/>
                <TextEquiv>
                    <Unicode>nen Teil lasse mich lieber ein wenig überraschen.</Unicode>
                </TextEquiv>
            </TextLine>
            <TextLine id="tr_1_tl_21" custom="readingOrder {index:20;}">
                <Coords points="923,3049 1099,3078 1366,3027 1611,3068 1846,3014 2890,2995 2892,2924 2725,2902 1932,2973 1841,2929 1148,2992 926,2963"/>
                <Baseline points="939,3037 1036,3037 1134,3034 1232,3032 1330,3028 1428,3025 1526,3022 1624,3018 1722,3016 1820,3013 1918,3010 2015,3004 2113,3001 2211,2998 2309,2995 2407,2995 2505,2989 2603,2989 2701,2986 2799,2983 2897,2980"/>
                <TextEquiv>
                    <Unicode>Wenigstens in den Details,-das gibt dem Leben mehr</Unicode>
                </TextEquiv>
            </TextLine>
            <TextLine id="tr_1_tl_22" custom="readingOrder {index:21;}">
                <Coords points="921,3210 1484,3154 1650,3203 1910,3201 2013,3147 2353,3164 2356,3071 2108,3044 1577,3112 1464,3071 1298,3112 1205,3083 1141,3127 926,3098"/>
                <Baseline points="936,3159 1007,3164 1078,3165 1149,3165 1220,3162 1292,3159 1363,3157 1434,3157 1505,3151 1576,3148 1648,3147 1719,3145 1790,3145 1861,3144 1932,3138 2004,3138 2075,3134 2146,3132 2217,3130 2288,3128 2360,3123"/>
                <TextEquiv>
                    <Unicode>Reiz. Finden Sie nicht, gnädige Frau?</Unicode>
                </TextEquiv>
            </TextLine>
            <TextEquiv>
                <Unicode></Unicode>
            </TextEquiv>
        </TextRegion>
    </Page>
</PcGts>
