3112 3560
803 464 2840 664 Chancen für ihn wie für mich. Ich habe keine Schuld
797 629 2704 765 zu büssen. Die Bedingungen werden für mich nicht
811 776 2904 899 schlechter sein als für ihn. Auch sein Hass ist nicht
795 888 2861 1043 grösser als der meine und die Schurkerei ist völlig,
795 1024 2754 1189 auf seiner Seite. Nicht meinem Richter stelle ich
776 1146 2925 1304 mich,ich trete vor meinen Feind und er vor den seinen,
779 1293 2818 1434 Die Frage ist hier nicht,wer der Beleidiger ist und
781 1426 2802 1565 wer der Beleidigte.Es handelt sich darum, dass einer
773 1560 1514 1706 aus der Welt muss.
