3176 3560
1509 501 2039 626 verübeln, ven
1981 477 2881 624 Ihn du in einem solchen
1087 511 1672 638 wird es dir Ve-
2622 571 2859 648 Berthtr
1993 609 2164 722 nFga
1521 640 1761 739 ernotU
1789 640 2058 753 ing eill
2085 612 2720 770 ach ablehnst/ Du
1091 643 1713 768 Fall jede Genug.
1919 741 2408 909 Ernst.d/1
1564 789 1885 914 nacht im
1094 796 1535 914 denkst doch
1473 880 1619 986 6ot
1737 871 2852 1012 irgend etwas an der leinung
1089 916 1578 1017 Adele: Liegt
1094 991 2893 1139 von Dumnköpfen? Ist dir irgend ein läppisches
1099 1135 2926 1281 Gerede, das ja bald verstunmen müsste wichtiger
1099 1238 2214 1386 als ich? Als unsere Zukunft?
1108 1370 2816 1530 Berthold: Darauf komnt es nicht an. Ee muss
1103 1504 2149 1617 sein. Ich habe keine Wahl.
1099 1629 2773 1751 Adele: keine Wahl? Ich versteh aich nicht.
1118 1749 2941 1912 Berthold: Oder wäre es dix lieber,wenn er mich
1103 1878 2977 2013 ohne weitere Formalität einfach niederschiessen
1103 2020 1360 2135 würde?
1111 2140 2703 2279 Adele: Das glaubst du doch selbst nicht.
1120 2245 2356 2375 Berthold: Er hat es geschworen.
1108 2346 2979 2471 Adele: Er wird zur Besinzung kommen. Wenn nicht
1108 2473 2972 2636 MaxenZxxxezTag gleich - so morgen, in drei
1123 2591 2946 2742 Tagen, in einer Woche. Geh ihm aus dem Weg. Ei-
1115 2677 2831 2835 nem Walis innigen ausweichen - verträgt sich
1127 2783 2720 2943 auch das nicht Euern Begriflen von Ehre?
1127 2919 3054 3102 Berthold: Er ist nicht wahnsinnig und ein Auswei-
1123 3082 1890 3200 chen gibt es nicht.
