2920 3512
569 449 2542 666 Adele: Ich habe ihn schwach gemacht; ich woli-
574 631 2517 808 te ihn zur Flucht überreden. Nur auf das le-
586 771 1390 906 bai kam es- mir an.
594 853 2408 1053 Ferdi nand: Sie haben wahrscheinlich Recht
584 986 2483 1183 Adele: Ich fühle, dass er auch nicht mit mir
574 1148 1502 1305 hätte fliehen dürfen.
599 1245 2445 1422 Ferdinand: Wie? Sie finder plötzlich, dass
584 1367 2493 1542 er sich einem Schürken, wie ich es biu,hätte
586 1532 1262 1667 stellen müssen?
584 1619 2495 1821 Adele: Ich fange an zu zweifeln, dass Siedas
599 1801 831 1916 siird.
594 1886 2537 2066 Ferdi nand: Wahrscheinlich haben Sie Inrecht.
594 2006 2600 2218 Adele: Wer eine Frau so liebt,wie Sie Cäcilig
601 2131 2465 2350 Ferdinand: Sie finden es also begreiflich,
599 2315 1240 2455 was ich getau?
616 2390 2505 2567 Adele: Nicht eutschuldbar,aber begreiflich.
614 2522 2590 2732 Ferdinaud: Ich beinahe nicht mehr. Umso weni
619 2650 2595 2849 ger, da es mir ja in dem Augenblick, in den ich
616 2764 2517 2944 Berthold jenen Handel vorschlug,Ernst damit
619 2989 808 3109 war.
