3032 3544
832 506 2549 677 Adele: Wir reisen ab. In dieser Nacht noch.
837 665 2337 801 Berthold: Du bist nicht bei dir,Adéle.
818 781 2661 936 Adele: Er selbst würde es dir danken,sobaid er
820 890 2699 1059 wieder zur Besinnung gekommen ist. Lass ihm nur
820 1033 1224 1132 Zeit dazu.
825 1130 2690 1296 Berthold: Er ist bei Besinrung.Aber er geht bis
815 1265 2757 1427 ans Ende. Eine Flucht wäre nicht nur verächtlich,
808 1403 1763 1558 sondern völlig sinnlos.
