3160 3624
842 572 2619 784 Berthold: (ist aufgestanden,geht zum Fenster)
840 703 2492 888 Wein. Aber u dem Fernen Wald bringt der
1618 830 2463 964 am chu fenen Mecd
1039 871 1190 974 bern
852 910 1949 1078 Wind die Gerüche zwupeler
845 976 2653 1197 Adele: (steht auch auf, zu ihm ans Fenster) Der
864 1137 2670 1304 Wald ist gar nicht so fern,keine zehn Minuten
876 1280 1984 1421 und schon fängt der Wald an.
1037 1370 2779 1567 otater wrst au nchHerzenstat spazie-
995 1580 1494 1706 sehen können
1351 1667 2711 1835 itlich niaht immer ohne Begleitung.
891 1728 1202 1828 AdeleiIe
866 1818 2826 2005 Berthold: Gewiss nicht. Do ich hebe soger die Mb-
2168 1872 2611 1947 wrenden ee
883 1915 2599 2151 sieht abends vor dem Nachtukhl regelnässig
896 2115 1375 2237 eine Stunde
888 2188 2804 2353 Adele: Nur kein frogranm, mein geliebter Redent.
2144 2290 2619 2361 wein en¬
903 2329 2826 2512 Let wärche schon Worgen Frühmit dir pazieren
1679 2434 2220 2534 weren ier
2319 2414 2809 2541 m. Bleine
896 2485 2541 2665 an petten. iitende Aagengem ces
915 2609 1835 2736 Berthold: Morgen Früh?
1234 2714 1404 2796 dder
913 2731 2718 2913 Adele: &a denket doch nicht dran schon morgen-
915 2901 1808 3028 ins Bureau zu wandern?
932 2981 2733 3176 Berthold: Ichwerde wohl müssen. Es haben sich
