3160 3560
432 284 702 420 5/5.1930
2231 437 2670 546 mir, dass es
920 442 1129 580 vorsp
1148 427 2338 585 ielen. Immer klarer wird es mi-
942 558 2792 723 nur eine gerächte Erledigung für unsere Angele-
932 697 1216 845 gerhe:t
1037 697 2862 847 nheit gibt. Du liebst deine Frau,-es ist an-
932 820 2823 981 zunehmen, dass der Gedanke sie in den Armen eines
932 983 2779 1126 Andern zu wissen,die Gewissheit, dass sie einem
935 1063 2784 1250 Andern gehörte. dür gerade so peinlich, so uner-
932 1221 2816 1386 träglich wäre, wie mir das Bewusstsein,dass Jüci-
927 1374 1896 1498 lie deine Geliebte war.
932 1473 1940 1641 Berthold: Wohin soll das?
932 1595 2833 1787 Fercinand: Muss ich deutlicher sein? Ich schlage
932 1716 2874 1893 dir eine gerechte Lösung vor,deeinzi gerechte.
925 1874 2806 2020 Ueberlasse mir Adele für eine Nacht, für heute
932 2044 1204 2148 Nacht.
939 2143 1818 2289 Berthold: (auf ihn los)
939 2262 2889 2396 Ferdinand: (abwehrend) Ruhig. Es war ein Vorschlag
935 2413 2729 2559 Niemand zwingt dich ihn anzunehmen, du sagst n
944 2546 1131 2673 gut.
942 2656 2704 2828 Berthold: Und, du glaubst, dass es damit abgetr
944 2809 1124 2940 ist?
954 2913 2726 3093 Ferdinand: Ich denke. Oder willst du jetzt von
