3176 3640
1139 620 1340 732 Auch
839 669 2682 866 Berthold: Schon in Rom (natürtiek. (nimmt hotiz-
839 805 2699 954 buch hervor) Vormittag Vatikan,Nachmittag Vil-
837 956 2550 1105 la Borghese,nachdem Diner Teatro Argentino-
830 1061 2774 1230 Adele: Hast du dir das trüher auch alles so genau
1613 1205 2216 1354 cnf in der Renr
827 1232 1437 1386 aufgeschrieben?
2389 1266 2740 1503 Fihe
849 1318 2316 1513 Berthold: Früher. - Hand.. Er gelt ken
839 1488 2145 1625 Adele: Und heute vor vier Wochen?
839 1606 2667 1762 Berthond: (hat sein Notizbuch eingesteckt, etwas
839 1754 2062 1893 ärgerlich) Ich weisses nicht.
1471 1859 1601 1935 es
822 1913 2725 2035 Adele: Ich weiss aber genau,ohne Notizbuch. In
830 2018 2701 2152 Syrakus waren wir heute vorverwocken. Es war
2569 2072 2862 2179 nn Blum
839 2118 2711 2284 ein wunderbarer Abend. Und ein Auversuft. Die
852 2252 2760 2413 ganze Nacht hatien wir die Balkontüre often ste-
837 2391 2677 2564 hen. ärinnerst du dich?(nahe zu ihm) In dieser
839 2533 2801 2684 Nacht war es. Du könntest es ruhig in dein Notiz-
852 2652 1454 2806 buch schreiben.
1835 2752 2076 2879 (Sare
842 2760 1774 2904 Berthold: Aber Adele-
1164 2869 1444 2952 miht de
834 2879 2791 3050 Adele: Und was ich besonders gern wissen möchte-
827 3035 2721 3206 wo du hum Beispiel heute vor einem Jahr gewesen
