2856 3400
295 2186 635 2371 Merfld
725 425 2391 570 Aiele (ist auch aufgestanden, zu ihm aus
732 543 2447 687 Fenster) Der Wald istnicht so fernzeu
714 664 2440 822 Hier. Kei ne Stunde weit. Dort über die
707 788 2440 957 Felder, dannden Hügel hinauf. Es ist ein
822 943 1475 1072 hr schöner Neg.
725 1063 2512 1216 Berthold: Du kennstdich so gut. hier aus?
707 1184 2422 1319 Alele: Natürlich. Wie ich mit Nama hier
705 1299 2474 1436 heraussen nach Wohnungen suchte, habe ich
691 1436 2391 1601 HIEF meine Forschungsreisen nach allen
702 1535 1038 1623 Rictlung
705 1598 1502 1722 Seiten ausgedelnt.
707 1695 2463 1873 Berthold: MaMier wirst du nach Herzens-
700 1837 1916 1974 lust spazieren gehen können.
696 1943 2456 2123 Adele: (sich zärtlich an ihn schniegend)
1495 2053 1801 2132 wer et
687 2087 2447 2229 Hoffentlich nicht immer ohne Begleitung.
1531 2172 1860 2281 nugnche
698 2177 2373 2382 Berthold: Jahleni ibh Zeit hätts. Aber
691 2346 2501 2512 Aband vor dem Nachtmahl werden wir regel-
698 2485 982 2605 mässig
707 2571 2445 2733 Adele: Nur kein Programm,meingeliebkr Pe-
689 2702 2494 2832 dant. Uebrigens wirst du doch hoffentlich
2055 2812 2350 2893 wanden
691 2879 2323 3014 nicht schon morgen ins Bureau gehen2
