2824 3464
238 493 2034 715 nicht einmal leid; denn ich hasse dich jetzt.
230 661 2352 792 Der Ehemann: Was kann ich dafür? Die Sache ist lingst
244 784 2385 938 aus, tot. Was stör' ich dicht Warum soll ich aus einem
233 927 1560 1069 Leben voll Gliick scheiden müssen?
225 1061 2061 1220 Der Freund: Du hast Recht, aber es muss sein.
222 1258 2431 1478 Er: Die Frau kommt hereih, weiss nichts und darf nichts
249 1469 630 1573 erfahren.
230 1546 1845 1757 Er: Vorschlag der Frau: nehmen Sie mich.
238 1749 1612 1993 Aufhelen der Gelichten? 3.
315 1941 2108 2155 Wie der Mann nahe decanist, der Vrschlegdet
318 2083 2223 2248 anrunebenler, see sich verechtlich in ihr wende l. ihn
304 2231 576 2407 ampeckt
