3192 3640
852 671 1465 789 gefunden haben.
845 756 2709 948 Adele: Aber wenn du im Gerichtssaal plaidierst,
852 934 2296 1047 da werde ich doch dabei sein dürfen?
842 1037 2774 1177 Berthold: Du würdest dich langwetlen. HeinexRzax
2368 1129 2649 1213 durta
849 1174 2738 1323 Rg Du weist ja, meine Prozesse sind bettrahen
842 1295 2616 1456 lehter Zivilangelegenheiten.Nichts für dich,
842 1427 2502 1607 mein Kind. It würkert dich langweilen
849 1552 2616 1675 Adele: Im Grunde ist es doch ein unmöglicher
857 1708 2726 1843 Zustand, dass du dich ewa zehn Stunden des Tags
1935 1793 2202 1867 u weitert
854 1807 2661 1976 mit lauter Dingen beschäftigst,von denen ich
857 1956 2669 2105 nichts weiss und nichts verstehe. Darin liegt
864 2103 2069 2233 beinahe etwas Unmoralisches.
864 2228 2642 2401 Berthold: (ruft vom Feneter aus hinüber, einen
869 2358 2438 2490 Gruss erwiedernd) Oh,guten xxkà Abend.
886 2495 2553 2632 dele: (befand sich jetzt am Theetisch) Wer-
866 2647 1323 2760 ist's denn?
866 2741 1684 2854 Berthold: Ferdinand.
861 2866 2028 2984 Adele: Wie? Ferdinand Rodek?
859 2967 2702 3198 Berthold: (einfach) Ja. Er wohnt ja hier gleich
873 3152 1360 3265 um die Ecke.
