3112 3528
762 510 2677 658 einfallt, daes du dich für eine gewesene Geliebte
752 674 1639 825 hast umbringen lassen.
752 775 2804 926 Berthold: Wo soll das hinführen? Was willst du von
757 910 2744 1043 mir? Allessist vergeblich. Du weisst, dass ich nicht
762 1054 2729 1197 fliehen werde, dass ich s eine Sekundantennicht weg-
762 1171 2750 1314 schicken, dass ich ihn nicht wegen seiner Vuellfor-
757 1301 2843 1420 derung dem Gericht anzeigen werde. Es ist ein Schick-
760 1475 2781 1592 sal wie ein anderes und es muss hingenommen werden.
749 1587 1678 1706 Adele: Ein Schicksal -?
765 1701 2752 1857 Berthold: Ja. Denn als eine Schuld empfinde ich es
749 1831 2697 1969 nicht. Du hast es auch bie heute nicht getan. Nur
752 1969 2700 2102 eines empfinde ich als Schuld, dass ich so schwach-
747 2097 2742 2232 war mich vor dir zu verraten. Lass sie mich nicht
757 2227 2695 2383 so schwer büssen, sei edel und mach es mir leicht.
757 2359 2078 2484 Adele: Was willst du damit sagen?
747 2484 2692 2640 Eerthold: Fuge dich in das was unabänderlich ist.
752 2619 2700 2755 Tu es mit Würde. Es ist das Beste, das Einzige,was
757 2726 2692 2900 du in diesen sechsunddreissig Stunden tun kannst,
749 2877 1727 3017 die noch vor mir liegen.
754 2989 2073 3145 Adele: Warten bis es zu spät ist?
767 3088 2760 3291 Berthold: Es ist ein Dueli,Adele. Mit den gleichen
