3080 3624
1469 140 1913 271 dedetr
715 144 1150 327 Rett
917 525 2438 698 muss man nicht.Das wäre ja - wahn-
938 617 2528 894 nitzie)kein vernünftiger Mensch wird
1588 754 1848 856 erei di
948 756 2496 977 es dic üboli neten in einem solchen
959 871 2628 1092 Tall jede Genigtnung einfach absletnet
967 1011 2511 1225 tetten. tet wetfte rteht andeiner
975 1156 2507 1344 Courage, Berthold,aber wenn du wahr-
971 1290 2603 1488 haften Aat hastiso wirst du es verne
1038 1463 1227 1604 Ac.
1006 1538 2626 1736 Bertholi: Hudenkbar.Das wirst du dah
1009 1767 1386 1863 selbst-
1021 1788 2559 1994 Adele: Er hat lich überrumpelt.Nenn
1015 1930 2692 2140 du Zeit zur Besinnung gehabt hättest,-
1036 2063 2540 2255 so Hettest dupteich - Aber ss 156
1052 2213 2553 2403 ja nach nicht zu spät.Beksind ja
1056 2328 2478 2540 geelitaten zu erfällen, se1iel
1075 2459 2428 2642 ich neies. Du wirst deine. Fall
1071 2567 2534 2790 Freundenvorlegen, Ehrenmännerandch
1079 2719 2555 2901 bin überzeugt, dass sie es einfath
1090 2890 2071 3038 nicht zugeben werden-
1098 2978 2578 3155 Berthold: Du denkst doch nicht im
1115 3078 2567 3305 Ernst. kenne i er besinnung e
