2904 3496
527 486 713 622 tet.
527 590 1968 816 Ferdinand: Ich habe Sie erwartet.
534 761 1436 925 Adel-: Wiekonnten sie
532 857 2442 1076 Ferdinand: Es war die Bedingung, die ich ihm.
539 983 2550 1182 stellte.Da er so wenig Lust hatte seine Schuld
539 1109 2271 1308 zu bezahlen,hab ich ihm eine mildere Art
542 1300 1177 1449 vorgeschlagen.
542 1373 1986 1595 Adele: Ich sollte der Preis sein?
554 1557 1174 1709 Ferdinand: Ja.
554 1678 1429 1835 Adele: Hier Ein ich.
552 1741 2402 1971 Ferdinand: Die Rechnung ist beglichen. Sie
552 1890 2487 2066 sind dazer hat Sie kommen lassen,er eilt Ih-
562 2003 2404 2210 nen nicht nach, Sie haben ihn wieder,er hat
564 2187 1043 2341 Sie wieder.
567 2255 2414 2429 Adele: Ist es möglich; dass er nicht kommt?
570 2371 2515 2596 Dass er mich hat gehen lassen. Dann kann ich
572 2580 1608 2719 auch nie zu ihm zurück.
587 2621 2565 2873 Ferdinand: Das ist vielleicht selbsttäuschurg.
580 2767 2608 2969 Erinnern Sie sich doch, was zwischen Ihuen ver-
648 2903 2356 3084 ing,ehe Sie xi das Haus verliessen.
