2904 3512
536 398 2429 599 Schuldbewusstsein wird doch glauben,was ich
541 617 767 724 sage.
544 649 2398 840 Ferdinand: Und was daun? Er wird es nicht
536 822 2491 990 ertragen. Sie werden ihn endgiltig verlieren.
531 957 2115 1143 Adele: Hab ich es nicht schon gelan!
544 1063 2499 1223 Ferdinand: Ich glaube selbst, Aber umso weni
546 1200 2331 1378 ger ist eine solche Komödie Ihrer würdi-.
539 1313 2446 1524 Adele: Und wenn ich ihm sagte, dass Sie edel-
531 1466 2311 1657 mütig verzichtet haben - was dann? Mürde
541 1614 1248 1752 er das ertragen?
556 1717 2311 1865 Ferdinand: Verzichtet? Sie müssen ihm ja
544 1847 2040 2038 nicht sagen,dass Sie bereit waren.
541 1965 2120 2160 Adele: Das aber werde ich ihm sagen.
554 2088 2308 2288 Ferdi naud: Davon wird er sich erholen.Er
551 2221 2356 2401 wird sie eine Weile quälen, aber gehört zu
526 2366 2481 2534 den Leuten, für die am Ende doch nur das Tat-
554 2491 2564 2657 sächliche Bedeutung hat.Es fehlt ihm das Grai-
551 2591 2383 2792 en vor den nichtgelebten Dingen,die ja ei-
549 2762 2323 2917 gentlich das tiefste Wesen unserer Seele
546 2917 997 3045 ausmachen.
