3176 3640
822 698 1430 825 ganz ähnlicher?
2328 786 2754 917 einem Spte-
820 788 2260 929 Berthold: Es-wur auch ein Kamin, - mit
812 924 2771 1104 get drüber Aber die Dann war anders und der Mar-
1975 1041 2180 1204 (8.
812 1104 1515 1228 mor war dunkler..
825 1189 2625 1387 Adele: Ja, stimmt -Ae ixxxarung ungenau
827 1357 1744 1484 man sich doch erinnert.
847 1467 2703 1635 Berthold: (hat indess begonnen Briefe zu öffnen)
837 1581 2751 1768 Du nist doch nur einmal bei mir gewesen-mit dei-
839 1742 1462 1868 ner Mare Motle
847 1858 2720 2000 Adele: Richtig. Andere werden sich schon genau-
1231 1963 1783 2051 binde otne
842 2009 2771 2153 er erinnern - die nichtimytder Mama bei dir wa-
849 2192 1019 2277 ren.
854 2248 2778 2435 Berthold: (lächelt,streichelt zärtlich, aber zer--
854 2386 2756 2569 streut ihre Wange).(Er ist jetzt mit der Handta-
861 2508 2630 2690 sche beschäftigt, entnimit ihr eine Mappe,ein
861 2671 2630 2834 Necessaire, ein Buch, ein Fapiermesser, einen
871 2810 1494 2958 Revolver/Papper
871 2890 2819 3065 Adele: Das hätte die Elise nicht besorgen können?
873 3072 1248 3189 Oder Jek?
1377 3089 1588 3238 sels
878 3174 2386 3337 Berthold: Da sjnd ja auch Aptenstücke.
1095 3279 1883 3449 Wichlge Sepuen
