3064 3640
893 522 2566 699 Frau bei ihrer Mutter ist„Es ist nicht
899 668 2571 865 einmal wahr, dass sie mir etwas gestan-
893 810 2563 973 den hat.Und es war meine Absicht jetzt
905 936 2528 1122 gleich wieder ,it meinem Wagen,der an-
885 1076 2440 1247 der Ecke wartet, hinauszufahren.Aber
888 1221 2477 1387 unter den durch meinen Vorschlag neu
899 1347 2474 1518 geschaffenen Umständen, (er sieht auf
890 1470 2557 1649 die Uhr)-es ist halb zwölf.Bis ein Uhr
890 1587 2566 1752 morgens werde ich warten.Die Frist ist
885 1735 2294 1886 hoffentlich lang genug bemessen.
885 1841 2574 2003 Sonst-auf Hiederschen worgen Abend un
896 2009 1161 2157 socts.
885 2095 2580 2294 Bethold: (Weisst du noch, was du sprichst
882 2263 2557 2417 Hast du noch nicht verstauden,dass ich
277 2349 779 2480 deca Kauict
885 2369 2474 2537 bereit bin? Was willst du jetzt noch
260 2446 799 2600 Klug. Sei ner
882 2497 2300 2628 it deinem wahnwitzigen gefasel?
2389 2563 2563 2680 et
1102 2608 2069 2677 Viellencht mihle auter at
260 2577 2548 2808 l aretFordinand) Dass auch du michhasek, nie
268 2685 856 2839 Ted. id megn leb
882 2754 2383 2937 ich dieh, dass wir uns mit gleichen
280 2811 836 2937 - dien ganz dralt
890 2888 2500 3059 chancen gegenüberstehen morgen Abend.
317 2911 722 3056 Art. Un
1735 2994 1932 3085 Ghun
2152 2996 2488 3111 Deuh ke
870 3036 2043 3208 Berthold: Sie sindigtenh.
291 3019 793 3173 Sunederbest
285 3125 2528 3325 he diresen. Ferdinand: Ich binis zufrieden. (Cl.1
