3176 3624
794 584 1567 686 Ferainand, Berthold.
848 730 1268 814 ürze Pause.
797 850 1757 1004 Berthold: (Fragend) Also?
797 945 2782 1135 Ferdinand: (ruhig) wie ich schon vorhin bemerkte, zu
2443 1048 2636 1132 mict
1972 1055 2226 1142 see
791 1094 2700 1242 me inem Leidwesen ist leider niekt mehr Platz, für
794 1255 2157 1388 uns Beide auf dieser schönen Welt.
804 1360 2636 1552 Berthodd: Und darf ich mir die Frage erlauben.
1258 1455 2838 1544 Dacuildi de in mie überflump Poni epans
797 1514 2787 1644 Ferdinand: Gewiss. Càcilie selbst hat mir alles ge-
802 1611 2863 1765 standen. Ich weiss es aus ihrem eigenen Mund,«a dass
797 1731 2799 1926 sie zwei Jahre lang deine Geliebte war. Zwei Jahre
889 1913 1811 2059 s zu deinem Hochzeitul
2151 1908 2551 2062 Artnanr
814 2013 2812 2190 Berthold: (wil erwidern,schreigt) Natürlich Bedurf-
814 2162 2761 2320 te es ihres Geständnisses nicht. Hur damit di dir
817 2303 2833 2459 überfterige raxen erspart - Ich hatte es natür-
817 2428 2717 2561 tien längst gewusst. Vom ersten Tag an ungefährg
1601 2523 1752 2595 der
812 2518 2694 2702 Berthold: Nun, du hast) ja Zeit gehebt. gelann
2413 2625 2661 2710 lac1u
825 2689 2758 2812 Ferdinand: Es war vorher kein Anlass - Wir lebten
822 2774 2712 2910 ja - wie dir bekannt sein dürfte,völlig fern von
812 2917 2802 3063 einander. Ich war sogar der festen Meinung, mit. Cä-
812 3045 2840 3191 cilie für immer fertig zu sein. Nun,es hat sich hie-
848 3166 2797 3345 rausgestellt, über jeden Zweifel hinaus hat es sich
