3096 3656
955 149 1152 301 11
1058 546 2465 767 Oder die angeborene Veklogenheit
1066 741 2547 869 unseres mattherzigen Jahrhunderts.
1068 845 2641 1021 Darui Soll es auf die übliche korrek
1731 972 1925 1041 Aten
1058 966 2567 1140 te Art erledigt werden. (Ich wollte
1056 1127 2398 1287 dir nur noch mitteilei),dass von
1043 1246 2600 1391 ux iner Seite alles vorbereitet ist,
1051 1383 2567 1542 Mir wird es ein leichtes sein dei-
1076 1514 2578 1665 ne Zeugen in den erstenfrühstunden
1068 1620 2619 1788 zu finden und es steht nichts dawi-
1080 1774 2619 1878 der, dass die Sache nicht schon mor-
1358 1858 1878 1954 Sonemumlergen
1070 1917 2574 2027 gen vor Abed abgetan sein könnte.
1086 2023 2596 2197 Berthold:(Ich werde mich nicht mit
1084 2181 1677 2283 dir schlagen.
1864 2185 2001 2308 dh
1090 2258 2588 2418 Ferdinand: (ruhi,) nu wirst. (Schon
1082 2418 2600 2549 darum, weil ein Duell dir noch ver-
1086 2535 2633 2686 hältnismässig die besten Aussichten
1090 2645 2645 2817 bieket. Wenn du ablehnst Gerschaffe
1099 2811 2647 2958 ich mir meine Genugtuung auf andere
1084 2940 2539 3136 Heise.) Dann heisst es nicht mehr:
1099 3040 2524 3216 einer von uns beiden, dann heisst-
1103 3198 2600 3359 es einfach:Du musst aus der Welt.
