<?xml version="1.0" encoding="UTF-8" standalone="yes"?>
<PcGts xmlns="http://schema.primaresearch.org/PAGE/gts/pagecontent/2013-07-15" xmlns:xsi="http://www.w3.org/2001/XMLSchema-instance" xsi:schemaLocation="http://schema.primaresearch.org/PAGE/gts/pagecontent/2013-07-15 http://schema.primaresearch.org/PAGE/gts/pagecontent/2013-07-15/pagecontent.xsd">
    <Metadata>
        <Creator>prov=READ-COOP:name=PyLaia@TranskribusPlatform:version=2.7.0:model_id=50870:lm=none:date=22_01_2024_18:57</Creator>
        <Created>2023-09-27T14:37:27.351+02:00</Created>
        <LastChange>2024-01-22T18:57:18.462+01:00</LastChange>
        <TranskribusMetadata docId="1589044" pageId="60124615" pageNr="81" tsid="145633973" status="IN_PROGRESS" userId="40391" imgUrl="https://files.transkribus.eu/Get?id=TZCDBSUILHMXIZAVBNGFWMNO&amp;fileType=view" xmlUrl="https://files.transkribus.eu/Get?id=MZDJNNRMNHODEVEAULAFEICX" imageId="48549692"/>
    </Metadata>
    <Page imageFilename="1589044_0081.jpg" imageWidth="2808" imageHeight="3464">
        <ReadingOrder>
            <OrderedGroup id="ro_1711791597795" caption="Regions reading order">
                <RegionRefIndexed index="0" regionRef="tr_1"/>
            </OrderedGroup>
        </ReadingOrder>
        <TextRegion orientation="0.0" id="tr_1" custom="readingOrder {index:0;}">
            <Coords points="695,292 695,3026 2577,3026 2577,292"/>
            <TextLine id="tr_1_tl_1" custom="readingOrder {index:0;}">
                <Coords points="1944,452 2086,443 2069,206 2058,206 2030,237 1995,241 1963,269 1933,262"/>
                <Baseline points="1949,343 1976,347 2003,349 2030,349 2057,351 2084,355"/>
                <TextEquiv>
                    <Unicode></Unicode>
                </TextEquiv>
            </TextLine>
            <TextLine id="tr_1_tl_2" custom="readingOrder {index:1;}">
                <Coords points="2271,429 2313,436 2332,422 2346,425 2355,415 2371,427 2408,422 2408,318 2373,322 2352,339 2343,332 2325,339 2311,332 2297,343 2288,334 2271,334"/>
                <Baseline points="2284,403 2309,400 2335,397 2360,397 2386,399 2412,403"/>
                <TextEquiv>
                    <Unicode>20</Unicode>
                </TextEquiv>
            </TextLine>
            <TextLine id="tr_1_tl_3" custom="readingOrder {index:2;}">
                <Coords points="1255,585 2499,571 2501,450 2060,476 1949,422 1826,487 1257,492"/>
                <Baseline points="1269,560 1330,548 1392,546 1454,545 1516,546 1578,543 1639,543 1701,543 1763,540 1825,538 1887,536 1948,534 2010,531 2072,533 2134,533 2196,531 2257,528 2319,528 2381,524 2443,522 2505,522"/>
                <TextEquiv>
                    <Unicode>gewesen, wir weyden noch seli-</Unicode>
                </TextEquiv>
            </TextLine>
            <TextLine id="tr_1_tl_4" custom="readingOrder {index:3;}">
                <Coords points="682,608 719,587 844,601 916,580 1012,606 1144,585 1144,478 1097,455 991,513 956,494 886,501 856,478 789,496 715,487 682,508"/>
                <Baseline points="695,564 720,561 745,561 770,559 795,558 821,558 846,558 871,558 896,559 922,561 947,560 972,558 997,556 1022,555 1048,555 1073,555 1098,555 1123,556 1149,558"/>
                <TextEquiv>
                    <Unicode>Sagbar sel-</Unicode>
                </TextEquiv>
            </TextLine>
            <TextLine id="tr_1_tl_5" custom="readingOrder {index:4;}">
                <Coords points="691,715 1487,675 1909,715 1912,617 1687,619 1557,568 1364,624 694,608"/>
                <Baseline points="704,698 764,691 825,689 885,686 946,683 1006,685 1067,686 1127,683 1188,681 1248,679 1309,674 1369,674 1430,671 1490,673 1551,671 1611,670 1672,668 1732,668 1793,669 1853,675 1914,677"/>
                <TextEquiv>
                    <Unicode>ger sein;ich bete dich an-)</Unicode>
                </TextEquiv>
            </TextLine>
            <TextLine id="tr_1_tl_6" custom="readingOrder {index:5;}">
                <Coords points="1132,742 1148,742 1172,756 1190,749 1199,756 1223,754 1250,740 1271,756 1297,754 1304,752 1302,703 1271,703 1248,682 1239,682 1227,696 1218,691 1197,698 1174,684 1155,703 1130,698"/>
                <Baseline points="1146,740 1173,738 1200,738 1228,739 1255,741 1282,743 1310,743"/>
                <TextEquiv>
                    <Unicode>Wie</Unicode>
                </TextEquiv>
            </TextLine>
            <TextLine id="tr_1_tl_7" custom="readingOrder {index:6;}">
                <Coords points="682,870 840,891 919,847 1415,798 1733,842 1921,798 2102,847 2206,784 2308,805 2311,705 1536,708 1387,766 986,705 687,719"/>
                <Baseline points="698,821 778,816 859,814 940,812 1021,809 1102,809 1182,812 1263,806 1344,804 1425,800 1506,797 1586,797 1667,798 1748,794 1829,796 1910,794 1990,794 2071,786 2152,784 2233,785 2314,797"/>
                <TextEquiv>
                    <Unicode>Adele (warm)(ern möcht ichs glauben.</Unicode>
                </TextEquiv>
            </TextLine>
            <TextLine id="tr_1_tl_8" custom="readingOrder {index:7;}">
                <Coords points="694,977 1482,928 1970,963 2137,919 2239,970 2343,916 2482,930 2485,854 2155,826 1659,884 1394,849 1329,884 696,872"/>
                <Baseline points="707,946 796,943 885,943 974,940 1063,943 1152,937 1241,937 1331,931 1420,928 1509,925 1598,925 1687,925 1776,922 1865,922 1955,919 2044,916 2133,916 2222,913 2311,913 2400,907 2490,907"/>
                <TextEquiv>
                    <Unicode>Berthold: Du zweifelst doch nicht. Was für</Unicode>
                </TextEquiv>
            </TextLine>
            <TextLine id="tr_1_tl_9" custom="readingOrder {index:8;}">
                <Coords points="1248,1007 1278,1000 1311,1021 1334,1014 1380,1021 1418,1005 1452,1018 1508,1014 1508,954 1443,972 1376,944 1339,960 1313,956 1295,937 1248,949"/>
                <Baseline points="1260,997 1285,997 1310,997 1336,999 1361,1000 1387,1000 1412,1000 1437,1000 1463,1002 1488,1003 1514,1000"/>
                <TextEquiv>
                    <Unicode>heller</Unicode>
                </TextEquiv>
            </TextLine>
            <TextLine id="tr_1_tl_10" custom="readingOrder {index:9;}">
                <Coords points="698,1095 1192,1118 1717,1072 1705,954 1482,1018 1137,979 701,1002"/>
                <Baseline points="710,1072 760,1072 811,1072 862,1072 913,1072 964,1072 1014,1069 1065,1068 1116,1066 1167,1066 1218,1066 1268,1064 1319,1060 1370,1060 1421,1062 1472,1059 1522,1057 1573,1059 1624,1058 1675,1057 1726,1060"/>
                <TextEquiv>
                    <Unicode>einen Aulass hast du -?</Unicode>
                </TextEquiv>
            </TextLine>
            <TextLine id="tr_1_tl_11" custom="readingOrder {index:10;}">
                <Coords points="2028,1197 2095,1188 2116,1202 2204,1202 2218,1192 2253,1202 2315,1186 2320,1079 2297,1079 2271,1100 2236,1086 2181,1093 2162,1079 2141,1097 2104,1083 2083,1093 2032,1083"/>
                <Baseline points="2042,1176 2067,1176 2092,1176 2117,1173 2143,1170 2168,1168 2193,1167 2218,1167 2244,1167 2269,1167 2294,1167 2320,1167"/>
                <TextEquiv>
                    <Unicode>5 eten</Unicode>
                </TextEquiv>
            </TextLine>
            <TextLine id="tr_1_tl_12" custom="readingOrder {index:11;}">
                <Coords points="696,1216 1851,1206 1893,1190 1895,1093 698,1107"/>
                <Baseline points="710,1203 769,1201 828,1200 888,1200 947,1202 1007,1200 1066,1196 1126,1194 1185,1191 1245,1192 1304,1194 1363,1191 1423,1189 1482,1187 1542,1188 1601,1184 1661,1180 1720,1179 1780,1182 1839,1180 1899,1176"/>
                <TextEquiv>
                    <Unicode>Adele: Keinen. Vielleicht is</Unicode>
                </TextEquiv>
            </TextLine>
            <TextLine id="tr_1_tl_13" custom="readingOrder {index:12;}">
                <Coords points="682,1355 698,1355 719,1336 752,1346 780,1336 786,1346 831,1346 833,1276 812,1281 784,1264 761,1271 742,1267 728,1255 719,1262 684,1260"/>
                <Baseline points="698,1334 726,1330 754,1328 782,1328 810,1329 839,1331"/>
                <TextEquiv>
                    <Unicode>nur</Unicode>
                </TextEquiv>
            </TextLine>
            <TextLine id="tr_1_tl_14" custom="readingOrder {index:13;}">
                <Coords points="698,1464 1353,1457 1353,1413 1241,1355 1183,1376 1081,1353 1007,1392 701,1373"/>
                <Baseline points="714,1457 746,1457 778,1457 810,1457 842,1455 875,1456 907,1455 939,1451 971,1451 1003,1452 1036,1454 1068,1451 1100,1449 1132,1449 1164,1451 1197,1447 1229,1446 1261,1448 1293,1448 1325,1450 1358,1451"/>
                <TextEquiv>
                    <Unicode>Berthold: Nun-</Unicode>
                </TextEquiv>
            </TextLine>
            <TextLine id="tr_1_tl_15" custom="readingOrder {index:14;}">
                <Coords points="698,1619 810,1650 998,1585 1260,1610 1575,1568 1698,1605 1830,1566 2429,1589 2431,1503 2322,1469 2243,1503 1868,1471 1353,1527 701,1524"/>
                <Baseline points="710,1585 796,1582 882,1582 968,1583 1055,1584 1141,1576 1227,1576 1314,1570 1400,1570 1486,1567 1573,1565 1659,1562 1745,1561 1831,1558 1918,1558 2004,1558 2090,1557 2177,1555 2263,1552 2349,1549 2436,1555"/>
                <TextEquiv>
                    <Unicode>Adele: Ich liebe dich vielleicht zu sehr</Unicode>
                </TextEquiv>
            </TextLine>
            <TextLine id="tr_1_tl_16" custom="readingOrder {index:15;}">
                <Coords points="698,1742 2508,1712 2510,1605 2466,1596 2290,1645 2155,1598 1951,1645 1573,1568 1072,1661 701,1631"/>
                <Baseline points="710,1720 800,1714 890,1712 980,1710 1070,1714 1161,1706 1251,1705 1341,1707 1431,1700 1521,1696 1612,1693 1702,1693 1792,1693 1882,1687 1972,1687 2063,1687 2153,1687 2243,1678 2333,1675 2423,1672 2514,1672"/>
                <TextEquiv>
                    <Unicode>Berthel: le in geliefter Schatz.- (er zieht</Unicode>
                </TextEquiv>
            </TextLine>
            <TextLine id="tr_1_tl_17" custom="readingOrder {index:16;}">
                <Coords points="805,1872 1422,1856 1559,1940 1712,1861 2427,1858 2431,1717 2160,1761 2069,1724 1995,1766 1626,1779 1564,1738 1401,1789 1281,1756 807,1784"/>
                <Baseline points="818,1842 898,1838 979,1839 1060,1834 1141,1833 1221,1833 1302,1830 1383,1828 1464,1823 1544,1824 1625,1821 1706,1819 1787,1819 1867,1815 1948,1815 2029,1812 2110,1809 2190,1809 2271,1805 2352,1803 2433,1809"/>
                <TextEquiv>
                    <Unicode>e an sich, sie unagmen sich und Schwei-</Unicode>
                </TextEquiv>
            </TextLine>
            <TextLine id="tr_1_tl_18" custom="readingOrder {index:17;}">
                <Coords points="710,2021 745,2009 766,2023 807,2009 838,2021 870,1998 923,2009 921,1886 858,1877 796,1923 761,1919 749,1907 728,1923 708,1921"/>
                <Baseline points="722,1964 747,1972 773,1970 799,1967 825,1969 850,1971 876,1972 902,1973 928,1973"/>
                <TextEquiv>
                    <Unicode>gen).</Unicode>
                </TextEquiv>
            </TextLine>
            <TextLine id="tr_1_tl_19" custom="readingOrder {index:18;}">
                <Coords points="698,2100 2494,2072 2496,2004 2297,1984 1926,2032 1793,1993 1566,2037 1320,2004 701,2032"/>
                <Baseline points="710,2099 799,2096 888,2096 978,2093 1067,2090 1157,2090 1246,2090 1336,2087 1425,2087 1515,2081 1604,2084 1693,2075 1783,2072 1872,2072 1962,2072 2051,2066 2141,2063 2230,2063 2320,2063 2409,2057 2499,2057"/>
                <TextEquiv>
                    <Unicode>Adele (macht sich laugsau aus seinen Armen</Unicode>
                </TextEquiv>
            </TextLine>
            <TextLine id="tr_1_tl_20" custom="readingOrder {index:19;}">
                <Coords points="710,2232 2529,2202 2568,2199 2571,2109 1849,2102 1666,2160 1262,2172 712,2155"/>
                <Baseline points="722,2230 814,2224 907,2222 1000,2216 1093,2215 1185,2212 1278,2212 1371,2209 1464,2206 1556,2205 1649,2203 1742,2199 1835,2196 1927,2191 2020,2189 2113,2186 2206,2186 2298,2184 2391,2182 2484,2179 2577,2170"/>
                <TextEquiv>
                    <Unicode>los) Was ist es, was so stark herüberduftet?</Unicode>
                </TextEquiv>
            </TextLine>
            <TextLine id="tr_1_tl_21" custom="readingOrder {index:20;}">
                <Coords points="1800,2271 1861,2274 1898,2306 1988,2267 2014,2274 2058,2262 2111,2274 2111,2204 2090,2199 2056,2216 1988,2213 1946,2243 1886,2225 1800,2234"/>
                <Baseline points="1812,2263 1837,2263 1862,2263 1887,2263 1912,2264 1937,2266 1963,2262 1988,2260 2013,2260 2038,2260 2063,2260 2088,2260 2114,2260"/>
                <TextEquiv>
                    <Unicode>idl</Unicode>
                </TextEquiv>
            </TextLine>
            <TextLine id="tr_1_tl_22" custom="readingOrder {index:21;}">
                <Coords points="1012,2285 1731,2274 1714,2220 1408,2220 1362,2246 1285,2218 1183,2213 1148,2241 1012,2225"/>
                <Baseline points="1024,2275 1059,2275 1095,2275 1130,2276 1166,2278 1202,2278 1237,2278 1273,2276 1309,2275 1344,2274 1380,2272 1416,2270 1451,2269 1487,2269 1523,2269 1558,2269 1594,2269 1630,2269 1665,2270 1701,2271 1737,2266"/>
                <TextEquiv>
                    <Unicode>en bliht avit aor</Unicode>
                </TextEquiv>
            </TextLine>
            <TextLine id="tr_1_tl_23" custom="readingOrder {index:22;}">
                <Coords points="705,2385 1334,2341 2137,2355 2267,2313 2434,2346 2436,2253 2294,2246 1902,2306 1821,2264 708,2288"/>
                <Baseline points="719,2350 805,2350 891,2350 977,2350 1063,2350 1149,2352 1235,2344 1321,2338 1407,2335 1493,2335 1579,2333 1665,2332 1751,2329 1837,2326 1923,2325 2009,2320 2095,2317 2181,2315 2267,2308 2353,2308 2439,2314"/>
                <TextEquiv>
                    <Unicode>Das Können doch noch keine Siunen sein</Unicode>
                </TextEquiv>
            </TextLine>
            <TextLine id="tr_1_tl_24" custom="readingOrder {index:23;}">
                <Coords points="712,2536 1786,2520 1919,2466 2069,2522 2236,2471 2526,2489 2529,2366 1650,2380 1545,2420 1431,2385 1179,2383 1076,2427 715,2399"/>
                <Baseline points="725,2481 815,2478 905,2476 996,2472 1086,2476 1176,2471 1267,2469 1357,2466 1447,2468 1538,2464 1628,2458 1718,2454 1809,2454 1899,2457 1989,2446 2080,2442 2170,2442 2260,2436 2351,2436 2441,2430 2532,2433"/>
                <TextEquiv>
                    <Unicode>Berthold: (ist aufgestanden,geht alhmählich</Unicode>
                </TextEquiv>
            </TextLine>
            <TextLine id="tr_1_tl_25" custom="readingOrder {index:24;}">
                <Coords points="710,2636 1165,2649 1452,2591 1612,2633 1926,2582 2018,2610 2271,2580 2294,2508 1710,2501 1540,2543 1424,2501 1155,2506 977,2557 877,2510 712,2547"/>
                <Baseline points="722,2609 800,2604 879,2605 958,2600 1037,2600 1116,2598 1195,2598 1273,2598 1352,2595 1431,2589 1510,2590 1589,2591 1668,2583 1747,2583 1825,2579 1904,2577 1983,2574 2062,2574 2141,2573 2220,2565 2299,2565"/>
                <TextEquiv>
                    <Unicode>zum Feuster): Nein. Das ist die Erde</Unicode>
                </TextEquiv>
            </TextLine>
            <TextLine id="tr_1_tl_26" custom="readingOrder {index:25;}">
                <Coords points="712,2754 1049,2777 1160,2731 1413,2758 1791,2712 1863,2745 2137,2700 2473,2752 2478,2636 1775,2629 1531,2673 1125,2636 974,2673 893,2633 715,2675"/>
                <Baseline points="725,2741 812,2735 900,2732 987,2732 1075,2729 1163,2728 1250,2724 1338,2723 1426,2721 1513,2717 1601,2714 1689,2710 1776,2709 1864,2708 1952,2707 2039,2702 2127,2702 2215,2696 2302,2696 2390,2693 2478,2693"/>
                <TextEquiv>
                    <Unicode>elbst, das Knospen in der Tiefe.Uud daun</Unicode>
                </TextEquiv>
            </TextLine>
            <TextLine id="tr_1_tl_27" custom="readingOrder {index:26;}">
                <Coords points="708,2888 1202,2856 1378,2898 1972,2833 2032,2868 2120,2837 2459,2868 2462,2756 2301,2731 2111,2779 1963,2742 1464,2791 1018,2756 712,2786"/>
                <Baseline points="722,2866 809,2866 896,2863 983,2863 1070,2858 1158,2857 1245,2854 1332,2851 1419,2851 1506,2846 1594,2845 1681,2842 1768,2842 1855,2838 1942,2833 2030,2835 2117,2832 2204,2827 2291,2824 2378,2821 2466,2827"/>
                <TextEquiv>
                    <Unicode>bringt der Wind auch aus dem fernen Wald</Unicode>
                </TextEquiv>
            </TextLine>
            <TextLine id="tr_1_tl_28" custom="readingOrder {index:27;}">
                <Coords points="715,3016 1107,3002 1186,3039 1276,3004 1694,2990 1696,2893 1668,2891 1195,2949 1086,2905 960,2949 717,2937"/>
                <Baseline points="728,3001 776,2998 825,2997 873,2995 922,2995 970,2995 1019,2995 1067,2992 1116,2992 1164,2992 1213,2992 1262,2989 1310,2988 1359,2986 1407,2985 1456,2983 1504,2981 1553,2980 1601,2980 1650,2980 1699,2983"/>
                <TextEquiv>
                    <Unicode>die Gerüche zu uns her-</Unicode>
                </TextEquiv>
            </TextLine>
            <TextEquiv>
                <Unicode></Unicode>
            </TextEquiv>
        </TextRegion>
    </Page>
</PcGts>
