3096 3640
1168 608 2574 730 Berthold: Er? nu hast ja gehört.
1158 751 2711 865 rs handelt sich um die Liquidierung
1152 876 2627 984 seines Geschäftes. So einfach wie
1148 994 2707 1133 er sich das vorst ellt, ist die Sache
1164 1113 2727 1270 freilich nicht. Wir werden noch man
1156 1246 2567 1387 che Konferenz uileinander haben.
1164 1375 2672 1477 Adele: Du sprächst nicht die Wahr-
1162 1520 2705 1651 heit. (Auch er hat gelogen. Ich habe
1156 1647 2617 1806 es gleich gewusst:) Was ex hat er-
1164 1737 2727 1923 von dir wollen? (Über warum frag ich?
1170 1903 2099 2007 Cäciliel seine Frau-
1156 2040 2709 2132 Berthold: Natürlich, auch um Cäcilie
1152 2123 2559 2275 handelt es sichsworgen Abend um
1156 2322 2653 2426 sechs holt er uns mit dem Auto ab.
1180 2402 2659 2561 nas haben wir eben aßgemacht. Fah-
1164 2557 2635 2719 ren zusammen nach Baden.Sie haben
1152 2670 2721 2782 eine schöne vittg.. Nun, bist du jetzt
1152 2823 1561 2917 beruhigt?
1164 2936 2698 3065 Adele: Da, sieh dich an. (nimmt ihn1
1156 3073 2537 3226 bei den Schultern, dreht ihn zum
