2952 3480
871 435 2562 529 (nimmt ein Notizbuch heraus) Nachmittag
842 522 2629 699 Villa Borghese und nach dem Seuper Een
835 670 2754 845 sind wir im Teatro Argentino gewesen. Ubrell
919 763 1354 852 tat cerquilt
835 801 2471 945 Adele: Alles so genau aufgeschrieben?
840 919 1931 1072 Berthold: Wie Du siehst.
823 1072 1677 1175 Adele: Früher auch?
1318 1156 1581 1239 inter.
828 1165 2634 1325 Berthold: Wiesor Ach Gott.  Kamnt de
1273 1290 1598 1371 Aler un e
816 1321 2282 1457 Adele; Und heute vor vier Wochen?
1019 1402 1646 1495 t (Arzele
823 1455 2407 1581 Berthold: (hat sein Notizbuch einge-
806 1589 1883 1723 steckt) Ich weiss nicht.
2034 1617 2519 1758 -ohve Kolgli 1
806 1708 2476 1866 Adele: Ich weiss es aber genag. Es war
818 1818 2371 2005 in Syrakus. Ia, ganggenau, es war Ein
1079 1921 1402 2007 etesente
806 1957 2431 2070 Sonntag. Ein wunderschöner Frühlings-
813 2072 2392 2208 abend. Unsere Balkontür stand offen.
801 2227 2534 2361 Erinnerst nu Dich noch an den wundervol-
806 2347 2390 2500 len Duft wie von Blumen, die es sonst
828 2464 2476 2603 nirgends gibt? Die ganze Nacht hatten
785 2601 2148 2775 wir die Türe offen stehen. Auf
792 2737 2483 2895 Berthold: Und haben die Sonne aufgehen
790 2871 2182 3024 gesehen. Un dort de Tsch en
780 2979 2562 3153 Adele: Erinnerst zu Dich? (ganz nahe zur
