3080 3640
2379 394 2591 543 wol
1019 468 2152 671 Adeie. Es ist ja noch zeit
1037 576 2485 777 ten in Ruhe besprochen was zu fun
1049 712 2406 909 t DeiterForsehtar die gacte
1047 795 2629 1066 neider deendt oortatoret rorfo 16
1057 929 2611 1159 pinitortogen. Voberdios ist es aus
1072 1070 2575 1287 verschiedenen Gründen ausgeschlös-
1084 1212 2560 1460 38711958 vor überworgen - 21.R 81
1092 1324 2560 1574 hat ja ailerloi zu ordnen und die
1106 1464 2615 1690 Besfrechinig zwischen den Sekundän-
1120 1735 1281 1816 ten
1133 1737 2552 1960 häele: Du lügst ja schon wieder.
1141 1822 2731 2072 1n 4 680n fusenblich ist os froitio
1155 1964 2729 2186 noch eine sache zuischenkuch zueien
1163 2115 2682 2322 Aber morgen Früh nicht mehr. Und se
1177 2231 2709 2469 bald der Onsinn in Cance ist, ist et
1194 2341 2615 2595 natürlich nicht aufzuhalten tor
1192 2499 2536 2774 Jotel ist 69 noch hoit I lorsen
1220 2633 2717 2855 könnte es zu spät sein. Mer weiss,
1226 2713 2810 2967 12s ihr beite Harren schon abgenackt
1241 3008 1489 3109 pgbt.
1283 2998 2770 3217 erthold: Ja was willst du denn im
