3176 3560
1011 497 2791 663 schon damals hast du sie betrogen. Und morgen
998 625 2945 782 wirst du es wieder tun. Es war ihr Recht Gleiches
983 772 2915 933 mit Gleichem zu vergelten und au. hast keines, von
991 887 2113 1036 mir Hechenschaft zu fordern.
1021 1019 2811 1193 exjnand: Als wenn es in Geiühlssachen auf das
978 1175 1523 1291 Recht ankäme.
991 1278 2884 1482 Berthold: Gefühl - rede du mir nicht von Gefühl.
983 1417 2226 1581 Morgen betrügst du sie wieder.
983 1538 2902 1732 Ferainand: Das wäre denkbar. Man wird keineswege
963 1694 2872 1828 unempfindlich gegen Schönheit un Verführung an-
963 1793 2778 1974 derer Frauen, wenn man eine liebt. Auss ich das
2062 1939 2935 2050 wie du einer bistAur
953 1949 2819 2113 einem so vielerfahrenen Manie)sagenzwier In
951 2050 2773 2234 den Tiefen laufen die ewigen Ströme weiter.Das
981 2161 1460 2251 ist ein wnge
948 2219 2894 2400 hat die Natur  eingerohtet. Das ist vielleicht
996 2302 1841 2393 gebt. Anlese zu Luptnt
966 2352 2889 2516 ein Unglück,aber die Natur selbet hat es so ein-
1440 2436 1899 2521 Wie louset
945 2463 2819 2617 gerichtet. Du hast deine rrau,de ine sraut schon
1598 2572 2093 2660 dit verlobt
940 2620 2968 2771 lange geliebt und dir kein Gewissen daraus4 gemacht
933 2715 2940 2917 und bist, dabei doch Caciliens Geliebter geblieben.
1243 2821 1432 2912 mie
925 2854 2915 3041 Und ich, der Cacilie so liebt, dass ich mich gerade-
1046 2952 1303 3038 denhen
915 2998 2836 3197 zusehne dir eine Kugel durchs Herzzu Jogen, wer
