3064 3640
1396 83 2203 292 Aer
676 140 1123 360 Mett
360 259 2751 459 Cev. Eicau zu termust jetuen jerode eredli selleen
393 390 2593 575 wosei en kanfet she wodlese erst die jan
411 473 2546 658 ingeteie trabeit fant, der votdle Lugt
1471 560 2224 664 vorlellen mich
1069 604 2528 747 Adele: Ein Hert vagnir, das Rühlet
1060 732 2537 890 du genau se gut wie ich, hätte den
1057 855 2561 1027 gatzen Wahnein inatte Minde ver-
1048 962 2445 1146 neht. Ich bin eine Freu, Ihr Zwei
1054 1099 2573 1295 seid Männer. Ihr Beide habt komödie
1063 1236 2498 1417 gespielt,Micht nur er. Das sitzt
1072 1414 2519 1501 euch im Blut. Ihr wisstesgelben
2215 1435 2686 1581 Sepferheil
1069 1519 2662 1685 nicht mehr. Die Ehren-und ulemödie
1072 1635 2567 1816 spielt Ihr immerfort. Helden wollt
1465 1757 1733 1843 edirn
1075 1778 2525 1956 Ihr seinsum jeden Preis.Reekt be-
1075 1885 2495 2057 hatten um jeden Prets. Gricht mit
1060 2025 2549 2180 der Himper zuekent Gross dastohen
1066 2156 2599 2331 und seies auch mit einer Rugel im-
1075 2305 2546 2456 Herzen. Alles könnt Ihr ertragen,
1078 2418 2596 2590 nur nicht, dass einer über euch lä-
1072 2534 2587 2718 cheln könnte hinter Euerm rückend
902 2671 2590 2855 Ur Wenn Ihr Euch dort gegenüberstehen
1745 2778 2507 2936 grassen Stunde und
1090 2820 1721 2978 werdet in der-
1530 2915 2233 3007 verstehen würdet.
1090 2942 2504 3123 plötzlich versteht, wirklibh ver-
1081 3076 2558 3231 stehen,wie ich es verstehe,was es
1081 3168 2516 3376 bedeutet tot sein,begraben sein,
