2968 3544
189 422 407 562 27.12
623 509 2504 698 In drei Akten zu entwerfen.Erster Akt endet
625 657 2501 824 damit, dass Ferdinand den Berthold verlässt.
601 829 1091 962 (Seite 57):
633 926 1789 1115 Zweiter Akt bei Ferdinand.
628 1081 1874 1205 Er allein in seiner Wohnung.
630 1161 2470 1367 Zu Beginn Szeue mit irgend einer neuen Fi-
642 1272 2584 1498 gur, die in Beziehung zu ihm oder zu Berthold
635 1403 2506 1590 oder nur irgendwie zu derlde- des Stückes
645 1624 940 1745 steht.
652 1680 2089 1883 Eveutuell mit seinem Advokaten,
654 1803 2387 1971 Viell icht gar mit seiner Frau,die also
657 1997 1546 2123 nicht in Baden wäre.
662 2084 1105 2273 Er wartet.
664 2244 1372 2387 Adele erscheint.
667 2303 2610 2499 Sein erster Gedanke: Berthold ist auf meinen
669 2484 1641 2627 Vorschlag eingegangen.
676 2576 2630 2785 Sie beginnt: Berthold hat mir alles gesagt,ie
681 2707 2305 2884 ich finde Ihre Absicht ungeheuerlich.
683 2826 2593 3025 Ferdinand: Da Sie da sind besteht diese Ab-
700 3005 1442 3195 sicht nicht mehr.
