3176 3544
926 511 2238 646 Adele: Was hat er von dir wolien?
1958 602 2179 695 Erten de
946 636 2879 808 Berthold: Du weiset doch. Liquicierung seines Ge-
941 788 2753 936 schrfts. So einfach,wie er sich das vorstellt,
946 911 2916 1086 ist die Sache freilich nicht. Wir werden noch man-
948 1068 2223 1201 che Konferenz miteinander haben.
938 1184 2778 1341 Adele: Du sprichst nicht die Wahrheit. das hat
946 1299 1665 1476 er von dir wollen?
946 1452 2302 1599 Berthold: Ich hab's dir ja gesagt.
933 1567 2879 1756 Adele: Da, sieh dich an.(nimmt ihn bei den Schul-
951 1717 2771 1872 tern dreht ihn zum Spiegel) Sieh dich an. Und
938 1840 2852 1990 du willst mich glauben machen -.- Was hat er von
936 1967 1390 2130 dir wollen?
936 2053 2424 2255 Berthold: Nichts. Seglut aus et
936 2213 2690 2397 Adele: Dass sie deine Geliebte war,weiss ich.
926 2356 2766 2515 Aber ich weiss auch, dass es längst vorbei war.
924 2513 2864 2658 Drei Monate sind wir verlobt gewesen - - Oder war
1022 2604 1280 2697 auchdle
936 2658 1572 2790 es nicht vorbei?
938 2763 2243 2913 Berthold: Jänger als drei Monate.
924 2884 2739 3063 Adele: Und heute kommt er Rechenschaft von dir
928 3029 1270 3169 fordern?
