<?xml version="1.0" encoding="UTF-8" standalone="yes"?>
<PcGts xmlns="http://schema.primaresearch.org/PAGE/gts/pagecontent/2013-07-15" xmlns:xsi="http://www.w3.org/2001/XMLSchema-instance" xsi:schemaLocation="http://schema.primaresearch.org/PAGE/gts/pagecontent/2013-07-15 http://schema.primaresearch.org/PAGE/gts/pagecontent/2013-07-15/pagecontent.xsd">
    <Metadata>
        <Creator>prov=READ-COOP:name=PyLaia@TranskribusPlatform:version=2.7.0:model_id=50870:lm=none:date=22_01_2024_18:57</Creator>
        <Created>2023-09-27T14:37:26.781+02:00</Created>
        <LastChange>2024-01-22T18:57:17.701+01:00</LastChange>
        <TranskribusMetadata docId="1589044" pageId="60124585" pageNr="76" tsid="145633964" status="IN_PROGRESS" userId="40391" imgUrl="https://files.transkribus.eu/Get?id=VQFJKKYHEQUVNNVKVMEHNWFX&amp;fileType=view" xmlUrl="https://files.transkribus.eu/Get?id=ELVAOARHBBNPABMNGJWJGEUQ" imageId="48549662"/>
    </Metadata>
    <Page imageFilename="1589044_0076.jpg" imageWidth="2952" imageHeight="3464">
        <ReadingOrder>
            <OrderedGroup id="ro_1711791591573" caption="Regions reading order">
                <RegionRefIndexed index="0" regionRef="tr_1"/>
            </OrderedGroup>
        </ReadingOrder>
        <TextRegion orientation="0.0" id="tr_1" custom="readingOrder {index:0;}">
            <Coords points="809,513 809,2962 2678,2962 2678,513"/>
            <TextLine id="tr_1_tl_1" custom="readingOrder {index:0;}">
                <Coords points="793,678 1169,680 1473,610 1641,641 1935,569 2110,619 2189,582 2450,614 2457,483 2309,476 2096,542 1788,480 1396,573 1120,514 800,517"/>
                <Baseline points="809,633 891,630 973,630 1056,627 1138,627 1221,623 1303,615 1385,615 1468,609 1550,606 1633,603 1715,599 1797,596 1880,594 1962,588 2045,583 2127,580 2209,578 2292,572 2374,567 2457,570"/>
                <TextEquiv>
                    <Unicode>Berthol(: Was hab ich dir versprofhent</Unicode>
                </TextEquiv>
            </TextLine>
            <TextLine id="tr_1_tl_2" custom="readingOrder {index:1;}">
                <Coords points="805,766 1140,793 1589,734 1836,766 1908,725 2266,703 2438,761 2597,705 2602,641 2266,603 1858,682 807,684"/>
                <Baseline points="818,764 907,758 996,758 1086,758 1175,752 1265,746 1354,743 1443,737 1533,737 1622,734 1712,728 1801,722 1890,722 1980,716 2069,713 2159,710 2248,704 2337,701 2427,701 2516,698 2606,701"/>
                <TextEquiv>
                    <Unicode>Adele: Dass du mir alles erzählen willst,</Unicode>
                </TextEquiv>
            </TextLine>
            <TextLine id="tr_1_tl_3" custom="readingOrder {index:2;}">
                <Coords points="809,913 1156,884 1269,918 1772,852 1890,882 1956,843 2101,904 2259,850 2264,755 2180,712 2010,805 1833,766 1693,809 1289,798 1210,843 1126,814 1013,861 811,839"/>
                <Baseline points="821,889 893,886 965,883 1037,881 1110,879 1182,882 1254,876 1326,868 1399,867 1471,866 1543,863 1615,859 1688,854 1760,854 1832,849 1904,848 1977,843 2049,842 2121,840 2193,836 2266,845"/>
                <TextEquiv>
                    <Unicode>wenn wir einmal verheiratet sihd.</Unicode>
                </TextEquiv>
            </TextLine>
            <TextLine id="tr_1_tl_4" custom="readingOrder {index:3;}">
                <Coords points="818,1029 1770,986 1813,1024 1974,995 2026,1038 2148,974 2253,999 2404,959 2570,1013 2577,852 2375,909 2196,877 1883,934 1380,920 1222,970 823,913"/>
                <Baseline points="830,1018 917,1015 1004,1015 1092,1012 1179,1009 1266,1006 1354,1000 1441,995 1528,989 1616,989 1703,987 1790,982 1878,977 1965,973 2052,970 2140,972 2227,962 2314,963 2402,958 2489,949 2577,952"/>
                <TextEquiv>
                    <Unicode>Berthold: und das muss heute(seinferade</Unicode>
                </TextEquiv>
            </TextLine>
            <TextLine id="tr_1_tl_5" custom="readingOrder {index:4;}">
                <Coords points="818,1167 2026,1101 2506,1124 2513,999 2275,1033 2137,984 1833,1056 820,1090"/>
                <Baseline points="830,1146 914,1146 998,1143 1082,1140 1166,1137 1251,1129 1335,1126 1419,1124 1503,1121 1587,1115 1672,1113 1756,1110 1840,1107 1924,1102 2008,1101 2093,1096 2177,1095 2261,1091 2345,1085 2429,1081 2514,1081"/>
                <TextEquiv>
                    <Unicode>heute - in der ersten halbge Stunde, die</Unicode>
                </TextEquiv>
            </TextLine>
            <TextLine id="tr_1_tl_6" custom="readingOrder {index:5;}">
                <Coords points="811,1276 1405,1319 1750,1242 1895,1310 2142,1249 2146,1156 2044,1133 1629,1208 1591,1176 814,1215"/>
                <Baseline points="824,1275 890,1272 956,1272 1022,1269 1088,1266 1154,1266 1220,1262 1287,1260 1353,1258 1419,1254 1485,1250 1551,1248 1617,1246 1683,1244 1750,1239 1816,1236 1882,1233 1948,1234 2014,1230 2080,1226 2147,1227"/>
                <TextEquiv>
                    <Unicode>wir in unserm Kein verkrifgen?</Unicode>
                </TextEquiv>
            </TextLine>
            <TextLine id="tr_1_tl_7" custom="readingOrder {index:6;}">
                <Coords points="820,1423 1584,1414 2065,1353 2244,1385 2330,1346 2466,1394 2584,1348 2568,1274 2339,1303 2128,1256 1892,1308 1750,1240 1534,1321 823,1353"/>
                <Baseline points="833,1406 920,1403 1008,1400 1096,1400 1184,1391 1272,1389 1359,1385 1447,1382 1535,1378 1623,1376 1711,1374 1798,1369 1886,1361 1974,1360 2062,1355 2150,1352 2237,1348 2325,1343 2413,1342 2501,1334 2589,1334"/>
                <TextEquiv>
                    <Unicode>Adele: Wärum nicht) Du schiebst es schon</Unicode>
                </TextEquiv>
            </TextLine>
            <TextLine id="tr_1_tl_8" custom="readingOrder {index:7;}">
                <Coords points="825,1586 918,1593 1024,1534 1110,1566 1301,1532 1387,1584 1475,1537 1745,1564 1922,1493 2584,1482 2633,1473 2638,1387 829,1482"/>
                <Baseline points="839,1537 929,1531 1019,1534 1109,1527 1199,1522 1289,1525 1379,1515 1470,1511 1560,1508 1650,1503 1740,1499 1830,1496 1920,1490 2010,1490 2101,1482 2191,1478 2281,1475 2371,1469 2461,1466 2551,1463 2642,1466"/>
                <TextEquiv>
                    <Unicode>lang genue hindug.Auch in Syrakus hab. ich</Unicode>
                </TextEquiv>
            </TextLine>
            <TextLine id="tr_1_tl_9" custom="readingOrder {index:8;}">
                <Coords points="814,1663 1269,1695 1577,1641 1713,1682 1845,1623 2361,1605 2631,1645 2615,1525 1729,1555 1675,1589 1435,1559 1312,1611 1258,1568 1018,1614 818,1580"/>
                <Baseline points="827,1657 917,1658 1008,1657 1098,1654 1189,1651 1280,1646 1370,1640 1461,1639 1551,1636 1642,1632 1733,1628 1823,1622 1914,1619 2004,1615 2095,1610 2186,1609 2276,1603 2367,1600 2457,1597 2548,1591 2639,1594"/>
                <TextEquiv>
                    <Unicode>dich ex ag dein Versprechen erinnert. Und</Unicode>
                </TextEquiv>
            </TextLine>
            <TextLine id="tr_1_tl_10" custom="readingOrder {index:9;}">
                <Coords points="829,1824 909,1838 972,1795 1074,1784 1183,1808 1276,1781 1376,1795 1376,1740 1278,1702 1208,1713 1149,1677 1081,1675 934,1747 884,1711 834,1720"/>
                <Baseline points="845,1794 871,1790 898,1788 925,1788 952,1788 979,1788 1006,1784 1032,1781 1059,1780 1086,1779 1113,1779 1140,1779 1167,1778 1194,1777 1220,1776 1247,1776 1274,1776 1301,1777 1328,1778 1355,1778 1382,1776"/>
                <TextEquiv>
                    <Unicode>in Merenz.</Unicode>
                </TextEquiv>
            </TextLine>
            <TextLine id="tr_1_tl_11" custom="readingOrder {index:10;}">
                <Coords points="1500,1833 1555,1847 1779,1802 1872,1824 1956,1797 2010,1824 2126,1784 2225,1786 2228,1738 2160,1706 2103,1740 1852,1734 1784,1774 1638,1720 1507,1738"/>
                <Baseline points="1514,1830 1549,1825 1585,1822 1621,1819 1657,1814 1693,1812 1728,1805 1764,1801 1800,1800 1836,1799 1872,1797 1907,1795 1943,1792 1979,1791 2015,1790 2051,1785 2086,1783 2122,1780 2158,1778 2194,1778 2230,1785"/>
                <TextEquiv>
                    <Unicode>Han helt iih der</Unicode>
                </TextEquiv>
            </TextLine>
            <TextLine id="tr_1_tl_12" custom="readingOrder {index:11;}">
                <Coords points="839,1963 1401,1904 1527,1944 1675,1897 2012,1967 2287,1883 2645,1874 2647,1811 2452,1781 1219,1863 845,1824"/>
                <Baseline points="854,1923 943,1917 1033,1914 1123,1911 1212,1911 1302,1908 1392,1902 1481,1896 1571,1896 1661,1884 1751,1881 1840,1881 1930,1872 2020,1869 2109,1866 2199,1863 2289,1866 2378,1860 2468,1857 2558,1851 2648,1860"/>
                <TextEquiv>
                    <Unicode>Berthold: Ich hätte dir wirklich verspro-</Unicode>
                </TextEquiv>
            </TextLine>
            <TextLine id="tr_1_tl_13" custom="readingOrder {index:12;}">
                <Coords points="845,2067 904,2058 956,2067 990,2046 1024,2065 1129,2062 1129,1990 1092,2006 1027,1992 950,2003 904,1967 845,1958"/>
                <Baseline points="857,2051 882,2047 907,2045 932,2046 957,2048 982,2046 1008,2045 1033,2045 1058,2045 1083,2045 1108,2046 1134,2048"/>
                <TextEquiv>
                    <Unicode>chen-</Unicode>
                </TextEquiv>
            </TextLine>
            <TextLine id="tr_1_tl_14" custom="readingOrder {index:13;}">
                <Coords points="845,2194 1473,2151 1643,2214 1922,2135 2076,2167 2432,2110 2649,2139 2652,2015 2343,2065 1999,2044 1716,2101 1423,2069 954,2110 852,2069"/>
                <Baseline points="860,2170 949,2173 1039,2170 1129,2170 1219,2163 1309,2159 1399,2156 1488,2150 1578,2150 1668,2147 1758,2138 1848,2135 1938,2132 2028,2129 2117,2120 2207,2123 2297,2117 2387,2111 2477,2108 2567,2105 2657,2105"/>
                <TextEquiv>
                    <Unicode>Adele: (lächelnd) Nun freilich, in den Hei-</Unicode>
                </TextEquiv>
            </TextLine>
            <TextLine id="tr_1_tl_15" custom="readingOrder {index:14;}">
                <Coords points="854,2307 1260,2289 1362,2325 1663,2264 2604,2250 2606,2169 2368,2167 2296,2203 1575,2189 1498,2228 1151,2244 1099,2207 857,2246"/>
                <Baseline points="866,2302 953,2296 1040,2293 1127,2290 1214,2287 1301,2282 1388,2282 1476,2279 1563,2273 1650,2266 1737,2263 1824,2260 1911,2256 1998,2253 2086,2252 2173,2248 2260,2247 2347,2236 2434,2233 2521,2230 2609,2239"/>
                <TextEquiv>
                    <Unicode>ratskontrakt wurde ds nicht aufgenommen.</Unicode>
                </TextEquiv>
            </TextLine>
            <TextLine id="tr_1_tl_16" custom="readingOrder {index:15;}">
                <Coords points="857,2434 1820,2391 2142,2425 2293,2373 2615,2373 2620,2266 1931,2350 1614,2314 1450,2380 859,2370"/>
                <Baseline points="868,2427 955,2424 1043,2424 1130,2418 1218,2416 1305,2413 1393,2409 1480,2406 1568,2401 1655,2400 1743,2393 1830,2388 1918,2385 2005,2382 2093,2380 2180,2377 2268,2371 2355,2368 2443,2364 2530,2359 2618,2362"/>
                <TextEquiv>
                    <Unicode>Und so hat es wohl keine Eiltigkeit, was?</Unicode>
                </TextEquiv>
            </TextLine>
            <TextLine id="tr_1_tl_17" custom="readingOrder {index:16;}">
                <Coords points="861,2581 1482,2529 1901,2556 2062,2509 2459,2531 2574,2518 2579,2432 866,2484"/>
                <Baseline points="877,2556 962,2553 1047,2548 1132,2546 1218,2547 1303,2544 1388,2538 1474,2531 1559,2529 1644,2526 1730,2526 1815,2518 1900,2515 1985,2511 2071,2508 2156,2505 2241,2503 2327,2496 2412,2495 2497,2487 2583,2493"/>
                <TextEquiv>
                    <Unicode>Berthold; Ich will nicht an Vergangenes</Unicode>
                </TextEquiv>
            </TextLine>
            <TextLine id="tr_1_tl_18" custom="readingOrder {index:17;}">
                <Coords points="854,2692 1396,2735 1804,2649 1915,2686 2466,2649 2608,2629 2613,2536 2386,2513 2259,2581 1822,2536 1688,2608 1446,2538 1135,2622 859,2588"/>
                <Baseline points="866,2684 953,2678 1040,2678 1128,2677 1215,2673 1303,2669 1390,2668 1478,2663 1565,2658 1653,2654 1740,2650 1827,2648 1915,2641 2002,2638 2090,2636 2177,2635 2265,2630 2352,2624 2440,2618 2527,2615 2615,2615"/>
                <TextEquiv>
                    <Unicode>denken, fdele) Ech will nicht Vergesseues</Unicode>
                </TextEquiv>
            </TextLine>
            <TextLine id="tr_1_tl_19" custom="readingOrder {index:18;}">
                <Coords points="861,2819 1333,2851 1614,2783 2636,2751 2638,2674 2588,2667 2325,2670 2153,2722 1829,2674 1421,2753 1190,2692 863,2751"/>
                <Baseline points="874,2815 962,2812 1050,2807 1139,2806 1227,2800 1316,2795 1404,2793 1492,2791 1581,2787 1669,2780 1758,2776 1846,2773 1934,2767 2023,2764 2111,2759 2200,2759 2288,2756 2376,2750 2465,2744 2553,2741 2642,2744"/>
                <TextEquiv>
                    <Unicode>hervorpfühlen aus seine Gräbern.Ich-will</Unicode>
                </TextEquiv>
            </TextLine>
            <TextLine id="tr_1_tl_20" custom="readingOrder {index:19;}">
                <Coords points="1573,2862 2343,2815 2479,2860 2484,2756 2450,2749 1577,2787"/>
                <Baseline points="1588,2839 1632,2839 1677,2839 1722,2839 1767,2836 1812,2836 1856,2836 1901,2831 1946,2830 1991,2827 2036,2827 2080,2824 2125,2821 2170,2821 2215,2821 2260,2818 2304,2815 2349,2813 2394,2813 2439,2807 2484,2804"/>
                <TextEquiv>
                    <Unicode>Gib. mir das trost juuch</Unicode>
                </TextEquiv>
            </TextLine>
            <TextLine id="tr_1_tl_21" custom="readingOrder {index:20;}">
                <Coords points="868,2982 1122,2948 1387,3001 1750,2953 1956,3078 2207,2930 2674,2883 2676,2806 2595,2801 2450,2851 2343,2812 1276,2880 1140,2812 873,2887"/>
                <Baseline points="883,2944 972,2941 1062,2938 1152,2935 1242,2932 1331,2923 1421,2923 1511,2914 1601,2914 1690,2917 1780,2905 1870,2902 1960,2896 2049,2896 2139,2890 2229,2884 2319,2881 2408,2878 2498,2875 2588,2872 2678,2875"/>
                <TextEquiv>
                    <Unicode>nichtif lestinnter) vofrichte Adole. Nicht</Unicode>
                </TextEquiv>
            </TextLine>
            <TextEquiv>
                <Unicode></Unicode>
            </TextEquiv>
        </TextRegion>
    </Page>
</PcGts>
