<?xml version="1.0" encoding="UTF-8" standalone="yes"?>
<PcGts xmlns="http://schema.primaresearch.org/PAGE/gts/pagecontent/2013-07-15" xmlns:xsi="http://www.w3.org/2001/XMLSchema-instance" xsi:schemaLocation="http://schema.primaresearch.org/PAGE/gts/pagecontent/2013-07-15 http://schema.primaresearch.org/PAGE/gts/pagecontent/2013-07-15/pagecontent.xsd">
    <Metadata>
        <Creator>prov=READ-COOP:name=PyLaia@TranskribusPlatform:version=2.7.0:model_id=50870:lm=none:date=22_01_2024_18:57</Creator>
        <Created>2023-09-27T14:37:35.240+02:00</Created>
        <LastChange>2024-01-22T18:57:34.794+01:00</LastChange>
        <TranskribusMetadata docId="1589044" pageId="60124946" pageNr="153" tsid="145634066" status="IN_PROGRESS" userId="40391" imgUrl="https://files.transkribus.eu/Get?id=IDYRLSREKOLPUSLAFKQSADTJ&amp;fileType=view" xmlUrl="https://files.transkribus.eu/Get?id=YDOHVYXFDEQGCNXLFHYVMXWC" imageId="48550023"/>
    </Metadata>
    <Page imageFilename="1589044_0153.jpg" imageWidth="2904" imageHeight="3512">
        <ReadingOrder>
            <OrderedGroup id="ro_1711791694667" caption="Regions reading order">
                <RegionRefIndexed index="0" regionRef="tr_1"/>
            </OrderedGroup>
        </ReadingOrder>
        <TextRegion orientation="0.0" id="tr_1" custom="readingOrder {index:0;}">
            <Coords points="519,540 519,3114 2481,3114 2481,540"/>
            <TextLine id="tr_1_tl_1" custom="readingOrder {index:0;}">
                <Coords points="519,612 718,639 987,600 1232,651 1304,610 1801,610 1803,535 1616,514 1129,567 831,528 521,559"/>
                <Baseline points="531,618 594,618 658,615 722,615 786,618 849,618 913,615 977,616 1041,615 1104,611 1168,609 1232,606 1296,604 1359,606 1423,608 1487,603 1551,606 1614,604 1678,600 1742,602 1806,606"/>
                <TextEquiv>
                    <Unicode>Adele: Sie sprechen im Erust?</Unicode>
                </TextEquiv>
            </TextLine>
            <TextLine id="tr_1_tl_2" custom="readingOrder {index:1;}">
                <Coords points="533,783 973,756 1222,795 1390,735 1633,766 1801,728 2070,761 2072,656 533,672"/>
                <Baseline points="546,752 622,743 698,743 775,743 851,744 928,743 1004,740 1081,740 1157,737 1234,736 1310,734 1386,734 1463,735 1539,734 1616,731 1692,730 1769,725 1845,725 1922,724 1998,722 2075,725"/>
                <TextEquiv>
                    <Unicode>Ferdinand: Wie können Sie zweifeln?</Unicode>
                </TextEquiv>
            </TextLine>
            <TextLine id="tr_1_tl_3" custom="readingOrder {index:2;}">
                <Coords points="526,888 1453,898 1892,855 2082,910 2209,862 2336,898 2339,754 2173,788 2003,747 1892,804 1676,819 1479,776 1297,814 1129,766 838,824 761,780 627,819 526,790"/>
                <Baseline points="540,880 630,878 720,875 810,875 900,878 990,872 1080,872 1170,869 1260,866 1350,869 1440,863 1530,863 1620,860 1710,863 1800,857 1890,854 1980,851 2070,851 2160,848 2250,845 2341,845"/>
                <TextEquiv>
                    <Unicode>Adele: So hab ich lhuen nur zu danken und</Unicode>
                </TextEquiv>
            </TextLine>
            <TextLine id="tr_1_tl_4" custom="readingOrder {index:3;}">
                <Coords points="519,1023 615,1047 660,1028 687,1047 718,1037 768,1064 831,1018 924,1011 927,929 840,917 785,939 711,932 692,948 656,929 521,965"/>
                <Baseline points="531,1012 556,1010 581,1008 606,1007 631,1007 656,1009 681,1008 706,1006 731,1004 756,1003 781,1003 806,1002 831,1001 856,1000 881,1000 906,1001 931,1003"/>
                <TextEquiv>
                    <Unicode>zu gehen?</Unicode>
                </TextEquiv>
            </TextLine>
            <TextLine id="tr_1_tl_5" custom="readingOrder {index:4;}">
                <Coords points="523,1141 915,1136 1083,1181 1179,1145 1275,1177 1369,1119 1657,1121 1724,1167 1890,1107 2250,1141 2252,1037 2072,1011 1890,1066 1652,1028 1474,1083 1311,1018 1184,1076 824,1035 526,1066"/>
                <Baseline points="537,1134 622,1134 708,1131 794,1130 880,1128 966,1128 1052,1128 1137,1125 1223,1119 1309,1119 1395,1117 1481,1116 1567,1116 1653,1113 1738,1116 1824,1111 1910,1106 1996,1108 2082,1107 2168,1101 2254,1107"/>
                <TextEquiv>
                    <Unicode>Ferdinand: Sie wollen schon gehen?. Das</Unicode>
                </TextEquiv>
            </TextLine>
            <TextLine id="tr_1_tl_6" custom="readingOrder {index:5;}">
                <Coords points="519,1273 672,1299 744,1263 1381,1249 1470,1292 1525,1256 1664,1285 2079,1234 2147,1285 2408,1227 2360,1162 2152,1150 1880,1193 1779,1145 1525,1201 1205,1160 737,1232 672,1179 521,1201"/>
                <Baseline points="531,1266 625,1263 719,1263 813,1260 907,1260 1002,1257 1096,1257 1190,1255 1284,1251 1378,1248 1473,1245 1567,1245 1661,1242 1755,1241 1849,1238 1944,1234 2038,1231 2132,1232 2226,1230 2320,1230 2415,1227"/>
                <TextEquiv>
                    <Unicode>wäre zu früh. Ich würde an Ihrer stelle we-</Unicode>
                </TextEquiv>
            </TextLine>
            <TextLine id="tr_1_tl_7" custom="readingOrder {index:6;}">
                <Coords points="519,1405 785,1395 833,1429 994,1388 1114,1431 1539,1376 1599,1419 1717,1386 1791,1417 1902,1371 2248,1410 2250,1297 2156,1277 1717,1309 1410,1253 1165,1337 521,1337"/>
                <Baseline points="534,1394 620,1391 706,1391 792,1390 878,1387 964,1384 1050,1384 1136,1379 1222,1379 1308,1379 1394,1377 1480,1373 1566,1370 1652,1370 1738,1369 1824,1364 1910,1363 1996,1361 2082,1358 2168,1358 2254,1370"/>
                <TextEquiv>
                    <Unicode>niesteus warten,bis er Sie holen komnt.</Unicode>
                </TextEquiv>
            </TextLine>
            <TextLine id="tr_1_tl_8" custom="readingOrder {index:7;}">
                <Coords points="521,1563 665,1592 924,1515 1666,1498 1873,1539 1986,1489 2108,1532 2221,1498 2224,1453 1859,1443 1765,1402 1585,1458 1249,1462 1059,1417 944,1462 526,1438"/>
                <Baseline points="537,1526 621,1520 706,1520 790,1517 875,1515 959,1514 1044,1511 1128,1511 1213,1511 1297,1507 1382,1502 1466,1502 1551,1502 1635,1499 1720,1497 1804,1494 1889,1493 1973,1490 2058,1487 2142,1487 2227,1490"/>
                <TextEquiv>
                    <Unicode>Adele: Wozu das? Warum sollte er mich</Unicode>
                </TextEquiv>
            </TextLine>
            <TextLine id="tr_1_tl_9" custom="readingOrder {index:8;}">
                <Coords points="533,1662 1518,1633 1676,1688 1811,1626 1851,1659 1979,1618 2322,1630 2291,1508 2089,1566 1748,1527 1628,1585 535,1578"/>
                <Baseline points="546,1639 635,1647 724,1645 813,1642 902,1642 991,1642 1080,1639 1169,1639 1258,1636 1347,1636 1436,1630 1525,1630 1614,1627 1703,1624 1792,1627 1881,1624 1970,1615 2059,1615 2148,1612 2237,1612 2326,1609"/>
                <TextEquiv>
                    <Unicode>Ferdinand: Oder zu warten, ob er überhaupt</Unicode>
                </TextEquiv>
            </TextLine>
            <TextLine id="tr_1_tl_10" custom="readingOrder {index:9;}">
                <Coords points="523,1784 574,1784 617,1811 641,1801 692,1806 737,1779 802,1796 802,1739 768,1719 752,1724 740,1714 713,1729 653,1712 608,1731 552,1707 523,1717"/>
                <Baseline points="537,1779 564,1777 591,1775 618,1774 645,1774 673,1776 700,1776 727,1776 754,1776 781,1781 809,1788"/>
                <TextEquiv>
                    <Unicode>kommt.</Unicode>
                </TextEquiv>
            </TextLine>
            <TextLine id="tr_1_tl_11" custom="readingOrder {index:10;}">
                <Coords points="528,1974 1049,1897 1842,1899 1844,1827 1739,1806 1585,1847 1316,1801 1165,1849 1009,1813 533,1827"/>
                <Baseline points="543,1911 608,1904 673,1902 738,1903 804,1905 869,1902 934,1898 999,1899 1065,1894 1130,1893 1195,1891 1260,1890 1326,1887 1391,1887 1456,1886 1521,1884 1587,1881 1652,1881 1717,1878 1782,1881 1848,1890"/>
                <TextEquiv>
                    <Unicode>Adele: Ich verstehe Sie nicht.</Unicode>
                </TextEquiv>
            </TextLine>
            <TextLine id="tr_1_tl_12" custom="readingOrder {index:11;}">
                <Coords points="533,2039 2274,2027 2238,1907 2142,1952 2022,1914 1470,1971 1184,1940 535,1976"/>
                <Baseline points="549,2033 635,2030 721,2030 808,2026 894,2027 981,2027 1067,2024 1154,2021 1240,2019 1327,2016 1413,2015 1499,2013 1586,2012 1672,2012 1759,2012 1845,2008 1932,2003 2018,1997 2105,1997 2191,1997 2278,1997"/>
                <TextEquiv>
                    <Unicode>Ferdinand: Notor nissen dies Er hat 510</Unicode>
                </TextEquiv>
            </TextLine>
            <TextLine id="tr_1_tl_13" custom="readingOrder {index:12;}">
                <Coords points="523,2168 776,2190 828,2164 1309,2171 1309,2091 1253,2075 886,2116 761,2091 634,2128 523,2084"/>
                <Baseline points="537,2165 575,2163 614,2162 653,2162 692,2162 731,2162 770,2159 808,2161 847,2162 886,2165 925,2165 964,2158 1003,2156 1042,2153 1080,2151 1119,2150 1158,2150 1197,2150 1236,2150 1275,2150 1314,2147"/>
                <TextEquiv>
                    <Unicode>doch hergeschickt?</Unicode>
                </TextEquiv>
            </TextLine>
            <TextLine id="tr_1_tl_14" custom="readingOrder {index:13;}">
                <Coords points="533,2348 1398,2276 1585,2296 1630,2204 535,2238"/>
                <Baseline points="546,2299 600,2290 654,2290 709,2290 763,2290 817,2290 872,2290 926,2286 980,2284 1035,2284 1089,2281 1143,2284 1198,2283 1252,2280 1306,2276 1361,2275 1415,2275 1469,2271 1524,2269 1578,2267 1633,2272"/>
                <TextEquiv>
                    <Unicode>Adele: lich hergeschickt?</Unicode>
                </TextEquiv>
            </TextLine>
            <TextLine id="tr_1_tl_15" custom="readingOrder {index:14;}">
                <Coords points="538,2430 1167,2456 1369,2404 1971,2418 2024,2396 2027,2336 1856,2351 1587,2286 1465,2346 1215,2370 862,2329 538,2358"/>
                <Baseline points="552,2421 625,2419 699,2418 773,2418 847,2415 921,2413 995,2415 1069,2411 1143,2408 1217,2410 1291,2407 1364,2404 1438,2406 1512,2403 1586,2398 1660,2395 1734,2397 1808,2392 1882,2392 1956,2392 2030,2398"/>
                <TextEquiv>
                    <Unicode>Ferdinand: Oder doch gehen lassen.</Unicode>
                </TextEquiv>
            </TextLine>
            <TextLine id="tr_1_tl_16" custom="readingOrder {index:15;}">
                <Coords points="507,2589 780,2598 932,2553 1114,2591 1277,2538 1592,2565 1693,2536 1695,2492 1388,2488 1340,2444 1201,2492 509,2476"/>
                <Baseline points="519,2553 578,2553 637,2552 696,2550 755,2550 814,2550 873,2548 932,2547 991,2547 1050,2547 1109,2544 1168,2541 1227,2538 1286,2536 1345,2535 1404,2532 1463,2532 1522,2529 1581,2529 1640,2529 1699,2529"/>
                <TextEquiv>
                    <Unicode>Adele: Mich gehen lassen.</Unicode>
                </TextEquiv>
            </TextLine>
            <TextLine id="tr_1_tl_17" custom="readingOrder {index:16;}">
                <Coords points="545,2692 1054,2706 1328,2661 1623,2701 1698,2653 1907,2649 2202,2687 2322,2653 2324,2567 2214,2541 2125,2589 1993,2560 1779,2601 1618,2545 1443,2615 1138,2620 1035,2572 845,2632 545,2622"/>
                <Baseline points="558,2678 646,2678 735,2678 823,2675 912,2673 1000,2674 1089,2671 1177,2668 1266,2665 1354,2662 1443,2659 1532,2657 1620,2656 1709,2651 1797,2648 1886,2648 1974,2645 2063,2645 2151,2642 2240,2636 2329,2645"/>
                <TextEquiv>
                    <Unicode>Ferdinand: Sonst wären Sie wohl- niht da.</Unicode>
                </TextEquiv>
            </TextLine>
            <TextLine id="tr_1_tl_18" custom="readingOrder {index:17;}">
                <Coords points="538,2841 2327,2781 2327,2716 2065,2692 1347,2718 1289,2757 1138,2716 956,2761 886,2730 831,2771 540,2752"/>
                <Baseline points="552,2816 641,2809 730,2808 819,2810 908,2807 997,2803 1086,2800 1175,2797 1264,2795 1353,2794 1442,2789 1531,2789 1620,2786 1709,2783 1798,2785 1887,2777 1976,2777 2065,2774 2154,2771 2243,2768 2332,2771"/>
                <TextEquiv>
                    <Unicode>Adele: Er wollte mich nicht gehen lassen.</Unicode>
                </TextEquiv>
            </TextLine>
            <TextLine id="tr_1_tl_19" custom="readingOrder {index:18;}">
                <Coords points="547,2949 1609,2925 1820,2970 2312,2901 2478,2949 2480,2821 2293,2790 2137,2841 1986,2800 1772,2862 1318,2836 999,2894 550,2860"/>
                <Baseline points="561,2938 657,2938 753,2938 849,2936 945,2932 1041,2932 1137,2929 1233,2931 1329,2924 1425,2920 1521,2918 1617,2917 1713,2914 1809,2908 1905,2905 2001,2904 2097,2902 2193,2899 2289,2897 2385,2899 2481,2911"/>
                <TextEquiv>
                    <Unicode>Ferdinand: Aber er keltste nichtab duldet,</Unicode>
                </TextEquiv>
            </TextLine>
            <TextLine id="tr_1_tl_20" custom="readingOrder {index:19;}">
                <Coords points="543,3117 728,3083 857,3117 965,3081 1004,3107 1304,3095 1304,2994 1249,2973 1131,3016 927,2980 646,3038 545,2997"/>
                <Baseline points="558,3084 595,3081 633,3084 670,3082 708,3079 746,3079 783,3081 821,3081 859,3078 896,3074 934,3073 972,3073 1009,3073 1047,3073 1085,3073 1122,3071 1160,3070 1198,3069 1235,3068 1273,3071 1311,3078"/>
                <TextEquiv>
                    <Unicode>dass Sie da sind.</Unicode>
                </TextEquiv>
            </TextLine>
            <TextEquiv>
                <Unicode></Unicode>
            </TextEquiv>
        </TextRegion>
    </Page>
</PcGts>
