3080 3640
702 1232 937 1487 git
1108 554 2626 688 Ich halte es für eine Narretei fund
1104 657 2736 830 würde es sogar für eine Narretei hal-
1117 816 2651 933 teu,wenn er wirklich erst vor einer
1112 921 2606 1067 Stunde entdeckt hätte, dass Cäcilie
1104 1061 2614 1203 einmal deine Geliebte war.) Wer hat
1086 1195 2740 1306 denn das überhaupt erfunden, dass die
1092 1314 2643 1467 Tugend einer Frau so ungeheuer viel
1094 1485 2641 1609 wert ist und das Leven eines Mannes
1092 1584 2713 1697 so wenig. (Wein euch die Zugendhaftes-
1086 1706 2713 1827 ten ihre Träume erzählten,so gäbt Ihr
1082 1844 2596 1965 auf das bischen Wirklichkeit nicht
1075 1980 1664 2091 mehr so viel.
1073 2097 2509 2258 Berthold: Adele, bleibe, du darfst
1071 2237 2618 2371 nicht. Wenn du das Zimmer verlässt,
1069 2355 1842 2472 ich schwöre dir-
1075 2501 2573 2645 Adele: Schwöre nicht.Ich würde dir
1069 2622 2530 2719 keine Thräne nachweinen.Ich würde
1057 2760 2622 2903 denken,du bist meiner nicht wert ge-
1053 2903 2610 3016 wesen.Schwöre nicht-(sie macht sich
1057 3016 2023 3125 los und stürzt davon).
