3128 3544
504 301 754 519 915.31
891 575 2653 739 Adele: Wir reisen ab - in dieser Nacht noch.
901 732 2911 888 Berthold: Was fällt dir ein? Du hist nicht bei dir,
883 876 1139 990 Adele.
886 980 2911 1116 Adele: Er selbst würde es dir danken, sobald er wie-
896 1116 2797 1278 der zu Besinnung gekommen ist. Lass ihm nur Zeit
896 1268 1116 1367 dazu.
891 1374 2820 1476 Bethold: Er ist bei Besinnung. Aber er geht bis
891 1511 2789 1648 ans Ende. Du kennst ihn nicht. Eine Flucht wäre
886 1663 2714 1752 nicht verächtlich,-sie ware völlig sinnlos. Er-
891 1767 2805 1909 würde mich verfolgen,selbet wenn er zu Besinnung
881 1921 2870 2043 kommen sollte,wie du das nennst. Ein Starrkopf ist
886 2025 2921 2177 er. Und wenn es s e in Ende wäre.... er sich
896 2167 1886 2301 in den Kopf gesetzt hat-
878 2278 2789 2420 Adele: Ejne fixe Idee. Sie kann einen Tag dauern
906 2392 2769 2519 oder zehn. Um die allernachete Zeit handelt es
899 2521 2693 2660 sich nur. Wenn erst ein paar Wochen um sind-
891 2635 2878 2817 Berthold : Konnten wir wieder zurück, denkst du und
899 2779 2797 2921 wi eder in Frieden und Fuhe leben..Und du glaubst
899 2898 2827 3048 wirklich, dass ich mich so tief erniedern würde,
894 3038 1430 3156 zu fliehen -?
883 3116 2830 3311 Adele: (höhnisch) Erniedern - ein Mann - ein Dumm-
