2872 3448
2182 239 2310 421 90
554 392 2344 564 Der dritte Akt wieder im Hause Bertholds.
568 525 2457 711 Adele und Ferdiuend treten ein. Sie suchen
564 639 2448 834 Berthold, der nicht zu finden ist. Wo mag er
583 871 796 982 sein?
578 880 2322 1088 Adele: er wird schon wiederkommen. Da er
578 1045 2508 1241 nicht eine Winute später in Ihrem Hause war,
588 1190 2295 1369 kann er auch nichts anderes getan laben.
580 1301 2462 1497 Oder einfacher, Berdinend und Adele kommen,
595 1417 2407 1647 finden Berthold nicht im Saloa.Sie öffnen
590 1553 2535 1763 die Tür zum Schlafzinmer.Dort finden sie ihn
607 1727 779 1918 10t.
605 1773 2525 1993 Durch diesen rod nun hat Berthold sich Adele
612 2041 1321 2141 wieder errungen.
617 2066 2416 2257 Fe dinand: Was hat sich denn geändert? Er-
619 2201 2540 2399 hat gezögert.Er hat sich umgebracht, weil die
619 2329 2470 2525 Winute nicht mehr einzuholen war, in der er-
631 2518 1785 2629 Ihuen hätte folgen müssen.
634 2578 2520 2811 Adels: Sie war einzuholen. Sie sehen,er hat
643 2803 1050 2912 es getan.
