3176 3640
831 663 2740 816 Adele: Ich glaube nicht, dass die Eliee dir deine
834 831 2295 969 Prozessakten unterschlagen wird. Z.
839 959 2554 1138 Berthold: Alles schon dagewesen. Du glaubst
839 1097 2685 1256 nicht, auf was für Einfälle Advokaten zuweilen
846 1238 2162 1354 komnen. Gegners t. Glugsten
836 1376 2004 1524 Aielei Gegwerisene, meinst du?
849 1497 2674 1688 Berthold: (eperrt eine Schreibtischlade auf und
839 1652 1846 1758 legt den Revolver hinein)
1092 1738 1354 1833 te tete
839 1780 2637 1911 Adele: Also der muss linke, liegen im obersten
846 1929 1067 2037 Fach.
1919 1951 2536 2082 ben tengeriken
849 2052 2594 2177 Berthold: Sein Platz seit vierzehn Jahren.
846 2187 2672 2343 Adele: Und wo ist der berühmte Pistolenkasten?
1145 2265 1590 2356 (ramemet
856 2315 2592 2466 Berthold: Habe ich gar keinen. Wie kommst du
841 2453 1411 2579 auf die Idee?
841 2564 2803 2732 Adele: Da hast doch ein paar Iuelle gehabt,nicht?
854 2725 2752 2855 Berthold: Eins. kein richtiges Duell,-eine Stu-
836 2885 1565 2988 dentenmensur eher.
846 2961 2308 3114 Adele: Ach so„Aicht wegen einer Frau?
849 3071 2863 3240 Berthold: Nicht im allergeringsten. Bin kein Roman-
