2952 3544
2401 300 2548 467 899
868 454 2504 658 be dich kud ich würde dich inner lie-
879 623 2502 778 ben, so wie ich es auch von dir weiss,
879 761 2421 881 dass du rich im-er lieben müsstest,
870 873 2559 1015 woher ich auch käme, aus welchem Traum,
877 1024 2598 1175 aus welchem Fieber, aus welcher Schmacl.
886 1158 2559 1302 Diese Stunde,gerade diese hat uns enge
877 1267 2425 1421 aneinander gegeben als es Jahre des
888 1390 2510 1528 friedlichsten Glücks vermocht hätten.
899 1508 2471 1658 Berthold: Genug,genig.Wozu, du weisst
895 1649 2287 1802 es ja doch auch, dass es aus ist.
892 1776 1581 1921 Adele: Berthold
1570 1879 1918 1969 t ee
895 1899 2578 2070 Berthold:) Eu neisst ja so eht wis ich.
2197 2000 2337 2061 d
899 2030 2594 2182 dass alles eitzweigerissen ist zwischen
892 2184 2655 2337 dir und mir. Es gibt nicht zwei Menschen
890 2315 2613 2478 auf der Welt, die so unrettbare fern von
906 2464 2541 2589 einander sind als du und ich. Dem, der
914 2556 2545 2745 jetzt aus diesem Zimmer gegangensist,-
912 2677 2583 2905 gehörst du jehir als wir. Es gibt einen
892 2813 2594 2973 Einzigen auf der Welt,dem du für immer
914 2958 2287 3098 verloren bist, der eine bin ich.
910 3056 2583 3249 Adele: Ich habe dich ja, wie kannst du
