3307 4280
1612 596 2290 802 emlich leerer
799 734 1249 883 Morgengraw
1672 780 2686 1095 Käuser rechts, links V
805 854 1393 1027 Linie, verstn
810 1003 1415 1187 und Wäldehen.
840 1098 3019 1341 Hinten die Lichter der Stadt, die später von
832 1290 1228 1490 löschen.
1293 1333 1973 1474 die Studenten
946 1352 2669 1612 Krasmus und zwei Freunde treten auf.
846 1488 2978 1770 Erasmus erzählt ihnen sein Abenteuer. Ich we
2420 1650 2794 1827 ein J
2238 1740 2347 1837 G.F.P
856 1734 2222 1883 jetzt noch nicht, ist sie
854 1778 2797 2065 fräulein oder eine ganz abgefeimtes Ding.
894 2005 2816 2222 Ein Freund: Offenbar eine Erpresserbande.
946 2106 2821 2396 den virst sehen, er kommt überhaupt nicht.
864 2260 2642 2526 Jedenfalls läst er uns lange warten.
894 2358 3079 2699 Erasmus will wieder zu jenem Garten. Es könnte
954 2520 3133 2848 ergend etwas gefunden werden, dass der Vater im
1157 2669 3103 2989 ongrauen hier vorbeikommt. Er könnte ein
1233 2827 3016 3144 Ministerium sein, wo mit Beziehung auf
1060 2986 2846 3309 Krieg eine Sitzung stattgefunden hat
916 3190 2913 3390 Oder ein Afst, der von einem Schwerkranken
908 3333 2531 3528 Vielleicht eine Beziehung zwischen
