3299 4248
770 593 2681 837 Moment, muss schon das Eigentümliche Verwandte
779 730 2893 910 hältnis zwischen Bruder und Schwester zu Tage
782 893 2939 1134 treten, eine Verliebtheit, die offenbar schon
805 1021 2887 1271 von Kindheit an da var. Es könnte vielleicht
834 1166 2942 1428 so weit geführt werden, dass Sibylle für Ada-
823 1343 2724 1590 bert schon mehr zittert als für Erasmus,
791 1480 3128 1710 Es müsste das schon die erste Seene zwischen Frau
805 1646 3018 1855 mus und Stbylle in dieser Weise angelegt sein.
832 1774 2852 2120 Er wäre der leidenschaftlich Verliebte, sie
823 1992 1494 2163 die kindliche.
837 2070 2887 2343 Sibylle zu Adalbert: Du musst mir glauben.
840 2233 3134 2541 Ich kanns Dir beweisen. Geh in dieses Haus zu der
834 2471 1602 2687 Marquise
907 2524 3163 2794 Sie lügt ihm noch eine Menge vor und er sagt ihn
1023 2704 3131 3006 Ende, wenn es wahr ist, so verde ich mich eben
866 2934 1954 3137 von ihm töten lassen.
1151 2945 2777 3163 in einer dit so möge leben, und als
2140 3102 2788 3291 Ausman &c
951 3126 1864 3317 Demi: wohnt auf
1971 3262 2224 3469 Hiern
1218 3303 1337 3527 F.
