3299 4264
755 475 1950 758 Endlich erseheint Sibylle.
743 702 2257 909 Adalbert. Ja, das ist die rechte
2611 770 2870 956 es vi
720 785 2407 1053 Die Kameraden bleiben eine Weile da
732 1006 1785 1198 getruken und gelacht.
726 1050 2870 1372 Sibylle spielt eine Dirnenkomödie) die Kamers
755 1239 2835 1507 werden zudringlich, es kommt zu einem Streit
752 1410 3050 1643 Die Kameraden: Es fehlt noch, dass man sich wegen
808 1531 2918 1794 so einer schlägt, wenn man übermorgen wieder
773 1664 2891 1935 ins Feld rücken muss. Morgen wirst Du wieder
767 1876 1788 2092 zur Besinnung kommen,
779 1997 2997 2260 Sibylle und Adalbert bleiben allein zurück. Er
796 2130 3168 2384 steht vor ihr, will auf sie zu, will sie erwürgen,
788 2301 2738 2534 mit einemmal sinken sie sich in die Arme.
764 2626 1561 2832 Sie spielt oft in die Koncrede
