3339 4200
1866 579 2208 738 adinnen.
1544 590 1763 768 1 Frei
1007 546 1420 765 Sibylle,
771 715 2572 948 Die Freundinnen. Nun wie wars auf dem
762 847 2852 1098 Wenn Du wüsstest, was wir indessen erlebt hat
765 986 2879 1234 Sie erzählen, von einer Frau, einer Marquise
768 1119 3038 1382 oder sonst einer abenteuerlichen Person, die vor
771 1323 3150 1556 der Linie draussen ein Haus hat, wo es sehr lustig
815 1459 3077 1662 zugeht. Wo man tanzt und spielt, wo schöne junge
777 1591 2855 1878 Herren hinkommen. Sie möchten Sibylle einmal
791 1801 1662 2028 dorthin mitnehmen.
803 1898 3062 2167 Sibylle staunt mit der Veränderung, die mit den
800 2102 2389 2321 zwei Freundinnen vorgegangen ist.
812 2211 3156 2474 Dann macht sie seltsame Andeutungen über allerlei
827 2445 1559 2657 vas bevorsteht.
821 2504 2979 2778 Die Freundinnen: Sie hat wieder was geträumt.
841 2681 3109 2920 Krinnerung han phantastische Dinge aus Sibyllen-
833 2982 1293 3124 Kindheit.
883 2991 3071 3313 Die Freundinnen. Es wird wohl ein Prinz sein.
912 3248 1819 3478 Oder gar ein König.
901 3449 1695 3614 Der Vater kommt.
901 3502 2958 3767 Sibylle geht dann sich schön machen, der Va
