3315 4232
1347 565 2071 782 r und Adalbert.
1021 565 1298 762 Vat
770 666 3041 920 Adalbert erzählt, dass er schon seit gestern hi
782 871 2865 1065 ist, aber spät nachts kam und mit Kameraden
793 1041 2369 1203 Einem Wirtshaus übernachtet hat..
796 1088 2868 1336 Die Abenteuer des Adelbert, Kriegsabent äuer
825 1310 1321 1492 andre.
808 1463 2092 1616 Erinnerungen an die Jugend.
796 1558 2972 1815 Die Mutter ist in der Zwischenzeit gestorben.
880 1702 2871 1968 Einiges Lebendige aus der Vergangenheit
842 1884 3168 2126 Der Vater, vielleicht Rat, muss ins Amt, Stadtphysik
822 2095 3142 2265 Oder irgend ein anderer Anlass seiner Entfernung,
837 2221 3061 2438 Er ist eben noch dabei wie Sibylle heraustritt.
889 2366 3156 2573 Er könnte als ängstlicher alter Herr geschildert
874 2487 3113 2689 sein, der seine Kinder bewundert. Die Mutter
842 2683 3073 2824 var irgend etwas seltsames, heldenhaftes. Und
837 2827 3061 3023 ihren Atmosphäre ist irgendwie noch in diesem
