3315 4232
846 499 1874 700 Sibylle, Adalbert
797 677 1138 817 Sibylle
1722 610 2773 820 an, was sich zugetragen.
768 797 2945 1033 Adalbert erklärt ihr, dass der Schurke morgen
788 931 2157 1132 im diese Stunde to sein vird.
2151 1042 2268 1226 G.P.
811 1112 1950 1258 Sibylle ist fassungslos.
779 1185 2863 1433 Zuerst versucht sie ihm zu sagen, dass Er am
782 1381 2884 1544 nicht xxx ihr Geliebter war, erzählt ihm die
788 1535 2936 1699 wahre Geschichte, die Adalbert natürlich nicht
1710 1678 1932 1845 diese
779 1681 1591 1894 glaubt. Sibylle
791 1766 2890 2026 Und wenn es auch wahr wäre, sagt er endlich,
808 1991 3038 2189 er muss doch sterben, weil er nachts mit Dir in
779 2122 3126 2309 diesem Wirtshaus war, weil er frech gegen mich va-
791 2277 2604 2472 und weil es nun einmal verabredet ist.
64 2329 645 2525 & Wie kind he day
76 2487 692 2630 Eine Remerkung
788 2440 2805 2618 Sibylle: Du wirst Dich doch nicht mitm ihm
99 2571 692 2709 in itm: Ihr: eerst
782 2586 2691 2773 schlagen, wenn Du alles vüsstest. Sie
79 2659 686 2802 dicine w'd in
85 2738 724 2895 neant die Freiin
791 2752 2910 2904 ihm endlich, dass sie keine Person mehr ist
108 2875 339 3059 tien.
794 2875 2965 3103 die man sich schlägt, dass Erasmus nicht ihn
791 3012 2878 3287 erster, dass er ihr zehnter, Ihr zwanzigster
785 3196 1451 3395 Geliebter war.
779 3266 2306 3549 Adalbert: Du villet ihn retten.
785 3482 2904 3689 In dieser Soene, vielleicht gerade in diesem
