<?xml version="1.0" encoding="UTF-8" standalone="yes"?>
<PcGts xmlns="http://schema.primaresearch.org/PAGE/gts/pagecontent/2013-07-15" xmlns:xsi="http://www.w3.org/2001/XMLSchema-instance" xsi:schemaLocation="http://schema.primaresearch.org/PAGE/gts/pagecontent/2013-07-15 http://schema.primaresearch.org/PAGE/gts/pagecontent/2013-07-15/pagecontent.xsd">
    <Metadata>
        <Creator>prov=READ-COOP:name=TrHtr:version=2.1.0:model_id=51170:date=15_08_2023_00:54</Creator>
        <Created>2023-05-10T15:01:38.900+02:00</Created>
        <LastChange>2023-08-15T00:54:37.241+02:00</LastChange>
        <TranskribusMetadata docId="1428744" pageId="55428770" pageNr="35" tsid="132835387" status="IN_PROGRESS" userId="64420" imgUrl="https://files.transkribus.eu/Get?id=VZDSLMLKULFZWQFAJDLXZMAU&amp;fileType=view" xmlUrl="https://files.transkribus.eu/Get?id=BEQYAVZCFREHZXGQCQZKOKFE" imageId="44702843"/>
    </Metadata>
    <Page imageFilename="1428744_0035.jpg" imageWidth="3323" imageHeight="4264">
        <ReadingOrder>
            <OrderedGroup id="ro_1711807547392" caption="Regions reading order">
                <RegionRefIndexed index="0" regionRef="tr_2"/>
                <RegionRefIndexed index="1" regionRef="tr_1"/>
            </OrderedGroup>
        </ReadingOrder>
        <TextRegion id="tr_2" custom="readingOrder {index:0;}">
            <Coords points="761,633 3123,633 3123,2001 761,2001"/>
            <TextLine id="tr_2_tl_1" custom="readingOrder {index:0;}">
                <Coords points="825,720 956,735 1005,706 1072,726 1177,700 1418,747 1476,718 1580,729 1577,517 1147,511 1025,575 822,575"/>
                <Baseline points="840,687 886,683 931,683 976,683 1021,683 1066,683 1110,683 1155,686 1200,686 1245,686 1289,686 1334,686 1379,686 1424,689 1469,692 1513,689 1558,692 1588,695"/>
                <TextEquiv>
                    <Unicode>Eveiter Akt.</Unicode>
                </TextEquiv>
            </TextLine>
            <TextLine id="tr_2_tl_2" custom="readingOrder {index:1;}">
                <Coords points="860,848 1421,889 1624,851 1711,886 1772,848 1874,863 1874,709 1763,747 1473,720 1415,749 1037,691 941,738 860,718"/>
                <Baseline points="877,824 922,827 967,830 1012,833 1057,830 1101,833 1146,833 1191,836 1236,833 1280,833 1325,833 1370,833 1415,833 1460,830 1504,827 1549,830 1594,833 1639,833 1684,833 1728,833 1773,830 1818,833 1863,842 1881,842"/>
                <TextEquiv>
                    <Unicode>das Haus der Marquise.</Unicode>
                </TextEquiv>
            </TextLine>
            <TextLine id="tr_2_tl_3" custom="readingOrder {index:2;}">
                <Coords points="810,1028 2423,1040 2652,1017 2652,857 810,869"/>
                <Baseline points="827,985 871,979 916,985 961,982 1006,985 1051,985 1095,988 1140,988 1185,985 1230,985 1275,985 1319,988 1364,985 1409,985 1454,985 1498,985 1543,988 1588,988 1633,988 1678,985 1722,985 1767,988 1812,988 1857,988 1902,991 1946,991 1991,988 2036,988 2081,985 2126,988 2170,988 2215,982 2260,985 2305,982 2349,985 2394,985 2439,979 2484,979 2529,979 2573,982 2618,982 2660,988"/>
                <TextEquiv>
                    <Unicode>Ein kleiner Saal, in dem gespielt wird.</Unicode>
                </TextEquiv>
            </TextLine>
            <TextLine id="tr_2_tl_4" custom="readingOrder {index:3;}">
                <Coords points="784,1168 2771,1177 3120,1147 3120,1028 784,1031"/>
                <Baseline points="800,1107 839,1116 883,1119 928,1122 973,1119 1018,1119 1063,1119 1107,1119 1152,1116 1197,1116 1242,1116 1286,1119 1331,1116 1376,1119 1421,1116 1466,1119 1510,1122 1555,1116 1600,1116 1645,1119 1690,1119 1734,1122 1779,1122 1824,1119 1869,1119 1914,1122 1958,1122 2003,1122 2048,1122 2093,1119 2137,1119 2182,1119 2227,1113 2272,1113 2317,1116 2361,1116 2406,1119 2451,1116 2496,1119 2541,1119 2585,1116 2630,1119 2675,1119 2720,1116 2765,1116 2809,1113 2854,1110 2899,1110 2944,1110 2988,1110 3033,1107 3078,1107 3123,1104"/>
                <TextEquiv>
                    <Unicode>vielleicht auch der Spielsaal im Hintergrunde und</Unicode>
                </TextEquiv>
            </TextLine>
            <TextLine id="tr_2_tl_5" custom="readingOrder {index:4;}">
                <Coords points="793,1293 2745,1342 2725,1156 793,1165"/>
                <Baseline points="809,1248 853,1245 898,1248 943,1248 988,1251 1033,1251 1077,1245 1122,1245 1167,1245 1212,1245 1257,1245 1301,1245 1346,1245 1391,1245 1436,1245 1481,1245 1525,1245 1570,1248 1615,1245 1660,1245 1705,1245 1749,1248 1794,1251 1839,1251 1884,1248 1928,1248 1973,1251 2018,1251 2063,1248 2108,1248 2152,1248 2197,1248 2242,1248 2287,1248 2332,1251 2376,1251 2421,1254 2466,1251 2511,1251 2556,1251 2600,1251 2645,1251 2690,1248 2735,1251 2753,1251"/>
                <TextEquiv>
                    <Unicode>vorn ein kleiner Saal, in dem man trinkt</Unicode>
                </TextEquiv>
            </TextLine>
            <TextLine id="tr_2_tl_6" custom="readingOrder {index:5;}">
                <Coords points="787,1447 2013,1490 2158,1412 2158,1348 1978,1304 1511,1342 784,1296"/>
                <Baseline points="803,1376 848,1376 892,1376 937,1376 982,1379 1027,1379 1071,1379 1116,1382 1161,1382 1206,1382 1251,1385 1295,1385 1340,1385 1385,1385 1430,1385 1475,1385 1519,1385 1564,1385 1609,1385 1654,1385 1699,1385 1743,1388 1788,1388 1833,1388 1878,1388 1922,1388 1967,1388 2012,1388 2057,1388 2102,1388 2146,1391 2167,1394"/>
                <TextEquiv>
                    <Unicode>Zwei Kameraden des Offiziers.</Unicode>
                </TextEquiv>
            </TextLine>
            <TextLine id="tr_2_tl_7" custom="readingOrder {index:6;}">
                <Coords points="770,1598 3097,1563 3097,1470 2934,1421 2057,1508 770,1461"/>
                <Baseline points="785,1546 821,1543 865,1543 910,1546 955,1546 1000,1546 1045,1546 1089,1546 1134,1543 1179,1546 1224,1546 1269,1543 1313,1546 1358,1543 1403,1543 1448,1543 1492,1543 1537,1543 1582,1543 1627,1543 1672,1543 1716,1543 1761,1543 1806,1543 1851,1543 1896,1540 1940,1540 1985,1540 2030,1543 2075,1543 2120,1540 2164,1540 2209,1543 2254,1549 2299,1546 2344,1543 2388,1546 2433,1543 2478,1543 2523,1543 2567,1543 2612,1540 2657,1540 2702,1543 2747,1543 2791,1540 2836,1540 2881,1540 2926,1540 2971,1540 3015,1537 3060,1534 3105,1543"/>
                <TextEquiv>
                    <Unicode>Sie haben vielleicht schon in Meiland von diesem</Unicode>
                </TextEquiv>
            </TextLine>
            <TextLine id="tr_2_tl_8" custom="readingOrder {index:7;}">
                <Coords points="744,1763 819,1752 909,1781 950,1763 1017,1789 1124,1766 1328,1778 1328,1595 1252,1621 1078,1609 979,1636 921,1609 857,1627 813,1592 744,1595"/>
                <Baseline points="761,1681 797,1678 842,1678 886,1678 931,1681 976,1684 1021,1684 1066,1684 1110,1681 1155,1681 1200,1681 1245,1678 1289,1678 1334,1678"/>
                <TextEquiv>
                    <Unicode>Haus gehört.</Unicode>
                </TextEquiv>
            </TextLine>
            <TextLine id="tr_2_tl_9" custom="readingOrder {index:8;}">
                <Coords points="767,1862 2902,1882 2829,1755 767,1766"/>
                <Baseline points="782,1839 827,1842 871,1842 916,1842 961,1845 1006,1845 1051,1842 1095,1842 1140,1842 1185,1842 1230,1842 1275,1842 1319,1842 1364,1839 1409,1839 1454,1842 1498,1842 1543,1839 1588,1839 1633,1839 1678,1839 1722,1842 1767,1839 1812,1842 1857,1845 1902,1845 1946,1845 1991,1845 2036,1842 2081,1842 2126,1845 2170,1845 2215,1845 2260,1848 2305,1848 2349,1845 2394,1845 2439,1845 2484,1842 2529,1842 2573,1842 2618,1839 2663,1842 2708,1839 2753,1839 2797,1839 2842,1842 2887,1848 2908,1848"/>
                <TextEquiv>
                    <Unicode>Hier soll es das Feinste geben, junge Frauen,</Unicode>
                </TextEquiv>
            </TextLine>
            <TextLine id="tr_2_tl_10" custom="readingOrder {index:9;}">
                <Coords points="770,2025 2896,2025 2917,1891 1720,1850 1580,1935 770,1917"/>
                <Baseline points="785,1991 818,1988 862,1985 907,1988 952,1991 997,1991 1042,1991 1086,1991 1131,1988 1176,1988 1221,1985 1266,1985 1310,1988 1355,1985 1400,1988 1445,1985 1490,1982 1534,1982 1579,1985 1624,1982 1669,1982 1713,1982 1758,1982 1803,1985 1848,1982 1893,1979 1937,1979 1982,1979 2027,1979 2072,1982 2117,1982 2161,1982 2206,1982 2251,1982 2296,1985 2341,1982 2385,1982 2430,1982 2475,1982 2520,1985 2564,1985 2609,1985 2654,1982 2699,1982 2744,1982 2788,1982 2833,1982 2878,1985 2923,1988"/>
                <TextEquiv>
                    <Unicode>junge Mädchen aus Birgerfamilien, Sängerinnen</Unicode>
                </TextEquiv>
            </TextLine>
        </TextRegion>
        <TextRegion id="tr_1" custom="readingOrder {index:1;}">
            <Coords points="758,2013 2968,2013 2968,3673 758,3673"/>
            <TextLine id="tr_1_tl_1" custom="readingOrder {index:0;}">
                <Coords points="1699,2083 1740,2097 1778,2071 1798,2086 1827,2071 1874,2080 1885,2071 1929,2095 1981,2100 1984,1999 1949,2007 1929,1999 1911,2010 1877,1987 1778,2013 1746,2004 1702,2010"/>
                <Baseline points="1716,2069 1722,2069 1767,2069 1812,2066 1857,2066 1902,2063 1946,2063 1991,2063"/>
                <TextEquiv>
                    <Unicode>a-n-habe</Unicode>
                </TextEquiv>
            </TextLine>
            <TextLine id="tr_1_tl_2" custom="readingOrder {index:1;}">
                <Coords points="799,2144 1031,2176 1081,2147 1133,2167 1333,2141 1403,2173 1604,2147 1659,2167 1662,2080 802,2083"/>
                <Baseline points="815,2143 859,2143 904,2143 949,2140 994,2143 1039,2143 1083,2143 1128,2143 1173,2143 1218,2140 1263,2140 1307,2140 1352,2137 1397,2137 1442,2137 1487,2134 1531,2134 1576,2134 1621,2137 1666,2137"/>
                <TextEquiv>
                    <Unicode>und Prinzessinnen.</Unicode>
                </TextEquiv>
            </TextLine>
            <TextLine id="tr_1_tl_3" custom="readingOrder {index:2;}">
                <Coords points="802,2388 950,2391 1098,2301 2010,2312 2013,2234 1845,2219 1705,2141 1034,2176 805,2147"/>
                <Baseline points="818,2293 853,2293 898,2296 943,2299 988,2299 1033,2299 1077,2299 1122,2299 1167,2296 1212,2293 1257,2296 1301,2293 1346,2296 1391,2293 1436,2290 1481,2293 1525,2290 1570,2290 1615,2290 1660,2290 1705,2290 1749,2293 1794,2296 1839,2290 1884,2290 1928,2287 1973,2287 2018,2287"/>
                <TextEquiv>
                    <Unicode>Weibliche Episodenfiguren</Unicode>
                </TextEquiv>
            </TextLine>
            <TextLine id="tr_1_tl_4" custom="readingOrder {index:3;}">
                <Coords points="2182,2446 2202,2452 2208,2446 2217,2452 2225,2443 2240,2440 2248,2449 2254,2443 2263,2446 2283,2429 2298,2429 2298,2298 2278,2295 2266,2304 2251,2304 2234,2295 2211,2295 2196,2309 2182,2309"/>
                <Baseline points="2197,2361 2242,2361 2287,2361 2305,2361"/>
                <TextEquiv>
                    <Unicode>—</Unicode>
                </TextEquiv>
            </TextLine>
            <TextLine id="tr_1_tl_5" custom="readingOrder {index:4;}">
                <Coords points="749,2522 848,2510 962,2553 1133,2519 1691,2522 1694,2382 1319,2368 918,2405 828,2365 752,2379"/>
                <Baseline points="767,2451 803,2454 848,2454 892,2454 937,2457 982,2454 1027,2454 1071,2451 1116,2454 1161,2454 1206,2451 1251,2448 1295,2448 1340,2448 1385,2445 1430,2445 1475,2445 1519,2445 1564,2442 1609,2439 1654,2442 1699,2445"/>
                <TextEquiv>
                    <Unicode>Die Marquise selbst.</Unicode>
                </TextEquiv>
            </TextLine>
            <TextLine id="tr_1_tl_6" custom="readingOrder {index:5;}">
                <Coords points="799,2684 1833,2710 2097,2603 2609,2632 2609,2536 2100,2469 1874,2536 802,2507"/>
                <Baseline points="818,2600 824,2600 868,2603 913,2606 958,2606 1003,2603 1048,2603 1092,2603 1137,2603 1182,2603 1227,2600 1272,2600 1316,2600 1361,2597 1406,2597 1451,2597 1495,2597 1540,2597 1585,2597 1630,2594 1675,2600 1719,2594 1764,2591 1809,2591 1854,2591 1899,2591 1943,2588 1988,2591 2033,2591 2078,2588 2123,2588 2167,2588 2212,2588 2257,2588 2302,2585 2346,2585 2391,2585 2436,2585 2481,2588 2526,2588 2570,2591 2615,2591"/>
                <TextEquiv>
                    <Unicode>Sie ist vielleicht besser eine Römerin.</Unicode>
                </TextEquiv>
            </TextLine>
            <TextLine id="tr_1_tl_7" custom="readingOrder {index:6;}">
                <Coords points="755,2821 909,2856 1490,2824 1595,2850 1595,2681 1313,2667 933,2699 758,2644"/>
                <Baseline points="770,2756 797,2753 842,2753 886,2756 931,2756 976,2756 1021,2759 1066,2759 1110,2756 1155,2753 1200,2750 1245,2750 1289,2750 1334,2750 1379,2750 1424,2750 1469,2750 1513,2747 1558,2747 1603,2750"/>
                <TextEquiv>
                    <Unicode>Kriegsgeschichten.</Unicode>
                </TextEquiv>
            </TextLine>
            <TextLine id="tr_1_tl_8" custom="readingOrder {index:7;}">
                <Coords points="773,2966 2225,2995 2426,2966 2429,2844 2156,2783 1993,2847 776,2838"/>
                <Baseline points="788,2917 821,2923 865,2926 910,2923 955,2926 1000,2923 1045,2920 1089,2917 1134,2917 1179,2917 1224,2917 1269,2917 1313,2917 1358,2914 1403,2914 1448,2911 1492,2911 1537,2911 1582,2911 1627,2911 1672,2911 1716,2911 1761,2911 1806,2911 1851,2911 1896,2911 1940,2908 1985,2911 2030,2911 2075,2917 2120,2908 2164,2908 2209,2911 2254,2908 2299,2911 2344,2908 2388,2905 2433,2905"/>
                <TextEquiv>
                    <Unicode>das dem Leben der Marquise. Kupres</Unicode>
                </TextEquiv>
            </TextLine>
            <TextLine id="tr_1_tl_9" custom="readingOrder {index:8;}">
                <Coords points="1043,3137 2888,3123 2890,2978 2751,2954 2501,3012 1046,3001"/>
                <Baseline points="1063,3078 1107,3084 1152,3078 1197,3078 1242,3078 1286,3075 1331,3075 1376,3075 1421,3075 1466,3072 1510,3072 1555,3075 1600,3078 1645,3075 1690,3075 1734,3072 1779,3066 1824,3066 1869,3066 1914,3066 1958,3066 2003,3063 2048,3063 2093,3063 2137,3060 2182,3057 2227,3054 2272,3054 2317,3051 2361,3051 2406,3051 2451,3051 2496,3051 2541,3051 2585,3051 2630,3048 2675,3051 2720,3051 2765,3048 2809,3045 2854,3045 2899,3045"/>
                <TextEquiv>
                    <Unicode>ralter Mensch, der absichtlich aus Mass</Unicode>
                </TextEquiv>
            </TextLine>
            <TextLine id="tr_1_tl_10" custom="readingOrder {index:9;}">
                <Coords points="863,3297 2126,3242 2562,3294 2957,3201 2960,3126 2211,3149 2048,3091 866,3164"/>
                <Baseline points="883,3242 907,3242 952,3239 997,3236 1042,3242 1086,3233 1131,3233 1176,3233 1221,3233 1266,3233 1310,3230 1355,3227 1400,3224 1445,3224 1490,3224 1534,3224 1579,3224 1624,3224 1669,3221 1713,3218 1758,3218 1803,3218 1848,3215 1893,3212 1937,3212 1982,3209 2027,3209 2072,3206 2117,3206 2161,3206 2206,3206 2251,3203 2296,3203 2341,3200 2385,3200 2430,3200 2475,3200 2520,3200 2564,3200 2609,3198 2654,3198 2699,3195 2744,3192 2788,3192 2833,3195 2878,3192 2923,3189 2968,3186"/>
                <TextEquiv>
                    <Unicode>gen seine Erben sein Geld hier verspielen zil</Unicode>
                </TextEquiv>
            </TextLine>
            <TextLine id="tr_1_tl_11" custom="readingOrder {index:10;}">
                <Coords points="764,3286 799,3286 819,3268 845,3271 837,3143 822,3143 816,3152 802,3152 781,3146 767,3132 752,3132"/>
                <Baseline points="776,3254 821,3257 851,3260"/>
                <TextEquiv>
                    <Unicode>80</Unicode>
                </TextEquiv>
            </TextLine>
            <TextLine id="tr_1_tl_12" custom="readingOrder {index:11;}">
                <Coords points="851,3466 2423,3474 2702,3442 2707,3280 1522,3254 854,3332"/>
                <Baseline points="871,3386 874,3386 919,3380 964,3380 1009,3383 1054,3386 1098,3377 1143,3377 1188,3377 1233,3374 1278,3371 1322,3371 1367,3371 1412,3371 1457,3368 1501,3365 1546,3365 1591,3368 1636,3365 1681,3362 1725,3359 1770,3359 1815,3359 1860,3359 1905,3359 1949,3356 1994,3356 2039,3353 2084,3353 2129,3350 2173,3350 2218,3350 2263,3347 2308,3347 2352,3347 2397,3347 2442,3344 2487,3341 2532,3344 2576,3344 2621,3341 2666,3338 2711,3335"/>
                <TextEquiv>
                    <Unicode>dem Augenblick wo er hundettausend gew</Unicode>
                </TextEquiv>
            </TextLine>
            <TextLine id="tr_1_tl_13" custom="readingOrder {index:12;}">
                <Coords points="738,3579 1580,3547 2002,3579 2007,3434 741,3469"/>
                <Baseline points="758,3523 803,3526 848,3526 892,3526 937,3529 982,3526 1027,3520 1071,3520 1116,3517 1161,3517 1206,3514 1251,3514 1295,3511 1340,3508 1385,3505 1430,3505 1475,3505 1519,3502 1564,3499 1609,3499 1654,3499 1699,3499 1743,3496 1788,3496 1833,3496 1878,3496 1922,3496 1967,3496 2012,3499"/>
                <TextEquiv>
                    <Unicode>hat, trifft ihn der Schlag</Unicode>
                </TextEquiv>
            </TextLine>
            <TextLine id="tr_1_tl_14" custom="readingOrder {index:13;}">
                <Coords points="761,3672 2385,3689 2844,3643 2847,3474 2234,3463 2077,3582 1853,3611 764,3585"/>
                <Baseline points="776,3660 791,3660 836,3660 880,3660 925,3660 970,3660 1015,3660 1060,3660 1104,3657 1149,3654 1194,3657 1239,3660 1283,3663 1328,3663 1373,3663 1418,3657 1463,3654 1507,3654 1552,3651 1597,3651 1642,3651 1687,3648 1731,3645 1776,3648 1821,3651 1866,3651 1911,3648 1955,3645 2000,3642 2045,3642 2090,3642 2134,3642 2179,3639 2224,3639 2269,3636 2314,3636 2358,3636 2403,3636 2448,3633 2493,3630 2538,3630 2582,3627 2627,3627 2672,3627 2717,3627 2762,3630 2806,3633 2851,3627"/>
                <TextEquiv>
                    <Unicode>Sein Neffe., und Erbe, den er ärgern wollte</Unicode>
                </TextEquiv>
            </TextLine>
        </TextRegion>
    </Page>
</PcGts>
