<?xml version="1.0" encoding="UTF-8" standalone="yes"?>
<PcGts xmlns="http://schema.primaresearch.org/PAGE/gts/pagecontent/2013-07-15" xmlns:xsi="http://www.w3.org/2001/XMLSchema-instance" xsi:schemaLocation="http://schema.primaresearch.org/PAGE/gts/pagecontent/2013-07-15 http://schema.primaresearch.org/PAGE/gts/pagecontent/2013-07-15/pagecontent.xsd">
    <Metadata>
        <Creator>prov=READ-COOP:name=TrHtr:version=2.1.0:model_id=51170:date=15_08_2023_00:54</Creator>
        <Created>2023-05-10T15:01:36.394+02:00</Created>
        <LastChange>2023-08-15T00:54:30.927+02:00</LastChange>
        <TranskribusMetadata docId="1428744" pageId="55428636" pageNr="15" tsid="132835367" status="IN_PROGRESS" userId="64420" imgUrl="https://files.transkribus.eu/Get?id=ZAHCYXSGVZSOKBARZHHXURKS&amp;fileType=view" xmlUrl="https://files.transkribus.eu/Get?id=LQZIBKZDWNVHCCURFIXESLKD" imageId="44702709"/>
    </Metadata>
    <Page imageFilename="1428744_0015.jpg" imageWidth="3323" imageHeight="4264">
        <ReadingOrder>
            <OrderedGroup id="ro_1711807502637" caption="Regions reading order">
                <RegionRefIndexed index="0" regionRef="tr_1"/>
                <RegionRefIndexed index="1" regionRef="tr_2"/>
            </OrderedGroup>
        </ReadingOrder>
        <TextRegion id="tr_1" custom="readingOrder {index:0;}">
            <Coords points="716,830 3039,830 3039,2631 716,2631"/>
            <TextLine id="tr_1_tl_1" custom="readingOrder {index:0;}">
                <Coords points="1796,888 1825,888 1860,902 1871,894 1909,896 1918,888 1953,894 1947,766 1926,760 1915,760 1909,769 1895,760 1868,766 1857,754 1839,760 1828,749 1816,760 1790,760"/>
                <Baseline points="1812,880 1857,886 1902,886 1946,886 1958,886"/>
                <TextEquiv>
                    <Unicode>18</Unicode>
                </TextEquiv>
            </TextLine>
            <TextLine id="tr_1_tl_2" custom="readingOrder {index:1;}">
                <Coords points="1097,920 1140,934 1204,917 1233,937 1291,911 1317,937 1494,908 1610,940 1683,917 1686,795 1642,792 1599,821 1364,792 1317,818 1248,786 1190,812 1100,807"/>
                <Baseline points="1113,889 1152,892 1197,892 1242,889 1286,889 1331,883 1376,880 1421,883 1466,886 1510,886 1555,883 1600,883 1645,883 1690,883"/>
                <TextEquiv>
                    <Unicode>Akt. Garten.</Unicode>
                </TextEquiv>
            </TextLine>
            <TextLine id="tr_1_tl_3" custom="readingOrder {index:2;}">
                <Coords points="1152,1068 2034,1076 2141,1042 2144,911 1935,896 1825,952 1526,911 1155,940"/>
                <Baseline points="1170,1051 1209,1045 1254,1045 1298,1042 1343,1042 1388,1042 1433,1039 1478,1039 1522,1036 1567,1036 1612,1033 1657,1033 1702,1033 1746,1033 1791,1033 1836,1033 1881,1030 1925,1030 1970,1027 2015,1027 2060,1027 2105,1027 2149,1030"/>
                <TextEquiv>
                    <Unicode>der Nähe der Frühe.</Unicode>
                </TextEquiv>
            </TextLine>
            <TextLine id="tr_1_tl_4" custom="readingOrder {index:3;}">
                <Coords points="1030,1094 1047,1094 1071,1076 1079,1082 1100,1085 1123,1082 1134,966 1108,966 1105,960 1094,957 1079,969 1071,963 1056,972 1042,969"/>
                <Baseline points="1048,1054 1089,1048 1134,1045"/>
                <TextEquiv>
                    <Unicode>in</Unicode>
                </TextEquiv>
            </TextLine>
            <TextLine id="tr_1_tl_5" custom="readingOrder {index:4;}">
                <Coords points="699,1256 1375,1198 1555,1294 1752,1274 1900,1320 1906,1062 1181,1068 966,1126 856,1068 699,1117"/>
                <Baseline points="716,1203 746,1200 791,1203 836,1203 880,1206 925,1206 970,1203 1015,1203 1060,1203 1104,1206 1149,1203 1194,1203 1239,1203 1283,1200 1328,1200 1373,1197 1418,1194 1463,1194 1507,1194 1552,1191 1597,1191 1642,1191 1687,1191 1731,1191 1776,1191 1821,1191 1866,1191 1911,1194"/>
                <TextEquiv>
                    <Unicode>Sibylle kommt mit Erasmus</Unicode>
                </TextEquiv>
            </TextLine>
            <TextLine id="tr_1_tl_6" custom="readingOrder {index:5;}">
                <Coords points="714,1390 862,1375 955,1407 1027,1378 1059,1401 1149,1384 1236,1404 1282,1366 1326,1366 1329,1207 1248,1224 1117,1207 1001,1245 902,1213 763,1230 717,1259"/>
                <Baseline points="731,1373 752,1373 797,1373 842,1376 886,1373 931,1373 976,1373 1021,1373 1066,1370 1110,1370 1155,1370 1200,1367 1245,1364 1289,1361 1334,1358"/>
                <TextEquiv>
                    <Unicode>No varen wir</Unicode>
                </TextEquiv>
            </TextLine>
            <TextLine id="tr_1_tl_7" custom="readingOrder {index:6;}">
                <Coords points="699,1561 2130,1590 2359,1503 2971,1506 2974,1384 2338,1300 702,1465"/>
                <Baseline points="716,1543 737,1540 782,1540 827,1540 871,1537 916,1537 961,1537 1006,1537 1051,1537 1095,1537 1140,1537 1185,1537 1230,1534 1275,1531 1319,1525 1364,1525 1409,1525 1454,1522 1498,1519 1543,1519 1588,1519 1633,1516 1678,1513 1722,1513 1767,1510 1812,1510 1857,1510 1902,1510 1946,1504 1991,1504 2036,1504 2081,1501 2126,1501 2170,1501 2215,1504 2260,1501 2305,1504 2349,1498 2394,1495 2439,1492 2484,1490 2529,1490 2573,1487 2618,1490 2663,1490 2708,1487 2753,1478 2797,1475 2842,1475 2887,1472 2932,1469 2977,1469"/>
                <TextEquiv>
                    <Unicode>Er hat sie gestern abends kennen gelernt. Viel</Unicode>
                </TextEquiv>
            </TextLine>
            <TextLine id="tr_1_tl_8" custom="readingOrder {index:7;}">
                <Coords points="699,1709 1706,1706 2222,1662 2225,1604 1877,1529 1526,1616 1265,1607 1137,1538 705,1558"/>
                <Baseline points="716,1693 749,1693 794,1693 839,1690 883,1690 928,1690 973,1687 1018,1687 1063,1684 1107,1681 1152,1681 1197,1681 1242,1678 1286,1675 1331,1672 1376,1672 1421,1669 1466,1669 1510,1669 1555,1666 1600,1666 1645,1663 1690,1660 1734,1657 1779,1657 1824,1657 1869,1654 1914,1654 1958,1651 2003,1651 2048,1648 2093,1645 2137,1645 2182,1645 2227,1645"/>
                <TextEquiv>
                    <Unicode>leicht in dem Haus ihres Onkels.</Unicode>
                </TextEquiv>
            </TextLine>
            <TextLine id="tr_1_tl_9" custom="readingOrder {index:8;}">
                <Coords points="699,1903 2959,1816 2985,1662 705,1735"/>
                <Baseline points="719,1848 749,1842 794,1842 839,1839 883,1836 928,1836 973,1836 1018,1833 1063,1833 1107,1830 1152,1830 1197,1830 1242,1830 1286,1827 1331,1827 1376,1824 1421,1824 1466,1824 1510,1824 1555,1821 1600,1815 1645,1812 1690,1812 1734,1809 1779,1809 1824,1806 1869,1803 1914,1803 1958,1800 2003,1800 2048,1800 2093,1797 2137,1797 2182,1794 2227,1791 2272,1788 2317,1788 2361,1788 2406,1788 2451,1785 2496,1785 2541,1782 2585,1782 2630,1779 2675,1776 2720,1773 2765,1770 2809,1767 2854,1767 2899,1764 2944,1764 2988,1758"/>
                <TextEquiv>
                    <Unicode>Vielleicht auch, dass er sie beim Fortgehen aus</Unicode>
                </TextEquiv>
            </TextLine>
            <TextLine id="tr_1_tl_10" custom="readingOrder {index:9;}">
                <Coords points="699,2042 3029,1953 3032,1836 2185,1793 705,1903"/>
                <Baseline points="719,1991 755,1991 800,1991 845,1988 889,1988 934,1985 979,1985 1024,1979 1068,1979 1113,1979 1158,1976 1203,1976 1248,1973 1292,1973 1337,1970 1382,1970 1427,1970 1472,1967 1516,1967 1561,1964 1606,1964 1651,1964 1696,1964 1740,1958 1785,1955 1830,1955 1875,1952 1919,1949 1964,1949 2009,1949 2054,1949 2099,1946 2143,1943 2188,1943 2233,1940 2278,1937 2323,1934 2367,1934 2412,1931 2457,1928 2502,1928 2547,1925 2591,1919 2636,1919 2681,1917 2726,1917 2771,1914 2815,1914 2860,1908 2905,1908 2950,1908 2994,1905 3039,1905"/>
                <TextEquiv>
                    <Unicode>diesem Hause kennen gelernt, aus einer Unannehm -</Unicode>
                </TextEquiv>
            </TextLine>
            <TextLine id="tr_1_tl_11" custom="readingOrder {index:10;}">
                <Coords points="705,2144 2150,2124 2353,2086 2359,1950 708,2051"/>
                <Baseline points="722,2140 749,2140 794,2140 839,2140 883,2137 928,2134 973,2134 1018,2132 1063,2132 1107,2129 1152,2129 1197,2129 1242,2123 1286,2123 1331,2123 1376,2120 1421,2120 1466,2120 1510,2120 1555,2120 1600,2114 1645,2111 1690,2111 1734,2111 1779,2105 1824,2105 1869,2102 1914,2096 1958,2096 2003,2093 2048,2093 2093,2090 2137,2087 2182,2087 2227,2084 2272,2081 2317,2078 2361,2081"/>
                <TextEquiv>
                    <Unicode>liehkeit befreit, angesprochen hat.</Unicode>
                </TextEquiv>
            </TextLine>
            <TextLine id="tr_1_tl_12" custom="readingOrder {index:11;}">
                <Coords points="708,2382 1866,2269 2721,2295 2913,2248 2916,2138 717,2156"/>
                <Baseline points="728,2308 770,2308 815,2308 859,2308 904,2302 949,2302 994,2299 1039,2299 1083,2296 1128,2296 1173,2293 1218,2290 1263,2290 1307,2287 1352,2287 1397,2284 1442,2284 1487,2284 1531,2281 1576,2278 1621,2278 1666,2275 1710,2275 1755,2272 1800,2272 1845,2269 1890,2263 1934,2260 1979,2257 2024,2254 2069,2254 2114,2254 2158,2251 2203,2251 2248,2245 2293,2242 2338,2242 2382,2242 2427,2239 2472,2236 2517,2233 2561,2233 2606,2230 2651,2224 2696,2227 2741,2224 2785,2221 2830,2218 2875,2215 2920,2218"/>
                <TextEquiv>
                    <Unicode>Die Umstände fügten es, dass er mit ihr in ein</Unicode>
                </TextEquiv>
            </TextLine>
            <TextLine id="tr_1_tl_13" custom="readingOrder {index:12;}">
                <Coords points="728,2481 2939,2425 2977,2283 1866,2269 734,2388"/>
                <Baseline points="743,2469 785,2472 830,2472 874,2472 919,2469 964,2469 1009,2466 1054,2463 1098,2460 1143,2460 1188,2457 1233,2457 1278,2454 1322,2448 1367,2445 1412,2445 1457,2442 1501,2439 1546,2439 1591,2439 1636,2439 1681,2433 1725,2427 1770,2430 1815,2427 1860,2421 1905,2421 1949,2418 1994,2415 2039,2412 2084,2412 2129,2409 2173,2406 2218,2403 2263,2400 2308,2397 2352,2397 2397,2394 2442,2394 2487,2391 2532,2388 2576,2382 2621,2382 2666,2376 2711,2373 2756,2370 2800,2367 2845,2367 2890,2361 2935,2361 2980,2364"/>
                <TextEquiv>
                    <Unicode>Wirtshaus geraten ist, wo auch einige Offiziere</Unicode>
                </TextEquiv>
            </TextLine>
            <TextLine id="tr_1_tl_14" custom="readingOrder {index:13;}">
                <Coords points="751,2655 2779,2571 2869,2466 2228,2411 1572,2501 760,2481"/>
                <Baseline points="767,2618 770,2621 815,2621 859,2618 904,2618 949,2615 994,2615 1039,2615 1083,2615 1128,2612 1173,2606 1218,2606 1263,2600 1307,2597 1352,2594 1397,2591 1442,2588 1487,2588 1531,2588 1576,2588 1621,2582 1666,2582 1710,2576 1755,2576 1800,2573 1845,2570 1890,2567 1934,2564 1979,2561 2024,2558 2069,2561 2114,2556 2158,2553 2203,2550 2248,2547 2293,2547 2338,2541 2382,2541 2427,2541 2472,2538 2517,2538 2561,2535 2606,2535 2651,2532 2696,2526 2741,2526 2785,2523 2830,2520 2875,2520"/>
                <TextEquiv>
                    <Unicode>waren, die oben aus Italien heimgekehrt sind.</Unicode>
                </TextEquiv>
            </TextLine>
        </TextRegion>
        <TextRegion id="tr_2" custom="readingOrder {index:1;}">
            <Coords points="755,2634 3045,2634 3045,3667 755,3667"/>
            <TextLine id="tr_2_tl_1" custom="readingOrder {index:0;}">
                <Coords points="737,2808 2353,2742 2498,2713 2507,2550 746,2655"/>
                <Baseline points="755,2776 761,2776 806,2773 851,2771 895,2768 940,2768 985,2768 1030,2765 1074,2765 1119,2759 1164,2756 1209,2753 1254,2750 1298,2747 1343,2744 1388,2744 1433,2741 1478,2738 1522,2738 1567,2735 1612,2732 1657,2729 1702,2729 1746,2726 1791,2720 1836,2720 1881,2717 1925,2711 1970,2711 2015,2711 2060,2708 2105,2705 2149,2702 2194,2696 2239,2696 2284,2693 2329,2690 2373,2690 2418,2687 2463,2684 2508,2687"/>
                <TextEquiv>
                    <Unicode>Dies wird hier nur beiläufig erwähnt.</Unicode>
                </TextEquiv>
            </TextLine>
            <TextLine id="tr_2_tl_2" custom="readingOrder {index:1;}">
                <Coords points="757,2951 2927,2864 2997,2852 3006,2684 763,2826"/>
                <Baseline points="776,2923 806,2917 851,2917 895,2917 940,2914 985,2914 1030,2911 1074,2908 1119,2905 1164,2902 1209,2899 1254,2896 1298,2896 1343,2893 1388,2890 1433,2887 1478,2887 1522,2884 1567,2881 1612,2878 1657,2875 1702,2875 1746,2875 1791,2872 1836,2869 1881,2866 1925,2860 1970,2857 2015,2854 2060,2854 2105,2851 2149,2848 2194,2845 2239,2845 2284,2842 2329,2839 2373,2836 2418,2833 2463,2836 2508,2833 2553,2830 2597,2830 2642,2830 2687,2827 2732,2827 2776,2821 2821,2824 2866,2818 2911,2821 2956,2824 3000,2830"/>
                <TextEquiv>
                    <Unicode>Sie: aber nicht wahr, Ihr kommt heute noch bei,</Unicode>
                </TextEquiv>
            </TextLine>
            <TextLine id="tr_2_tl_3" custom="readingOrder {index:2;}">
                <Coords points="754,3107 1987,3009 2469,3043 2475,2930 1967,2875 760,2977"/>
                <Baseline points="770,3066 776,3063 821,3063 865,3060 910,3060 955,3057 1000,3054 1045,3054 1089,3054 1134,3048 1179,3048 1224,3042 1269,3042 1313,3039 1358,3039 1403,3033 1448,3030 1492,3030 1537,3027 1582,3024 1627,3018 1672,3018 1716,3015 1761,3015 1806,3012 1851,3012 1896,3009 1940,3003 1985,3003 2030,3003 2075,3000 2120,2994 2164,2994 2209,2991 2254,2991 2299,2988 2344,2988 2388,2985 2433,2983 2478,2985"/>
                <TextEquiv>
                    <Unicode>meinem Vater um meine Hand anhalten.</Unicode>
                </TextEquiv>
            </TextLine>
            <TextLine id="tr_2_tl_4" custom="readingOrder {index:3;}">
                <Coords points="815,3249 2939,3139 3035,3125 3041,3041 2849,2982 2504,3061 824,3084"/>
                <Baseline points="833,3209 851,3206 895,3206 940,3203 985,3203 1030,3200 1074,3200 1119,3198 1164,3198 1209,3195 1254,3189 1298,3192 1343,3186 1388,3183 1433,3180 1478,3177 1522,3174 1567,3174 1612,3171 1657,3168 1702,3165 1746,3162 1791,3159 1836,3159 1881,3156 1925,3153 1970,3150 2015,3147 2060,3147 2105,3144 2149,3138 2194,3135 2239,3132 2284,3132 2329,3132 2373,3126 2418,3126 2463,3126 2508,3129 2553,3123 2597,3117 2642,3117 2687,3114 2732,3114 2776,3108 2821,3108 2866,3108 2911,3105 2956,3102 3000,3102 3045,3096"/>
                <TextEquiv>
                    <Unicode>Besser, dass er es aus freien Stücken verspricht,</Unicode>
                </TextEquiv>
            </TextLine>
            <TextLine id="tr_2_tl_5" custom="readingOrder {index:4;}">
                <Coords points="775,3389 2945,3328 2953,3139 1834,3168 1593,3267 780,3249"/>
                <Baseline points="791,3356 806,3359 851,3359 895,3359 940,3356 985,3353 1030,3353 1074,3350 1119,3347 1164,3350 1209,3344 1254,3341 1298,3338 1343,3338 1388,3338 1433,3335 1478,3332 1522,3329 1567,3326 1612,3326 1657,3323 1702,3323 1746,3320 1791,3320 1836,3314 1881,3308 1925,3305 1970,3305 2015,3302 2060,3299 2105,3299 2149,3296 2194,3296 2239,3293 2284,3296 2329,3293 2373,3284 2418,3278 2463,3281 2508,3278 2553,3275 2597,3272 2642,3272 2687,3269 2732,3266 2776,3266 2821,3263 2866,3263 2911,3263 2956,3263"/>
                <TextEquiv>
                    <Unicode>Entzückt von ihrer Lieblichkeit, Sinnlichkeit</Unicode>
                </TextEquiv>
            </TextLine>
            <TextLine id="tr_2_tl_6" custom="readingOrder {index:5;}">
                <Coords points="775,3513 867,3516 920,3563 995,3513 1015,3525 1056,3511 1102,3545 1163,3534 1204,3548 1216,3342 1097,3383 937,3365 879,3412 778,3429"/>
                <Baseline points="791,3508 815,3505 859,3505 904,3505 949,3502 994,3499 1039,3496 1083,3493 1128,3490 1173,3487 1218,3481"/>
                <TextEquiv>
                    <Unicode>Unschuld</Unicode>
                </TextEquiv>
            </TextLine>
            <TextLine id="tr_2_tl_7" custom="readingOrder {index:6;}">
                <Coords points="847,3714 1886,3615 2594,3653 2602,3490 923,3563 856,3519"/>
                <Baseline points="865,3657 904,3657 949,3657 994,3657 1039,3657 1083,3651 1128,3651 1173,3651 1218,3645 1263,3645 1307,3642 1352,3642 1397,3636 1442,3636 1487,3633 1531,3630 1576,3630 1621,3630 1666,3627 1710,3622 1755,3619 1800,3616 1845,3613 1890,3613 1934,3610 1979,3610 2024,3604 2069,3598 2114,3598 2158,3595 2203,3595 2248,3595 2293,3589 2338,3589 2382,3586 2427,3583 2472,3583 2517,3580 2561,3577 2606,3586"/>
                <TextEquiv>
                    <Unicode>Das Leben schlägt über uns zusammen.</Unicode>
                </TextEquiv>
            </TextLine>
        </TextRegion>
    </Page>
</PcGts>
