3291 4264
788 554 2323 746 ist mit ihm da. können die Ab
794 705 1894 911 Endlich kommt Adalbert
738 858 2264 1089 Degrüssung durch die Kameraden.
794 1017 2785 1198 Wir dachten, Du bliebst im Familienkreise.
836 1159 3013 1381 Er hat ihnen schon im Feld so viel von seinem
785 1326 2075 1521 kleinen Schwesterl erzählt.
785 1476 1482 1682 Kr braust auf.
816 1565 2941 1913 Vielleichts, dass die Marquise schon eine alte
810 1785 1807 1997 Bekannte von ihm ist.
805 1908 3047 2147 Die zwei Freundinnen haben schon früher mit der
365 2005 705 2167 dies not
886 2108 2855 2267 arquise gesprochen. Vielleicht ist Sibylle
298 2119 707 2267 leidl der
220 2203 805 2434 Anfang der letzt
830 2222 3055 2454 bei den Freundinnen gewesen und hat ihnen ihr
833 2387 3025 2610 Bereitwilligkeit erklärt. ist vielleicht mit
833 2537 1930 2729 ihnen schon hergekomen.
849 2679 1618 2888 Alles in Masken.
822 2824 2916 3016 Der Offizier und die Kameraden trinken. Dern
841 2997 3008 3217 Offizier lässt sich alles vorführen, was es am
849 3133 3086 3320 Schönheit hier gibt. Keine ist ihm schön genug
841 3275 2894 3484 Es ist fraglich, ob Sibylle schon hier ist,
838 3439 2891 3623 ob die Marquise erst um sie schicken lässt
