3315 4200
575 578 1517 832 2) Vater, Sibylle.
775 720 2549 951 Vater: Ich wollte zum Onkel hinschieke
1618 867 2156 974 mit der He-
1936 925 2318 1061 Geisst Du
1743 959 1893 1049 r.
974 916 1595 1095 ich Dich 11
951 1038 2835 1208 kommt? Dein Bruder, der sieben Jahre im
1263 1191 1858 1390 einer abente
1038 1222 1130 1436 vi
1113 1347 2272 1526 macht zehn, Sibylle zwölf.
910 1474 2754 1694 mylle sollte nicht von einem Ball gekommen
789 1633 2824 1855 sondern vielleicht vom Lande, wo sie bei Ver-
786 1815 2907 2009 wandten var. Das Zusammentreffen mit Erasmus
783 1959 3110 2208 könnte die Folge eines Vagenunfalls gewesen sein.
783 2066 2930 2324 Betrunkener Kutscher, zerbrochener Wagen, das
795 2231 2468 2500 Mädchen allein auf der Landstrasse.
809 2387 3092 2630 Sibylle hat ihren Bruder kindlich, schwesterlieh
803 2558 2584 2824 geliebt. Freut sich sehr, dass er komme
818 2702 2714 2982 Der Vater geht wieder ins Haus, um Auftre
2743 2691 2835 2852 to the
827 2870 2029 3118 gen des Zimmers zu geben.
850 3014 2378 3295 Hat in ihrem Bruder geprode, und
