3323 4264
2449 578 2542 755 ohl
860 543 2228 825 asmus: Ja. Er ist noch immer
752 749 1955 979 zu seiner Frau zu machen.
770 877 2905 1092 Dem muss natürlich etwas vorhergegangen sein,
2899 941 3085 1150 comme
776 1028 2766 1252 das seinen früheren Verdacht auslöscht
796 1235 1374 1415 hreskerbande
796 1339 3033 1545 Sie fechten weiter. und Adalbert fällt. Es ist
810 1447 2989 1682 offensichtlich, dass er sich hat töten lassen.
808 1633 1993 1859 Erasmus will nun zu ihr.
816 1763 3155 2039 Er will sich mit dem Bruder versöhnen, der sterbe
825 1964 1357 2173 hier liegt.
831 2031 3042 2254 Ich will ihr Deine letzten Grüsse überbringen.
837 2219 3111 2402 Adalbert: Du hast nicht weit, aber sie wird Dieh
851 2405 1447 2591 nicht hören:
863 2548 1749 2763 Lärm aus dem Hause.
851 2681 1827 2899 Gestalten am Fenster
863 2832 1972 3047 Ein Mord ist geschehen.
854 2960 2943 3166 Oder: Man will Sibylle in der Stille aus dem
857 3129 1604 3349 heraussehaffen.
1301 3280 1929 3492 gelingt nicht.
944 3297 1269 3498 Déciter es
877 3457 2225 3657 Die Kameraden des Offiziers.
988 3556 2917 3820 Pasmus erkennt in der Leiche des Mädehens
