3307 4232
1319 463 1808 717 Adalbert.
865 674 2543 839 Adalbert. Ich finde, Sie haben die
842 816 2490 1038 etwas zu lang hinausgesehoben. Aber
859 1001 3017 1186 Innen nach, wenn sie noch heute stattfindet
830 1108 3060 1284 Trasmus erklärt, dass er Sibylle nicht heiraten
836 1278 1073 1464 wird.
827 1391 3000 1602 Er ist tatsächlich mit der Absicht hergekommen
810 1594 2864 1747 um sie anzuhalten, aber das Wesen und das Be-
2164 1712 2939 1883 to you as sayen I)
810 1741 2094 1897 nehmen Adalberts rezt ihn.
810 1897 914 1990 Un
819 1845 3144 2071 Is kommt zu einem ganz kurzen Auftritt, der damit
827 2042 3014 2207 endet, dass ein YDuell für den nächsten Morgen
830 2184 2713 2473 sechs Uhr vor der Linie verabredet wird.
836 2433 1443 2615 Erasmus geht.
1163 2467 2751 2661 Censum will die Eichhaft weile fuhres
767 2650 2690 2791 nicht in hörende. Seine Freunde folgen ihnen,
795 2783 2661 2953 alwa hylle vuli sot indine de vivre.
2462 2878 2780 3060 die neben
1484 2881 2308 3069 Meilen. -
804 2901 1293 3063 seafahren
853 3014 1727 3240 Hie sechs als Spass
