3299 4136
2341 217 2757 491 9/1 908
410 431 1377 718 verfasst zwei Bruder¬
88 459 354 708 Sie
287 526 2316 914 v/ hin wohlwerk - dass man sich monaträas
105 820 1496 1086 Sie welche ihn uns ratte.
266 974 1107 1265 2) Beweiser die!
336 1076 2200 1416 (Sie führt ist je suis Kugglasin-erte
238 1335 1426 1584 schickt ihr zu eines
378 1461 1636 1738 J. war soll ich this!! -
49 1559 322 1822 von 9
452 1650 1787 1885 Wie er seine Schwester-besitzt
396 1783 1472 2036 sich die umbrängt -
371 1976 936 2260 (Ostiane
378 2246 645 2491 havr
350 2319 3171 2600 der Nachher-ten geliebte.- Aufworgen.- (Smit 10). weit jesetz¬
329 2565 2821 2761 Herr Brüder hat sie gesehen u. (hat es einen Hotel geschlafen.)
350 2691 1899 2919 vom Inhalt - Schifte. - Herrat Lü¬
441 2775 3062 3076 Schwester – auch mit ihn schlagen  -  Ich zu Gespürtin X
491 3038 1076 3230 bescheidert.
515 3059 2642 3367 Seit Köpferin die Wägern will geworden die¬
326 3129 424 3399 2.
533 3325 1202 3497 Ende indeht...
547 3353 2326 3616 durch schwester... Blied sein sollte.
599 3560 2183 3767 J. erst zum Kiellen. Man erschossen...
547 3595 2726 3952 Er kommt - sein schiederten theil weil, daß es
603 3868 1013 4022 nicht zu
