4376 5064
1210 668 3458 874 Wirst du gleich die Karten einstecken? In Augen
3686 695 3992 912 e wird
1233 855 3923 1099 sich der Saal füllen, da ich eben alle Götter und Göttinnen
1214 988 2656 1214 zu mir befehlen liess.
1824 1145 2786 1317 ich xxx Zaun) Da fürch
1214 1153 1645 1355 Weshalb?
729 1130 1057 1370 Pluto:
733 1324 1023 1500 Zeus:
1191 1256 3973 1530 Hermes ist von der Erds vieder zurückgekehrt und es ist
737 1462 973 1618 G.F.P.
1210 1450 3954 1630 mein Wunsch, dass der ganze Olymp seine Mitteilungen ver-
695 1572 935 1763 G.F.P.
1210 1576 4087 1775 nimmt. Meine Zigarre kann ich leider nicht mehr ausrauchen.
1191 1755 4049 1973 Ich will sie zun Fenster herauswerfen. (Er tut es, Man hört
1198 1923 4152 2168 irdische Stimmen rufen: Eine Sternschnuppe! eine Sternschmup-
1183 2057 2271 2248 pel)
756 2213 992 2362 G.C.H.F.P
1061 2217 4118 2412 (Die Türen öffnen sich. Alle Götter und Göttinen treten nach und
748 2378 939 2553 G.H.F.P
1103 2389 3931 2545 nach herein. Zeue setzt sich auf den Thron. Hernes und Hebe
1362 2538 3828 2710 auch. Arthur Schnitsler stellte sich zum Fenster.)
1198 2671 4160 2870 Meine Boten Hermes und Hebe werden auch wohl mitgeteilt haben,
714 2641 992 2916 Zeus:
1191 2828 4110 3053 welches der Grund dieser Versammlung ist. Deshalb fordere ich
1198 3015 3931 3171 dich, Hermes, auf, uns zu erzählen, was du uns von deinen
1179 3141 2076 3339 irdischen Wanderung
2122 3137 3167 3320 en mitsuteilen veiest.
1187 3209 3961 3473 Götter und Göttinnen! Nichts gutes! Vor allen ist an eine
1168 3442 4007 3633 Klage, die sich stets und stete und leider mit Nacht vernahm.
1172 3614 3843 3824 lässt. Nämlich die, dass es mit der Moral auf Erden sehr
1210 3751 1965 3938 schlecht steht.
1168 3935 1546 4118 30, hu—!
1175 4049 1740 4255 (heislich
1450 4213 1740 4400 adem xxx
1549 4515 1736 4709 an:
2668 4511 3015 4732 Die Notität.
2870 4690 3477 4904 Durch Beispiele
