4424 5144
1422 665 3976 891 Soh liebe die allgemeinen Sentensen nicht. Er hat mich
1419 835 4135 1012 verstimmt. Die Allgemeinheiten sind mir überhaupt Verhasst
1447 959 4142 1139 Was hat man s.B. von den Weibergeschlecht in Allgemeinen?
1365 1061 4199 1238 Nichts. Wenn man sich dagegen mit einem einzigen weiblichen
1369 1189 4174 1362 Wesen befasst und xxx ihr seine Liebe und Gunst zuwendet,
1348 1316 3350 1475 dann kommt erst das vahre Interesse.
1365 1348 3958 1560 Das ist wohl ein Princip, Majestät. Es ist sehr schön,
690 1436 1075 1638 Arthur:
1365 1542 3966 1684 Prinzipien zu haben. Aber man muss auch an ihnen fest-
1358 1663 2752 1822 halten.
3046 1666 3219 1811 G.H.F.P
1348 1769 2890 1935 Mein Prinzip? Wie meint Er das?
697 1762 980 1970 Zeus:
1365 1917 2589 2069 Prinzip ist ein Vorwand -
708 1931 1075 2069 Arthur:
1390 1935 4118 2140 Was war das schon wieder? Wieder eine allgemeine Sentenz.
704 2034 976 2193 Zeus:
1369 2091 4139 2257 Nein Majestät, - Das war eine spesielle Bemerkung, sie be-
697 2158 1068 2335 Arthur:
1376 2275 2770 2420 sog sich auf mich.
1097 2253 1288 2413 G.H.F.P.
2809 2253 3336 2437 G.C.H.F.P
1390 2370 1648 2522 Wieso
704 2360 990 2533 Zeus:
1369 2374 4047 2625 Ich habe vortreffliche Prinzipien, aber ich befolge sie
704 2490 1075 2667 Arthur:
1383 2589 1702 2749 nicht.
1358 2621 4192 2851 Hud. Hn. 30, — Du bringst mir Botschaften von der Erde. Ich
708 2692 1012 2880 Zeus:
1355 2777 4128 2982 wünsche nicht, dass du sie mir allein vorträgst. Ich will
1383 2890 4111 3042 meinen Hofstaat sich versammeln lassen; xxx um sich mit
1369 3017 4040 3170 Ihm zugleich zu beraten, velche Massregeln zu ergreifen
1341 3117 4188 3315 sind. Hermes und Hebe, ich beauftrage euch, seine Getreuen
1358 3290 2229 3460 ###zu mir zu rufen.
1394 3293 3997 3523 Majestät, ist es mir erlaubt, Mademoiselle Hebe zu be-
708 3435 1082 3573 Arthur:
1401 3516 1815 3651 gleiten?
1397 3591 4167 3753 Ich wünsche ohnedies ein paar Minuten allein zu bleiben
715 3601 998 3792 Zeus:
1376 3690 4111 3898 Darf ich Ihnen meinen Arm reichen, Fräulein Hebe? Es ist
718 3757 1097 3923 Arthur:
1408 3824 4157 4065 svar nur ein irdischer Arm aber auch - (die 1 etzten Worte
1472 3955 2688 4128 erhallen hinter der Szene)
1617 4050 4135 4234 scht sich in seinem den Sessel und nimmt eine Zeitung)
1670 4153 3955 4404 im vill ich - (es klepft) Wer stört mich denn schon
1698 4309 2441 4443 37 Herein, Zints
2002 4415 2501 4567 Lieber Zeugen:
2225 4539 2529 4691 am kleine
3654 4556 4149 4758 im Kaffee
2250 4641 3046 4864 ? Ich verliess xxx
2282 4868 2466 5076 bis
