4424 5272
2806 288 3351 524 (3.5.1879)
1325 648 1998 929 Habe, Hebe!
2475 741 2710 876 G.C.F.P
901 719 1111 933 man:
1325 730 3490 1019 Ah, was ich ich! Mein Hermes, bist du endlich
741 908 1047 1047 Hebe:
1328 912 4024 1115 Ja, wie du siehst, aber melde mich nur schnell bei Zeus
766 983 1140 1157 Hermes:
1353 1083 2596 1257 Er ist nicht zu Hause.
769 1108 1061 1278 Habe:
2575 1083 3376 1364 desem Augenblick?
1343 1179 2511 1368 Wo find ich ihn also in
773 1236 1147 1378 Hermes:
1357 1286 2696 1481 Ach Hermes, du ahnst nicht -
762 1346 1058 1506 Hebe:
1353 1296 3981 1585 Was seufzest du dann immerfort? Was - ich ahne - wie -
751 1478 954 1627 „ Her
1360 1492 3935 1695 sollte er vielleicht wieder einen Ausflug auf die Erde
1371 1606 3818 1813 unternommen haben, um irgend eine irdische Schöne -
1343 1731 4060 1941 still doch, Hernes; Du vergissest ja, ver möglicherweise
751 1749 1061 2009 Hebe:
1360 1848 4074 2033 erfehren kann, was du sprichst, Übrigens hast du dich ge-
1385 2009 2144 2162 täuscht.
1368 1991 4106 2283 So? Ich muss gestehen, dass mich das Verwundern macht. Wo
794 2058 1165 2329 Herres:
1378 2215 3771 2397 sind ich also Zeus?
773 2283 1065 2415 G.C.H.F.P.
1382 2336 2742 2514 Im - im Kaffee Tantalus.
794 2390 1079 2528 Hebe:
1382 2358 4003 2575 Wie? in Kaffee Tantalus, wo die hübsche blonde Kass....
798 2486 1172 2646 Hermes:
1378 2528 3981 2724 Du vergissest schon wieder - übrigens kümmert sich Zeug
773 2625 1093 2796 Hebe:
1396 2610 4202 2828 um jenem xxx Wesen nicht immer allergeringsten. Er spielt
1396 2813 2090 2981 Karten.
1343 2803 4199 3095 Wa - Wasj er spielt. Was in aller Welt tut der Götterkönig,
787 2867 1200 3134 Hermes:
1371 2984 3682 3205 seine Majestät spielt im grünen Tantalus Karten?
1392 3116 2561 3308 Ich sprach die Wahrheit.
794 3120 1097 3312 Hebe:
1670 3130 4053 3412 ###st du mir (so leise, dass es Fräulein Laura nicht
812 3291 1182 3472 Harmes:
1731 3358 2853 3540 (mann) einen Kuss geben.
1638 3465 2910 3650 Was fällt direin? Weshalb.
823 3444 1100 3668 Hebe:
1514 3529 4028 3761 weisst, dass ich ein Jahr hindurch auf Erden weilte,
823 3636 1179 3821 Herzes:
1542 3654 4028 3885 ich fast unausgesetzt Lügen hörte- da verdient wohl
1720 3771 4167 4031 te vahre Wort, das ich seit so langer Zeit vernehme,
2436 3989 2628 4099 M.D.
1962 3981 2379 4110 rauben Sie
1663 3953 3964 4213 ist ihn. Der Autor wäscht seine Hände in Unschuld)
1699 4117 4149 4327 Zeus spielt. Ich will wenigstens hoffen, dass es nur
3038 4227 4014 4395 er sich umgibt, z.B.
2009 4291 2557 4462 piele sind,
