3320 4088
205 323 2368 571 schlz - :.. Es xxx dar auf.
153 579 2123 904 de.. weil m hie überhaut
151 832 2215 1050 unterrichtet sie. Zu gester
272 1039 1227 1321 Der Geb Eul.
202 1278 1965 1582 Teulle. 2.. er we Leger
151 1453 2134 1833 id will in leugir. The
159 1639 2029 2142 twill us. for til. but T.
172 1975 2137 2393 klad. i st. Landleut.
180 2255 2158 2621 dass is in - he on yours
196 2384 2247 2882 Vortheil gewese zen wird.
264 2699 2161 3084 Es schell die Entscheid
829 2888 1768 3087 dic. dat sea in
1039 2880 2409 3219 Ad Schei hi nur
172 3122 958 3321 his man.
229 3068 2301 3528 will so without us.)
