4696 4152
475 632 2100 809 Ferdinand. Heute, gnädige Frau, finden Sie sie noch
339 761 1273 889 hier, aber es ist das letzte Mal.
486 816 1519 942 Emma. Wie ist das zu verstehen?
483 871 2107 998 Adolf. Das ist so zu verstehen, daß wir in reiflicher
348 958 2100 1075 Erwägung der durch den Tod des armen Kindes neu ge¬
370 1018 2107 1142 schaffenen Umstände ein weiteres Verbleiben Toni's in un¬
370 1107 1459 1237 serem Hause für — unthunlich halten.
486 1160 1741 1282 Emma (zu Betty). Und Du giebst das zu?
477 1191 2115 1342 Betty. Wir werden sie trotzdem nicht verlassen, Emma.
488 1295 2118 1415 Emma. Das heißt, Ihr werdet ihr Geld geben? Dar¬
355 1377 2122 1499 auf kommt es nicht an. Mit Geld ist diesem armen Geschöpfe
346 1468 1401 1583 nicht geholfen, ein Heim braucht sie.
497 1528 2115 1681 Ferdinand. Sie wird bald eines gefunden haben,
353 1630 769 1736 gnädige Frau.
492 1654 2133 1825 Emma. Ja. — Sie hat eins gefunden. Ich nehme sie
353 1763 787 1863 in mein Haus.
479 1823 978 1929 Betty. Emma!
492 1834 2127 1989 Ferdinand. Ich bitte um Entschuldigung. Halbe
353 1945 2124 2073 Maßregeln helfen hier nicht! Toni muß nicht nur aus diesem
361 2027 2124 2142 Haus — sie muß aus unserm Kreis verschwinden. Wir wollen
357 2109 1390 2195 nichts mehr mit ihr zu thun haben.
492 2133 2131 2244 Adolf. So ist es, Emma. — Es geht unmöglich, daß
357 2233 2131 2337 Du eine Person, die wir nicht länger bei uns haben wollen,
361 2297 2131 2415 zu Dir nimmst. Du würdest Dich dadurch in einen ganz
370 2368 1382 2492 offenen Widerspruch mit uns setzen.
501 2444 1166 2546 Emma. Ganz richtig.
506 2455 2149 2632 Adolf. Und würdest es uns unmöglich machen, in
366 2572 1743 2708 gleicher Weise wie bisher bei Dir zu verkehren.
508 2630 2140 2754 Emma. So werdet Ihr eben nicht bei mir verkehren.
497 2716 2133 2832 Adolf. Ach so... ach so — (auf und ab.) — Nun,
357 2785 1865 2934 Deine Sympathie für diese Dame geht etwas weit.
508 2838 2138 3020 Emma. Ich löse einfach Euer Versprechen an Hugo
370 2956 898 3071 ein; das ist alles.
501 2987 2144 3111 Adolf. So. Ich will nun garnicht davon reden, daß
370 3087 2140 3189 es sich um ein ganz anderes Versprechen gehandelt hat. Aber
370 3158 2144 3253 ich möchte doch fragen, mit welchem Rechte Du Dich zur
364 3233 2073 3364 Vollstreckerin des letzten Willens unseres Sohnes aufwirfst.
517 3291 2149 3411 Emma. Ich bin seine beste Freundin gewesen. Ihr
370 3386 883 3521 wißt es sehr gut!
3193 461 3377 565 79
2492 548 4136 747 Adolf. Ja, das weiß ich allerdings... allerdings
2357 650 4127 820 weiß ich das! Aber gerade darum erscheint es mir sehr un¬
2364 727 4056 905 wahrscheinlich, daß er Dich es ist zum mindesten nicht üblich
2506 827 3455 954 Betty (will Einhalt thun). Adolf!
2515 843 4145 1020 Emma. Laß ihn, Betty! Ich weiß ja, was er glaubt.
2371 925 4151 1120 Nennen wir die Dinge doch einmal bei ihrem Namen. Du
2375 1033 3628 1175 meinst, ich war die Geliebte Eures Sohns.
2519 1133 3002 1242 Betty. Emma
2526 1107 4151 1304 Adolf. Das hab' ich nie gesagt. Und was ich glaube,
2384 1200 4151 1368 ist meine Sache. Ich muß dringend bitten, mir nicht Dinge
2377 1282 3985 1452 in den Mund zu legen, die ich nie ausgesprochen habe.
2519 1306 4156 1503 Betty. Emma, was fällt Dir denn ein! Nie haben
2382 1419 4162 1572 wir das geglaubt! Wir wissen, daß Du seine Freundin warst.
2384 1481 4171 1659 Ich will's Dir ja gestehn: es hat mich oft gekränkt, daß er
2395 1546 4162 1721 zu Dir mehr Vertrauen gehabt hat als zu mir — aber nie
2402 1632 4091 1787 habe ich an so etwas gedacht — ich schwöre es Dir Emma
2402 1692 4171 1856 hätt' ich denn sonst so mit Dir sprechen können - die ganzen
2395 1756 4171 1931 Jahre her, wie ichs gethan? — Und auch Adolf glaubt es nicht.
2550 1829 4180 2005 Emma. Den kennst Du nicht, Betty. Der hätte
2417 1894 4180 2067 was anderes gar nie begriffen. Aber das hat ihn natürlich
2402 2018 3453 2155 nie gehindert mit mir zu verkehren.
2557 2013 4182 2211 Adolf. Mir scheint gar, Du willst mir das zum Vor¬
2563 2131 4198 2328 Emma. Statt Deine Größe zu bewundern — was?!
2408 2173 2812 2304 wurf machen
2428 2224 4198 2395 Aber Du hast auch gewußt, daß ich ihm meine Agnes mit
2430 2295 4196 2490 tausend Freuden zur Frau gegeben hätte — und warst sehr
2428 2388 4105 2548 einverstanden — weil es Dir bequem gewesen wäre, was
2435 2453 4202 2601 Du Ehrenmann? — Aber dieses arme Geschöpf, das ja ein
2441 2515 4204 2681 Engel gegen mich sein müßte, wenn das wahr wäre, was Ihr
2444 2575 4202 2759 von mir geglaubt habt — das jagt ihr davon, weil es Euch
2583 2681 4222 2878 Adolf. Ich werde mich nicht so weit erniedrigen, Dir zu
2453 2714 2971 2830 unbequem ist —?
2453 2783 4229 2963 erwidern. Nimm diesen Engel zu Dir in's Haus. Ich habe
2461 2847 4220 3031 nichts dagegen, wenn Du sie sofort hier in Empfang nimmst.
2466 2929 4222 3085 Sie, mein lieber Doctor, bestellen ihr, was wir ihr zu sagen
2750 2991 4229 3149 - Ich hab in dieser Sache nichts mehr mit
2475 3073 4229 3253 ihr zu reden. Komm, Betty, wir wollen unsern Besuch machen.
2464 3089 2679 3184 haben.
2619 3156 3639 3302 Betty. Emma, ich versichere Dich
2623 3178 4231 3355 Emma. Ich erwarte Toni hier, nehme sie mit mir und
2470 3311 3377 3462 betrete Euer Haus nie wieder.
2976 3351 3763 3539 Als Manuscript gedruckt.
