4744 4056
1458 448 1557 564 22
759 562 2390 692 Arzt. Ich hab' es verabsäumt, mich vorzustellen. Ich
617 668 2384 754 bitte um Entschuldigung, meine Damen — Doctor Bernstein.
615 736 2375 851 Ich befand mich zufällig... Aber das ist ja nebensächlich
622 798 893 913 denk' ich.
756 822 2190 1005 Betty. Herr Doktor, wie sollen wir Ihnen..
756 926 1222 1021 Arzt. Später.
745 975 2214 1094 Hugo. Sie können es nicht wissen, Herr Doctor.
743 1072 2370 1155 Arzt (scherzend). Oho! Wir Doctoren wissen überhaupt alles
743 1149 2366 1272 Hugo. Und wenn Sie's wissen, dürfen Sie's nicht
615 1197 1850 1345 sagen. Aber (aus den Kopf weisend). da..
743 1268 1184 1376 Betty. Weh?
734 1325 2355 1444 Hugo. Nein keine Schmerzen. Was viel schreck¬
600 1407 2357 1530 licheres. Ich weiß nicht, was. — Was saust denn so?
604 1477 734 1585 Und
897 1484 1901 1594 ach es ist Wama — Mama
734 1537 1369 1634 Betty. Mein Kind?
739 1612 2359 1753 Hugo (in seinen Zügen prägt sich aus, daß ihm plötzlich etwas un¬
602 1685 1588 1775 endlich Wichtiges eingefallen ist.) Mama
1052 1746 1921 1837 (Er scheint sich erheben zu wollen.)
734 1793 1808 1916 Franziska. So bleib' doch liegen
734 1874 1707 1958 Arzt. Bitte, nur etwas Geduld.
734 1929 2359 2042 Hugo. Ich hab' keine Zeit mehr, Wama, ich muß mit
595 2013 1665 2115 Dir reden. Ist der Papa schon da?
723 2079 2002 2168 Betty. Tante Emma ist um ihn gefahren.
728 2161 2121 2236 Franziska. Jeden Augenblick muß er da sein.
719 2231 1945 2324 Hugo. Ich muß mit Dir reden, Mama.
723 2291 2337 2397 Arzt. Wollen Sie das nicht auf morgen verschieben?
712 2370 2342 2450 Hugo. Es wird zu spät. Es kann zu stät werden.
573 2423 2344 2545 Ich werde wieder — (er macht eine Geste, als wollte er die Besinnung
578 2492 2260 2586 verlieren) — und dann... wer weiß... ob man erwacht.
717 2569 1892 2653 Der Arzt. Das sind rechte Kindereien.
714 2639 2335 2763 Hugo. Ich muß mit der Mama reden. Gleich (heftig)
578 2677 743 2792 gleich
708 2741 2340 2915 Der Arzt (nach kurzem Bedenken). Wenn’s nicht gar zu
553 2805 701 2928 lang
708 2875 1899 3001 Hugo. Zehn Worte, aber es muß sein.
701 2975 1907 3087 Der Arzt. Also kommen Sie, Fräulein.
695 3045 2320 3153 Betty (sehr erregt; sieht fragend den Arzt an; der Arzl
556 3113 2324 3208 macht ihr ein Zeichen, sie solle den Kranken anhören; darauf wird ihr
558 3173 2317 3255 Antlitz noch unruhiger, als schlösse sie daraus, daß Hugo mit seiner
560 3215 2313 3338 Ahnung recht habe; der Arzt wendet sich weg, mit Franziska rechts
558 3270 853 3371 hinten ab.)
3279 432 3378 567 23
3120 681 3557 820 11. Auftritt.
3098 805 3574 917 (Es wird dunkel.)
3054 891 3640 1023 Frau Betty. Hugo.
2600 981 4223 1133 Hugo (hastig, indem er seine Mutter bei der Hand nimmt). Ich
2476 1087 3801 1184 hab' ein Kind. Du mußt es zu Dir nehmen.
2602 1129 4229 1239 Betty (sieht ihn groß an; kein Ausdruck des Schreckens, keiner des
2467 1208 3925 1316 Staunens, nur als empfände sie die Bedeutung des Momentes).
2611 1279 3638 1385 Hugo. Hast Du mich verstanden?
2604 1345 3420 1473 Betty (nickt zweimal, wie oben).
2620 1378 4238 1519 Hugo. Ich hab' ein Kind. Wenn ich sterbe, müßt Ihr
2474 1497 3072 1612 es zu Euch nehmen.
2613 1532 4238 1691 Betty (als wenn sie endlich gefunden hätte, wo anzuknüpfen). Du
2483 1627 3030 1735 wirst nicht sterben!
2624 1629 4229 1837 Hugo. Verlieren wir keine Zeit; — es quält mich! Sag
2811 1762 3281 1872 Versprich mir's.
2481 1786 2721 1872 nur ja.
2626 1832 3323 1943 Betty. Du wirst nicht
2633 1876 4245 2037 Hugo (wehrt ungeduldig ab). Du mußt es mir heilig, heilige,
2483 1978 2997 2095 heilig versprechen.
2889 2048 3005 2137 Ja.
2624 2048 2844 2148 Betty.
2900 2033 4258 2187 Du bist, oh ja, (küßt ihre Hände) Du bist meine
2633 2128 2840 2216 Hugo.
2919 2156 4256 2278 Auch die anderen sind gut... aber... um
2500 2185 2855 2282 gute Mama.
2500 2245 3879 2337 Gotteswillen, wenn Du mich jetzt nur verstehst.
2902 2298 3832 2412 Sag' mir nur alles, mein Kind.
2626 2333 2838 2419 Betty.
2895 2357 4253 2463 Du mußt vieles versteh'n. Nicht nur das ge¬
2635 2399 2838 2492 Hugo.
2906 2445 3548 2562 es ist nicht so einfach
2492 2465 2842 2569 wöhnliche.
2902 2511 3365 2617 Sag mir alles.
2633 2531 2842 2622 Betty.
2906 2551 4264 2664 Man kann es ihr nicht wegnehmen, das Kind;
2639 2606 2844 2703 Hugo.
2926 2644 4264 2756 sie nicht sein — und sie kann ohne das Kind
2503 2655 2886 2765 es kann ohne
2500 2732 2787 2838 nicht sein.
2902 2783 3261 2895 Wie? Wie?
2642 2809 2855 2908 Betty.
2900 2820 4267 2948 Ach Gott, wenn ich nur wüßte, daß ich genug
2642 2880 2844 2968 Hugo.
2862 2922 4267 3041 Gustav weiß alles, den wirst Du fragen. Ihr
2511 2939 2803 3045 Zeit hab:
2507 3005 3133 3111 müßt um ihn schicken
2915 3021 4271 3147 Hugo, Dein ganzes Leben lang hast Du Zeit!
2646 3080 2855 3175 Betty.
2900 3118 4264 3235 Wie lang? wie lang?... Hör nur zu, hör
2653 3151 2847 3248 Hugo.
2913 3204 3678 3334 Beide müssen kommen.
2516 3204 2858 3327 nur gut zu.
2908 3279 3085 3393 Wie?
2655 3294 2862 3389 Betty.
2990 3312 3764 3471 Als Manuscript gedruckt.
