4776 3992
650 1358 2290 1544 Für Oesterreich=Ungarn beliebe man sich an meinen Rechts¬
542 1518 2274 1624 vertreter Herrn Dr. D. F. Eirich, Hof= und Gerichts=Advokat
535 1591 1420 1710 Wien II., Praterstr. 38, zu wenden.
648 1712 2277 1843 Dieses Manuscript darf von dem Empfänger weder verkauft, noch
540 1801 2288 1920 verliehen, noch sonst irgendwie weitergegeben werden, widrigenfalls die
551 1912 2286 2005 gerichtliche Verfolgung wegen Mißbrauchs und resp. Schadloshaltung
535 1989 1235 2106 des Autors beantragt wird.
642 2078 1312 2248 Berlin W., Jägerstraße 20.
1458 2230 1772 2370 A. Entsch
1285 2341 1954 2478 (Inhaber: Theodor Entsch)
1089 2449 2232 2593 bevollmächtigter Vertreter des Autors.
3252 819 3551 985 sonet
2476 1089 4182 1254 Adolf Losatti, Professor der Nationaloekonomie und Abgeordnete
2474 1204 3310 1325 Betty geb. Winter, seine Frau
2491 1294 3277 1449 Hugo, Doktor juris, 26 Jahre,
3354 1356 3668 1485 deren Kinder.
2482 1365 3075 1489 Franziska, 20 Jahre,
2474 1456 3027 1573 Lulu, 13 Jahre alt,
2482 1491 4250 1642 Emma Winter, Wittwe nach Betty's verstorbenem Bruder, 36 Jahre alt.
2485 1617 3398 1743 Ranes, ihre Tochter, 17 Jahre alt.
2485 1699 3257 1823 Toni Weber, 22 Jahre alt.
2487 1788 3261 1903 Franz, ihr Kind, 4 Jahre alt.
2482 1836 3378 1989 Dr. Ferdinand Schmidt, Arzt.
2485 1958 3525 2069 Gustav Brander, Ministerialconcipist.
2485 2040 2794 2157 Ein Arzt.
2487 2109 3120 2232 Ein fremder Mann.
2485 2199 3144 2359 Ein Stubenmädchen.
3084 2270 3642 2447 Wien. — Gegenwart.
2947 2427 3792 2591 (Rechts und links vom Regisseur.)
2489 2688 4268 2856 Die in II gesetzten Stellen sind bei der Aufführung im Deutschen Theater
3078 2808 3675 2927 zu Berlin fortgeblieben.
