4712 4056
3215 432 3331 536 25
1472 474 1584 576 24
2429 505 4159 706 wieder Kunststücke machen müssen... Graben nehmen..
796 618 2385 708 Hugo. Beide, jetzt gleich, sonst kann ich nicht ruhig..
2427 640 3775 770 mit einem Pferd, das noch kaum zugeritten ist.
653 686 2376 788 sonst glaub' ich nicht... Dir ja, Wama.. aber die anderen..
2548 702 3962 830 Betty (deutet ihm, er solle nicht so laut und so viel reden).
2555 748 4181 905 Adolf. Nun ja, aber ich will mit dem Doctor sprechen.
653 766 2381 865 nicht alle können es verstehn. Sie müssen beide kommen
2429 830 4115 975 Habt Ihr nach Schmidt geschickt oder nach einem andern?
655 819 1238 929 Mein Bub' und sie.
2884 889 4181 1013 Doctor Schmidt wird jedenfalls gleich
783 856 1542 986 Betty. Die... Mutter?
2431 971 4183 1110 kommen, er war früher da und wollte nur einen Besuch in
2557 960 2775 1052 Betty.
788 929 2378 1050 Hugo. Ja. Sie müssen hier sein. Ich muß sie da
651 1026 2372 1127 (vor den Divan hinweisend, wie eigensinnig) da muß ich sie sehen
2429 1039 3987 1187 der Nähe machen. Hast Du Emma nicht gesprochen?
2566 1072 4196 1244 Adolf. Emma? — Nein. Ich komme ja direkt aus
651 1101 2381 1180 beide, sonst glaub' ich nicht, daß Ihr sie behalten werdet
2436 1176 4198 1317 der Sitzung. Warum habt Ihr keinen Professor holen
653 1176 2383 1255 Und Ihr müßt es thun. Weißt Du, allein mit dem Kinde
653 1242 2394 1333 kann ich sie nicht lassen, das ist unmöglich — dazu ist sie
2436 1244 4097 1414 lassen? Grubner zum Beispiel! Der ist ja für derartige
653 1304 2372 1388 nicht... weißt Du, Mama, klug ist sie schon, aber selbst
2568 1295 4198 1447 Hugo. Ich bitte Dich, Papa, es ist ganz überflüssig
2575 1379 4203 1518 Adolf. Also noch nicht? Nach niemandem ist ge¬
651 1370 2385 1463 ständig ist sie garnicht — und manchmal selbst wie ein
2458 1430 4212 1611 schickt? Habt Ihr denn alle den Kopf verloren? Ich fahre
646 1438 2323 1527 Kind... und der Bub' ist sehr schwach — weißt Du, Mama
651 1513 2303 1597 schön ist er, aber blaß — und ohne mich sind sie ganz allein
2850 1560 2963 1644 Ja
644 1573 876 1675 ganz —
1010 1575 1187 1670 allein
2453 1564 2809 1672 sofort selbst.
2859 1600 3259 1714 Bleibe, Papa.
2862 1606 4223 1776 Ich habe kein Vertrauen zu diesem Menschen
779 1615 2374 1765 Betty (beinahe schluchzend). Warum hast Du mir denn ni
2581 1644 2802 1734 Hugo.
2873 1725 4221 1862 Was ist das für ein Arzt, der Dich hier allein
644 1701 1149 1816 von ihm erzählt?
2590 1712 2820 1800 Adolf.
2462 1765 2828 1869 da draußen.
1039 1758 2378 1882 Meine gute Mama! Es hätte nicht mehr lang
774 1776 984 1871 Hugo.
2469 1844 2817 1948 liegen läßt!!
644 1855 2376 1959 gedauert, so hätt' ich's Euch allen erzählt. Sie ist ja brav
2873 1838 4013 1972 Er weiß, daß ich nichts weiter brauche.
644 1913 865 2010 Mama
2608 1917 2822 2005 Hugo.
2610 1926 4229 2078 Adolf. Wenn es auch nicht gefährlich ist, Beruhigung
969 1919 2361 2012 grad' so brav, wie die Franzi ist, und ich hab
2478 1994 4240 2147 wollen wir doch haben. Und mich kann ein fremder Doctor
644 1997 2376 2120 viel an ihr gut zu machen. — Und seit wir den Buben
638 2050 938 2140 haben...
2471 2069 4101 2242 nicht beruhigen, wenn es sich um meinen Sohn handelt.
772 2098 1630 2226 Betty. Wie alt ist er denn?
2619 2133 4004 2266 Hugo. Mama, sage Du dem Papa, um was
2630 2189 4249 2334 Adolf. Wie meinst Du, mein Kind? — Wenn man
772 2191 1699 2266 Hugo. Im März war er vier.
2491 2259 4249 2407 vom Pferd gestürzt ist, genügt die Mutterliebe nicht. Es ist
768 2253 984 2345 Betty.
1037 2248 1858 2365 Schon vier Jahre ist er alt?
2500 2328 4251 2489 ja ein unglaubliches Glück, daß Du Dir nichts gebrochen hast.
772 2330 2118 2451 Hugo. Ja... Also sie müssen kommen..
2164 2294 2370 2469 Gleich
2632 2387 4267 2553 Betty. Bitte, Adolf, hör' mich einen Moment an. Der
631 2387 1403 2473 wenn Du sie sehen wirst.
763 2464 1789 2566 Betty. Wo sind sie? wo sind fie?
2493 2500 3779 2634 Junge macht sich allerlei kindische Gedanken.
768 2491 2074 2634 Hugo. Ganz nah!... Du mußt hinschicken.
2122 2511 2354 2659 Gib mit
2648 2557 3746 2681 Hugo (ungeduldig). Laß' das, Mama!
622 2606 2133 2711 Bleistift und Papier, ich schreib' Dir die Adresse auf
2648 2628 3678 2753 Betty. Ja, Hugo, ich muß doch
766 2676 2125 2773 Betty (eilt zum Schreiblisch, bringt Papier und Bleistift).
2641 2663 3956 2835 Hugo (beinahe augstvoll). Ich habe keine Zeit.
2650 2742 4123 2875 Betty. Er will... er will seine Geliebte seh'n.
761 2736 2098 2864 Hugo (will schreiben). Oh Gott, ich kann nicht.
759 2809 1452 2925 Betty. So sag's mir.
3276 2811 4141 2943 will... Das wird wohl
2659 2862 3203 2963 Adolf. Will..
2515 2921 3298 3047 Kannst Du denn aufstehn?
1280 2914 1705 3060 12. Auftritt.
2674 2994 3327 3102 Hugo (schüttelt den Kopf).
2663 2967 4296 3170 Adolf. Nun also? Man wird sie benachrichtigen. Es
819 3014 2164 3159 Hugo. Frau Betty. Adolf Losatti (stürzt herein).
2526 3084 4300 3230 wird schon einmal vorgekommen sein, daß Du sie hast warten
757 3126 2361 3254 Adolf (noch in der Thür). Ja, Hugo, was sind denn das
622 3217 2365 3318 für Geschichten, wie kann man seinen Eltern einen solchen
2670 3179 4267 3398 Hugo. Papa... ich... so sag's ihm doch, Mama..
2533 3226 2720 3325 lassen.
629 3301 2367 3422 Schrecken einjagen. Hugo! Hugo! Natürlich hast Du
3027 3320 3795 3453 Als Manuscript gedruckt.
