4776 4024
1313 444 1600 554 — 30 —
704 550 2313 706 Hugo. Mein Kind wird bei Euch leben. Franzl heißt
558 649 656 762 er
706 660 1029 751 nach Dir.
698 698 2313 845 Franziska. Ich hab' mir's gedacht, daß es Dein
554 797 817 896 Kind ist.
691 854 1627 967 Betty (erstaunt). Du kennst es?
689 927 1265 1024 Hugo. Du weißt?
691 960 2324 1093 Franziska. Ja, Hugo... ich hab' Euch einmal ge-
563 1071 2316 1152 sehen. Im vorigen Jahr. Wir sind vom Theater nach Haus
850 1137 2322 1249 — der Papa, die Wama und ich — und da bist
558 1139 808 1238 gefahren
561 1205 2291 1333 Du an unserem Wagen vorbeigegangen, aus dem Parkring..
554 1280 1208 1377 Du das Kind und sie.
680 1331 1682 1446 Betty. Und woher wußtest Du?
682 1413 1713 1517 Hugo. Hast Du ’s sehen können?
691 1455 2289 1572 Franziska. Es war zu dunkel... Die Dame hab
550 1554 2307 1642 ich sehen können; sie hat den Kopf gerade zu uns gewendet
541 1631 1675 1713 gehabt. Sie ist sehr schön, glaub' ich.
687 1664 2230 1795 Hugo. Und gut. Du wirst sie lieb haben, Franzi
682 1757 1921 1857 Franziska. Ja — und Du wirst leben
691 1810 2300 1949 Hugo. Nein Es oh... Nein, was ist denn
543 1885 1430 2007 das? Anzünden... ja?
1152 1949 1698 2066 (Er wird bewußtlos.)
671 2015 1391 2130 Betty. Hugo! Hugo!
680 2066 2307 2203 Franziska. Nichts ist's, Mama. Sieh, er athmet
541 2168 1770 2300 ganz ruhig... siehst Du... hörst Du
1329 2243 1521 2364 (Stille.)
1208 2384 1636 2519 14. Auftritt.
817 2486 2029 2616 Hugo. Franziska. Betty. Adolf. Toni.
541 2585 2294 2704 (Herr Adolf Losatti tritt rasch ein; gleich hinter ihm Toni; wie sie auf
881 2656 1956 2753 dem Divan Hugo sieht, will sie hinstürzen.)
671 2715 1541 2826 Toni. Hugo! Mein Hugo!
678 2757 2291 2874 Adolf. Bitte.... etwas Maß, mein Fräulein, es sind
534 2865 1636 2974 auch Mutter und Schwester anwesend.
673 2925 2289 3007 Toni (rasch hin zu den beiden Frauen). Ich bin Toni Weber.
662 3002 2289 3084 Betty. Bitte, Fräulein, er ist ein wenig eingeschlummert.
678 3073 2287 3201 Toni. Ja, um Gotteswillen, wie ist ihm denn das ge-
543 3128 770 3245 schehen?
675 3177 1857 3327 Franziska. Er ist vom Pferd gestürzt.
669 3269 1331 3397 Toni. Das weiß ich.
3245 413 3479 541 31 —
2839 499 4196 687 Wenn Sie mir gestatten wollten, aus einen
2558 543 2770 667 Adolf.
2419 636 2742 737 Augenblick
2795 689 3600 804 War schon ein Doktor da?
2554 709 2755 790 Toni.
2826 731 4199 894 Seien Sie überzeugt, Fräulein, daß alles Noth-
2558 775 2766 872 Adolf.
2417 834 2673 940 wendige
2558 854 3477 996 Toni. Der Doctor Schmidt!
2563 971 3340 1071 Adolf. Leider noch nicht.
2563 1033 3497 1124 Betty. Ein anderer war hier.
2563 1093 4196 1183 Toni. Oh, das ist gut. Was hat der gesagt? Ist es
2433 1159 4199 1274 gefährlich? Warum hat er mich haben wollen? Es muß
2433 1247 3009 1380 sehr gefährlich sein?
2565 1285 4210 1441 Adolf. Er bildet es sich ein, Fräulein, und wollte
2424 1391 2808 1499 durchaus
2565 1422 3731 1545 Franziska. Wo ist denn der Kleine?
2561 1490 4210 1598 Toni. Ach Gott — er war im Hof nebenan — die
2428 1565 4188 1673 Kinder haben ihn geholt — zum Spielen — und ich hab'
2428 1642 4199 1757 nicht mehr Ruhe genug gehabt, um ihn abzuholen... wie
2433 1717 4104 1810 der Herr Professor.. wie Sie in's Zimmer herein sind
2437 1764 4194 1883 ich hab' ja das allerschlimmste gefürchtet, wie Sie plötzlich
2437 1876 2693 1978 bei mir.
2570 1898 3766 2022 Franziska. Sie haben Papa gekannt?
2574 1954 4199 2079 Toni. Oh, ich kenne Sie alle! — Wie oft hab' ich
2437 2053 4210 2172 Sie gesehen, besonders Sie, Fräulein... ah, sehen Sie, jetzt
2441 2146 3148 2254 wacht er auf. — Hugo!
2574 2155 4115 2318 Adolf. Bitte, lassen Sie doch der Natur ihr Recht
2437 2278 3135 2362 wenn er schlummert, so
2585 2298 4221 2439 Hugo (schlägt die Augen auf, fieht Toui, sie beugt sich zu ihm). Bist
2437 2411 3066 2514 Du da, mein Schatz?
2576 2481 3190 2585 Toni. Mein Hugo!
2713 2492 3976 2627 Große Zärtlichkei in seinem, Angst in ihrem Blick.)
2574 2592 4212 2717 Adolf (zu Franzi, die er zu sich winkt). Mein Kind... weißt
2689 2664 4159 2775 ich konnte es ihm nicht verweigern — Kranke
2444 2687 2623 2790 Du..
2444 2762 3139 2865 haben seltsame Launen
2585 2759 4205 2945 Franziska. Papa - Du brauchst Dich nicht zu ent¬
2453 2894 2751 3026 schuldigen.
2587 2918 3927 3055 Hugo. Und der Bub ? Wo ist mein Bub’?
2587 2996 4225 3170 Toni. Ich hab' nicht Zeit gehabt, ihn zu holen — ich
2448 3093 2572 3232 hab’.
2585 3141 3340 3269 Hugo. Wo ist er denn?
2583 3181 4137 3331 Toni. Die Kinder von drüben haben ihn abgeholt.
2951 3298 3724 3435 Als Manuscript gedruckt.
