4728 4056
1459 482 1583 595 20
773 586 2384 715 Arzt. Es ist keinerlei äußere Verletzung nachzuweisen
644 682 2395 777 gnädige Frau — jedenfalls muß man nicht gleich verzweifelt
653 764 2386 846 sein. (Sieht sich um; es sind noch anwesend außer Frau Betty:
650 837 2391 924 Franziska, Lulu, Frau Emma, Agnes, ein junger Bursch, das Dienst¬
642 901 1454 972 mädchen und der fremde Mann.)
777 901 2386 1057 Arzt. Ich bitte sehr.... Nicht wahr, gnädige Frau,
635 990 1134 1117 Sie sehen ein —
773 1052 1847 1172 Franziska. Ich bin die Schwester.
766 1143 1874 1241 Lulu (ist zum Divan hingestürzt). Hugo!
773 1170 2391 1308 Arzt. Liebes Kind, nicht wahr, Sie gehen auch lieber
628 1274 861 1388 hinaus.
766 1312 1527 1452 Lulu. Ist es gefährlich?
775 1394 2378 1510 Arzt. Wir wollen hoffen nein. Aber bitte sehr..
630 1485 2384 1605 Ruhe ist das wichtigste vorläufig. Und Sie (zum fremden Mann)
637 1558 1492 1654 bringen uns vielleicht Wasser.
768 1587 2393 1745 Der fremde Mann (verlegen). Ich gehöre nicht zum
639 1701 817 1803 Haus.
1079 1729 1923 1847 (Das Dienstmädchen entfernt sich.)
764 1794 2384 1916 Franziska (gleich voll Bedacht zum Manne). Ah, Sie sind
757 1889 2082 1978 Wir sind Ihnen sehr... (will ihm Geld geben).
768 1940 2386 2071 Der fremde Mann. Oh nein! oh bitte, nein, ich bin
626 2002 753 2113 nur
801 2020 1137 2118 (Er geht.)
764 2085 2375 2184 Emma (zu Agnes, nachdem der Arzt beide flüchtig betrachtet).
619 2136 1143 2273 Kind, mein Kind!
768 2209 2380 2324 Franziska (zu Agnes, umarmt sie). Es wird gewiß gut.
764 2291 1785 2395 Betty. Er schlägt die Augen auf.
766 2353 1940 2453 Franziska. Er schlägt die Augen auf!
761 2433 2131 2517 Agnes (über ihr Antlitz geht ein Zug von Hoffnung).
764 2466 2371 2604 Emma (zu Betty). Ich fahre rasch, deinen Mann holen.
753 2564 1829 2680 Betty. Wenn du so gut sein willst.
755 2633 2375 2751 Emma. Komm. Agnes!... (Agnes zögert).... Komm,
610 2682 728 2813 wir
766 2702 1563 2797 sind ja gleich wieder zurück.
757 2764 1701 2877 Betty (nickt den sich Entfernenden zu).
755 2850 1943 2937 Hugo (hat die Augen aufgeschlagen, sieht um sich).
753 2908 1405 3008 Betty. Mein Hugo!
755 2970 1465 3061 Lulu. Hugerl, Hugert!
755 3004 1800 3179 Arzt. Gehen Sie jetzt, mein Kind!
753 3119 1294 3215 Hugo (lächelt leicht).
748 3166 1348 3286 Lulu. Er lacht ja!
746 3232 2360 3388 Arzt (macht Franziska ein gutmüthig ernstes Zeichen mit den Augen,
617 3321 1163 3443 sie solle Lulu entfernen.
2628 508 4245 697 Franziska (Lulus Kopf berührend). Komm, Lulu, schau,
2475 608 4260 768 Du bist ja gescheidt. Der Doctor will's. (Sie entfernt sich mit
2486 735 2993 841 ihm, er sieht sich um.
2620 737 4249 886 Hugo (sehr leise). Ich weiß ganz gut, wie man mich
2489 875 2935 997 heraufgetragen.
2635 864 4023 1019 Betty. Mein Kind, sag', thut Dir 'was weh?
2628 963 4160 1117 Lulu (hat sich wieder losgemacht, wie er Hugos Stimme gehört.)
2642 1074 3070 1168 Arzt (winkt ab).
2673 1092 4083 1234 (Franziska mit Lulu ab, Franziska kommt gleich wieder.)
2635 1163 4260 1296 Betty. Sag', mein Kind, wie ist denn das geschehn?
2646 1279 3925 1385 Hugo. Das Pferd... weiß Gott wie...
2644 1336 3801 1465 Arzt. Bitte sehr, reden Sie jetzt nicht.
2648 1430 3024 1541 Hugo (nickt).
2560 1430 4220 1592 (Franziska kommt, zugleich das Dienstmädchen mit Wasser, Eis 2c.)
2653 1552 3479 1661 Arzt. (Bereitet einen Umschlag.)
2662 1634 3712 1743 Hugo. Ich hab' wenig Schmerzen.
2660 1707 3303 1812 Betty. Das ist gut.
2662 1727 4291 1891 Hugo (sieht Franziska lange an, drückt ihr die Hand). Aber was
2826 1883 2904 1951 ...
2526 1865 2771 1965 anderes
2668 1840 4293 2000 Betty. Der Doctor sagt, Du sollst nicht sprechen, Hugo.
2680 1947 4300 2091 Hugo. Was anderes... alles ist... Das
2540 2051 3217 2176 Zimmer dreht sich...
2906 2051 4305 2204 Ja - ein bischen Schwindel... Das ist
2677 2136 2853 2236 Arzt.
2535 2173 3647 2302 wohl kein Wunder, wenn man so..
2688 2242 3830 2355 Hugo... und so lange ist es her..
2682 2320 3432 2444 Betty (beunruhigt). Was?
2950 2335 4318 2484 Nicht wahr, es ist schon Tage lang? Wie
2686 2413 2888 2515 Hugo
2713 2440 4111 2577 bin ich so gelegen? Tagelang... nicht wahr?
2551 2482 2684 2602 lang
2959 2515 3876 2642 Was fällt Dir ein, mein Kind?
2693 2560 2913 2648 Betty.
2957 2582 4316 2693 Sie waren kaum eine Viertelstunde bewußtlos.
2693 2628 2868 2720 Arzt.
2930 2646 4325 2797 So. Es ist sonderbar. Ich werde sterben,
2704 2697 2915 2804 Hugo.
2557 2764 2868 2884 glaub' ich.
2700 2793 3734 2917 Betty (zuckt zusammen, sieht den Arzt an).
2702 2870 3661 3001 Franziska (zu ihm herab). Hugo!
2713 2888 4338 3072 Arzt. Herr Losatti, Sie sind undankbar. Ja, wahr-
2577 3006 4336 3150 haftig. Sie wachen eben auf, befinden sich eigentlich ganz
2566 3090 4171 3210 wohl und erzählen der Frau Wama solche Geschichten.
2717 3108 4356 3326 Hugo. Sie wissen das nicht, Herr Doctor. Wer
2575 3266 2879 3390 sind Sie?
3068 3294 3858 3448 Als Manuscript gedruckt.
