3368 4040
1318 451 2780 738 Plan zum Vermächtnis 5. Akten,
2826 507 3129 794 spater.
576 632 2009 837 Erster Akt.. Toni und das Kind
524 817 3175 988 Frau X kommt, sie war früher die Geliebte ihres jetzigen
879 965 1215 1153 G.C.H.F.P.
534 962 833 1150 Manns.
530 1107 2665 1275 Gespräch über Hugo, ob er Toni heiraten wird.
540 1265 2253 1446 Gustav kommt, is Hugo noch nicht da,
537 1426 1518 1607 Sie fragt nach Agnes
537 1538 2754 1723 Sie hat Angst um ihn, wird Hugo Agnes heiraten?
583 1779 1795 1877 Erinnerung an ihren Vater
547 1914 2210 2036 Seine Familie würfe es nie zugeben.
543 2078 1696 2194 Hugo kommt im Reitanzug.
543 2194 2556 2404 Heut Abend wollen wir zusammen nachtmahlen
557 2355 2306 2553 Gustav wollte ihn zum Rennen abholen.
553 2483 3073 2701 Gespräch über Franziska, die Schwester. Sie wird den
560 2770 1255 2898 Arzt heiraten.
576 2800 3073 3070 Hugo: Nur Geduld, ich werde nie eine andre lieben als
573 3096 837 3198 Dich.
580 3149 2072 3330 Gustav früher ab. Fiaker unten
580 3261 2964 3488 Hugo bleibt noch, spielt mit dem Kind, Liebescene
1001 3508 1097 3610 2
