4808 4168
1174 554 1377 692 74
547 659 2197 837 Gustav. Beruhige Dich, Toni! — Wo immer Du sein
417 755 2188 893 wirst — hier oder draußen — vergiß nicht, daß Du einen
415 855 2070 1011 Freund hast — (faßt ihre Hand.) einen treuen Freund! —
558 886 2195 1074 Toni (entzieht ihm die Hand)..Nein, Gustav." Du hast ja
420 985 1913 1156 recht gehabt. Das würde uns doch keiner glauben.
560 1054 2192 1199 Gustav. Was? - Bin ich’s nicht immer gewesen.
433 1154 1232 1288 Auch solang Er gelebt hat:
572 1183 2197 1380 Toni. Aber jetzt ist Er nicht mehr da - jetzst ist es
453 1328 848 1435 'was anderes.
572 1342 1502 1505 Gustav. Ganz dasselbe ist es.
574 1384 2199 1561 Toni. Heute... ja!... (Steht auf.) Hier muß ich
429 1520 2199 1634 bleiben wo Er gelebt hat ja — das ist das Einzige.
446 1583 1525 1726 Auf Wiedersehen, Gustav, im Herbst.
589 1679 1614 1788 Gustav. Wohin willst Du gehen?
576 1723 2219 1864 Toni. Ich war heut noch nicht in der Kirche. Ich will
451 1813 2215 1956 hinübergehen, beten, daß die mich da behalten, dass ich die
453 1880 2217 2007 Schwester von der Franzi bleiben darf. Leb wphl, Gustav!
453 1989 1462 2119 (Ab; in der Thür begegnet ihr Ferdinand.)
1150 2099 1540 2212 8. Auftritt.
656 2195 2045 2360 Gustav. Ferdinand. (Später) Adolf (und) Betty.
596 2268 2235 2442 Ferdinand (nachdem er Toni nachgesehen). Guten Tag, Herr
453 2407 726 2536 Brander.
596 2438 1674 2572 Gustav. Guten Tag, Herr Doktor!
614 2527 1735 2646 Ferdinand Was ist dem Fräulein?
607 2556 2130 2704 Gustav. Ich weiß nicht. (Sie sehen einander in's Auge.
471 2637 2235 2804 (Adolf und Betty treten ein vorn links; zum Ausgehen angekleidet.
1181 2724 1529 2808 Begrüßung.)
614 2721 2248 2889 Betty. Es ist schön, daß wir Sie noch einmal sehen.
614 2826 2248 2954 Gustav. Ich habe eben Toni Adieu gesagt. — (Nach
464 2896 2253 3016 einer kurzen Pause, einer Eingebung folgend.) Seien Sie gut zu ihr!
480 3007 1072 3114 sie hat viel gelitten.
609 3030 2253 3148 Adolf. Mein lieber junger Freund, wir haben auch viel
478 3110 2248 3246 gelitten — jawohl — und in unserem Alter bedeutet das etwas
496 3172 2253 3322 mehr! Was wisset Ihr jungen Leute überhaupt von Leiden?
489 3253 2255 3387 Solange das Leben noch vor einem liegt. — Da ist man
489 3317 2259 3438 nun dem Himmel dankbar, daß er einem wenigstens so einen
505 3380 2273 3523 süßen Fratzen gelassen — der Kleine hätte das werden sollen,
3215 480 3413 627 75
2424 560 4217 759 was unserem Hugo nicht vergönnt war. — Na, weine nicht,
2436 672 4210 833 meine arme Betty — es hat nicht sollen sein. Der Traum
2585 768 4217 976 Betty (nachdem sie sich die Thränen getrocknet). Werden Sie
2440 810 3065 918 ist zu Ende. (Pause.)
2440 918 3552 1049 uns auf dem Lande besuchen, Gustav:
2567 953 4213 1101 Gustav. Ich hoffe, daß ich einmal. Für alle Fälle
2447 1002 4244 1197 wünsch' ich glückliche Reise — und ein Wiedersehen in besseren
2440 1150 3362 1293 Tagen. (Nimmt Abschied und geht.)
3139 1257 3543 1418 9. Auftritt.
2967 1375 3742 1543 Adolf. Betty. Ferdinand.
2608 1404 4242 1634 Betty. Franzi ist in die Stadt gegangen einige Ein¬
2476 1543 4251 1708 käufe besorgen. Sie muß bald da sein. Wollen Sie auf sie
2476 1663 3056 1788 warten, Ferdinand?
2630 1719 3259 1840 Ferdinand. Gewiß.
2614 1697 4253 1895 Adolf. Wir wollen nur einen Besuch bei Bibers machen.
2489 1817 4262 1976 Sie haben zum Begräbnis vom Kleinen einen Kranz geschickt:
2485 1949 3166 2072 ich finde das charmant.
2646 1922 4264 2112 Ferdinand. Mit Toni haben Sie bereits gesprochen?
2643 2074 3244 2188 Adolf. Noch nicht.
2650 2078 4280 2250 Ferdinand. So. Ich möchte aber zu bedenken geben,
2507 2166 4269 2317 daß heute der letzte Tag ist, an dem etwas Entscheidendes ge¬
2507 2304 2925 2409 schehen kann.
2661 2297 3902 2447 Betty. Lassen wir's doch bis zum Herbst
2657 2331 4286 2518 Ferdinand. Jeder Aufschub ist von Uebel. Ist sie
2523 2436 4289 2594 einmal in der Villa draußen, dann wird sie so lange bei Ihnen
2523 2552 3304 2677 bleiben, als es ihr beliebt.
2679 2543 4306 2737 Betty. Ich hab' heut' wieder die ganze Nacht darüber
2536 2654 4302 2815 nachgedacht. Wir können sie nicht fortschicken, Ferdinand; die
2541 2779 3425 2904 Verantwortung wäre zu groß.
2695 2746 4322 2951 Ferdinand. Ich sagte doch schon! Es giebt ein sehr
2543 2855 4108 3018 einfaches Mittel, sich gegen diese zu schützen — Geld.
2708 2936 4309 3110 Adolf. Das müßte man jedenfalls thun. Ganz selbst¬
2704 3045 4336 3246 Ferdinand. Uebrigens wird sie nicht lange darauf an¬
2554 3083 2904 3197 verständlich.
2583 3148 4331 3335 gewiesen sein. Sie ahnen gar nicht, wie wenig hang mir um
2570 3304 2826 3409 sie ist!
2708 3286 3891 3467 Betty. Aber mir, mir ist hang um sie.
3079 3373 3856 3527 Als Manuscript gedruckt.
