4808 4200
1257 561 1451 738 70
596 691 1692 881 Franziska. War’s nicht zu schwül?
601 800 1906 959 Agnes (betrachtet Toni wie mit einer geheimen Angst)
599 853 2240 1031 Toni. Ja. Sehr schwül. Besonders im Geh'n. Aber
462 914 2244 1100 allein kann man sich ja nirgends hinsetzen." Im Stadipark
482 990 2233 1173 hab' ich mich auf einer Bank ausruh'n wollen — gleich ist
477 1084 2085 1246 einer gekommen und hat mit mir zu reden angefangen.
618 1175 1356 1312 Agnes (schaut Franziska an).
625 1197 2251 1361 Toni. So ist es immer. Nicht einmal vor dem schwar¬
486 1272 2251 1453 zen Kleid haben die Leute Respekt. Aber was soll ich denn
475 1374 1847 1537 thun? Im Zimmer halt ich's nicht mehr aus.
632 1409 2260 1568 Franziska. Morgen um diese Zeit sind wir in unserem
488 1511 1639 1652 Garten. Da ist frische Luft und Ruhe.
638 1535 2266 1703 Toni (vor sich hin). Ruh' ist nur an einem Ort. — (Pause.)
510 1643 1626 1796 Warum sehen Sie mich so an, Agnes?
654 1672 1975 1847 Agnes (befangen). Ich? Nein, wirklich nicht!
649 1729 2277 1906 Toni (nicht laut, zu Agnes, wie erklärend). Ich bin ja nicht
515 1827 2264 1997 schuld. Auch von anderen Frauen sind schon Kinder ge-
510 1983 751 2072 storben.
663 2003 1263 2129 Franziska. Toni!
660 1983 2275 2233 Agnes (sehr befangen). Ich muß jetzt gehn. Adieu, Franz
663 2165 1047 2264 Adieu, Toni!
680 2165 1944 2332 Franziska. Du willst schon gehn, Agnes
678 2237 2302 2396 Agnes. Ich will später wiederkommen; die Mama
528 2290 2297 2480 kommt auch noch herauf, Euch Adieu sagen, ich hol sie ab
568 2427 1528 2560 — Adieu. (Sie reicht Toni die Hand.)
680 2480 1559 2620 Toni (sieht sie groß an). Adieu!
678 2465 2237 2675 Franziska (mit ihr an der Thür). Was hast Du denn?
694 2573 2313 2754 Agnes. Ich weiß nicht, was das ist. Mir wird so
552 2706 1255 2829 hang, wenn ich sie sehe.
696 2776 1257 2913 Toni (sieht ihr nach).
1239 2856 1632 3022 5. Auftritt.
1186 2988 1716 3112 Toni. Franziska.
1354 3097 1548 3194 (Pause.)
713 3083 2348 3304 Franziska. Ich muß noch in die Stadt gehen, Toni,
570 3231 1648 3382 einiges einkaufen. Wollen Sie mit?
733 3333 1175 3437 Toni. Nein.
738 3311 2361 3499 Franziska. Kann ich Ihnen vielleicht etwas besorgen?
733 3470 1184 3594 Toni. Wozu?
2571 561 4199 744 Franziska. Sie werden sich draußen doch irgendwie
2438 671 4197 835 beschäftigen wollen, nicht wahr? Vielleicht kann ich Ihnen
2434 713 4201 903 etwas zum Arbeiten bringen. Sie dürfen nicht immerfort
2434 848 3284 981 Ihren Gedanken nachhängen.
2578 872 3746 1031 Toni. Es wird sich schon was finden.
2582 917 4199 1104 Franziska. Wissen Sie, Toni, vielleicht können wir zu-
2443 1051 3101 1195 sammen was arbeiten.
2593 1115 3386 1241 Toni. Wir — zusammen!
2611 1115 4221 1310 Franziska (etwas befangen). Irgend was sticken — nicht
2467 1208 4219 1398 wahr — oder... Man muß doch wenigstens versuchen, die
2456 1292 3881 1447 traurigen Gedanken auf Augenblicke zu zerstreuen
2602 1352 3905 1500 Toni. Wenn man aber nichts Anderes hat.
2606 1469 3236 1588 Franziska. Wieso?
2617 1467 4230 1632 Toni. Nichts Anderes hat als die Gedanken — wenn
2472 1579 3596 1738 das Alles ist, was einem noch bleibt.
2633 1626 3938 1800 Franziska. Sagen Sie das nicht, Toni.
2480 1760 2993 1871 sind nicht allein.
3351 1734 4243 1884 Was bin ich denn heut noch
2635 1798 3269 1953 Toni. Nicht allein?
2505 1891 2794 2030 für Euch?
3189 1983 3565 2138 6. Auftritt.
2891 2101 3883 2275 Toni. Franziska. Gustav (kommt).
2673 2180 4265 2372 Gustav. Guten Tag, Fräulein Franziska! Grüß Dich
2527 2288 4270 2478 Gott, Toni! (Reicht ihnen beiden die Hand.) Also bleibt’s dabei?
2514 2430 2942 2547 Morgen früh?
2681 2434 4000 2602 Franziska. Ja. Werden Sie uns besuchen?
2670 2500 4274 2664 Gustav. Dazu werd' ich keine Zeit haben, Fräulein
2540 2569 4292 2730 Franziska, ich komme heute, Ihnen auf längere Zeit Adieu
2544 2677 3516 2821 sagen — und Dir auch, Toni —
2688 2684 4283 2869 Franziska. Für einen Sonntag werden Sie sich doch
2538 2774 4285 2960 einmal frei machen können? Wir würden uns Alle so sehr
2695 2885 4300 3064 Gustav (schüttelt den Kopf). Das glaub' ich nicht. Das
2569 2938 2776 3030 freuen.
2564 2984 4303 3130 Beste wäre, ich würd’ ein für alle Mal für Sie alle ver¬
2575 3024 4314 3227 schwinden. Ich kann nur traurige Erinnerungen in Ihnen
2708 3161 4325 3355 Toni (einfach). Mir wird's immer ein Trost sein, wenn
2562 3205 2878 3315 wachrufen.
2580 3324 3183 3466 Du kommst, Gustav!
3057 3318 3861 3514 Als Manuscript gedruckt.
