4680 4040
3216 387 3430 493 57 —
1330 402 1537 532 56 —
2408 508 4146 638 wollen Sie Ihren Haß dieses arme Wesen entgelten lassen,
517 543 2277 671 ich Sie über die ganze Sache endgiltig beruhigen. Zu dem
2412 596 3759 720 das ihn von uns allen am meisten geliebt hat
510 625 2268 749 Kinde hätten wir jedenfalls eine Person in's Haus nehmen
2542 647 4150 780 Ferdinand. Die Sache liegt anders, als Sie sie auf¬
517 702 2275 804 müssen. Denken Sie sich einfach, Toni ist diese Person.
2421 755 4148 853 sassen, gnädige Frau... Daß wir einander fremd gegen¬
512 780 2273 864 Wir hätten keine bessere gefunden. Mit dieser Lösung wird
2412 808 4150 903 übergestanden sind — mag ja richtig sein. Ich bin eben
517 868 2273 967 vielleicht auch meine verehrte Schwägerin einverstanden sein.
2427 872 4144 996 ganz wo anders hergekommen — aus einer armseligen und
2421 932 4157 1047 miserablen Kindheit — während er die Sorge nie gekannt
1177 978 1590 1091 13. Auftritt.
2425 1018 4159 1122 hat. Er hat von Jugend auf alles gehabt, was das Leben
2427 1078 4166 1202 schön macht — und ich sehr lange nichts. So etwas macht
1226 1067 2268 1210 Ferdinand. Stubenmädchen (tritt ein).
512 1076 1168 1213 Adolf. Betty. Emma.
2427 1146 4161 1257 eben einander fremd. Aber das hat sich ja geändert, wie
1235 1168 2282 1312 Herr Professor Biber fragt, ob die
649 1184 1182 1288 Stubenmädchen.
2436 1221 4166 1327 Ihnen nicht unbekannt ist — und wenn ich ihn je beneidet
510 1263 1361 1363 Herrschaften zu sprechen seien.
2434 1292 4168 1403 hätte — das müßte vorbei sein. Und da soll ich jene Person
1235 1303 2271 1442 Natürlich sind wir... Professor
647 1336 1113 1433 Adolf. Biber?
2441 1354 4168 1469 hassen, weil sie seine Geliebte war? Ich gönne ihr alles
501 1389 1566 1498 Biber allein Frau Biber nicht?
2434 1433 4168 1539 Glück der Welt, nur hier darf sie nicht bleiben — aus
1257 1453 2282 1588 Nein, Herr Professor Biber ist
658 1471 1182 1577 Stubenmädchen.
2441 1502 3311 1630 Franziska's Nähe soll sie fort.
510 1542 795 1643 allein da.
2569 1570 4179 1685 Emma. Warum? Sie führen ja Franzi in der nächsten
641 1570 2014 1714 Adolf. Führen Sie ihn gleich in den Salon.
2436 1643 3253 1758 Zeit aus diesem Hause weg.
647 1681 1303 1769 Stubenmädchen (ab).
2573 1687 4177 1802 Ferdinand. Sind Sie dessen ganz gewiß, gnädige
647 1738 1895 1849 Betty. Siehst Du, er ist doch gekommen.
2450 1758 4177 1880 Frau? — Ich sage Ihnen, daß alles zu wanken beginnt, seit
647 1794 2268 1913 Adolf. Aber ohne Frau... (auf eine Idee kommend.)
2441 1829 4181 1957 diese Toni hier ist. Ich fühle mich so lange meines Glückes
501 1873 1142 1990 Betty hol' das Kind.
2445 1895 4188 2021 nicht sicher, als die Möglichkeit vorliegt, daß sie sich Franzi
645 1926 2145 2036 Betty (bedauernd). Ach Gott, es wird jetzt schlafen.
2450 1972 4177 2078 nähern kann. Ich habe mit Geschöpfen dieser Art nie zu
638 2025 2271 2109 Adolf. Betty, hole das Kind — Biber soll sofort sehen,
2450 2036 4183 2154 thun gehabt; sie sind mir unheimlich. Ich fühle, daß ich sie
504 2085 2279 2191 woran er ist. Wir haben keinen Anlaß, unsere Handlungs-
2450 2103 4177 2222 hier nicht dulden darf. Aus einer anderen Welt kommt sie,
512 2160 1588 2244 weise zu verbergen. Hele das Kind.
2447 2187 4186 2293 von der kein Hauch die Seele eines reinen Mädchens wie
634 2211 1725 2335 Betty (in’s Nebenzimmer; bringt das Kind).
2458 2255 3773 2392 Franzi berühren darf — dahin soll sie zurück!
1787 2286 2273 2381 So... komm,
647 2313 1716 2381 Adolf (nachdem er Emma stolz angesehen).
2582 2335 3547 2443 Emma. Eine andere Welt gar?
504 2363 2271 2461 mein süßer kleiner Bub. Führ' ihn an der Hand, Betty
2589 2357 4194 2496 Ferdinand. Ja, das nenn ich eine andere Welt, wo
506 2443 2182 2549 So wollen wir Biber gegenübertreten. Auf Wiedersehen!
2456 2452 4194 2562 die Gesetze nicht gelten, auf denen die ganze Ordnung unseres
1073 2505 1727 2611 (Adolf, Betty, das Kind ab.)
2458 2518 4194 2642 bürgerlichen Lebens beruht — wo man sich einfach nimmt,
2458 2606 4201 2708 was einem gefällt — ohne Scrupel und ohne Reue! — Und
1195 2624 1606 2765 14. Auftritt.
2469 2655 4208 2814 ich kann's nicht ertragen, daß ein Wesen jener Welt an der
1109 2730 1683 2863 Emma. Ferdinand.
2474 2761 3088 2860 Seite Franzi's bleibt.
2600 2776 4208 2927 Emma. Wie ein Kind von Fabelländern reden Sie von
649 2834 2277 2962 Emma. So hassen Sie ihn wirklich über's Grab
2476 2878 4214 2984 dieser „andern Welt“. Als wenn’s irgend welche Grenzen
519 2878 753 3015 hinaus?
2467 2938 4208 3050 dieser Art gäbe!.. Hier, „die Tugend" — und dort „das
656 2982 1928 3077 Ferdinand. Warum sagen Sie mir das?
2465 3022 4205 3112 Laster“. So einfach ist das Leben nicht, mein guter Doktor,
663 3059 2284 3159 Emma. Ich weiß ja, daß sich ihre ganze Natur gegen
2474 3090 4221 3185 Die Grenzen wären ja sehr bequem für Sie — nur existiren sie
510 3119 2282 3214 ihn gewehrt hat — vom ersten Augenblick an, da Sie dieses
2467 3143 4212 3267 nicht. In uns allen ist nämlich die Sehnsucht nach Glück — und
517 3209 2277 3295 Haus betreten haben. Aber jetzt ist er ja fort. Alle die
2476 3216 4212 3364 das ist die Gefahr, die Sie fürchten! — Mit Recht, übrigens!
526 3265 2286 3371 Heiterkeit und Güte ist fort! warum jetzt noch? Warum
2958 3304 3733 3439 Als Manuscript gedruckt.
