4760 4136
1226 531 1477 646 58
505 639 2260 776 Sie werden Franzi vor Vielem behüten müssen, wenn sie Sie
498 739 2077 836 nicht lieben wird — nicht nur vor Toni's Gegenwart.
653 805 2260 917 Ferdinand. Wenn Franzi bleibt, was sie war, wird
496 882 1224 986 es nicht nothwendig sein.
644 922 2265 1047 Emma. Sie wissen doch gar nicht, von wo überall
501 1012 2273 1096 diese Gefahren kommen können. Menschen wie Sie bemerken
507 1080 2260 1182 sie vielleicht nicht einmal. Ich sage Ihnen aber:] ein Blick,
505 1173 2267 1246 den sie einmal zu rechter Zeit über sich gleiten fühlt, — die
507 1235 2265 1316 Schauer eines Frühlingstags können sie empfinden
501 1294 2265 1374 lassen, daß es noch eine andere Seligkeit für sie giebt, als
505 1365 2267 1453 Sie ihr bieten können — und — die Grenzen sind verwischt.
644 1427 2273 1515 Ferdinand. Das sind Dinge, die vorübergehen.
507 1499 2265 1588 Frühlingstage sind kurz, und Blicke sind rasch vergessen.
509 1566 2273 1649 Aber Toni wäre immer da, und - Sie müssen es ja fühlen
501 1658 2273 1742 wie ich — ihr Blick, ihre Rede, ihr Dasein allein strömt einen
498 1709 1345 1832 Duft aus, der mich ängstigt.
1182 1835 1583 1954 15. Auftritt.
1076 1927 1962 2068 Ferdinand. Franziska (tritt ein).
811 1958 1021 2044 Emma.
1056 2046 1464 2148 Guten Abend!
628 2042 1001 2152 Franziska.
1074 2112 1801 2214 Guten Abend, Franziska!
642 2128 1003 2223 Ferdinand
646 2185 1751 2284 Emma. Wo hast Du Toni gelassen?
644 2258 1868 2348 Franziska. Sie ist noch dort geblieben.
1076 2331 1499 2426 Wo geblieben?
650 2333 1028 2445 Ferdinand.
644 2370 2262 2492 Franziska. Ich war mit ihr in ihrer früheren Wohnung
509 2467 2265 2567 (Bewegung Ferdinands.) Sie will Alles so weit ordnen, daß sie
509 2551 1557 2642 nicht noch einmal dahin zurück muß.
646 2606 1416 2701 Emma. Das begreif' ich.
655 2644 2262 2756 Franziska. Wir haben Auftrag gegeben, Alles hierher
514 2747 2265 2833 zu schicken. (Zu Beiden.) Ich bin zufrieden, daß ich mit ihr
509 2816 2267 2893 dort war. Ich habe mir doch Alles ganz anders gedacht.
507 2893 2265 2983 Wie glücklich müssen sie gewesen sein. — Mit welcher Zärtlich-
507 2961 2269 3045 keit hat er sie umgeben! Man fühlt es so, wenn man dort
509 3034 2265 3109 ist. Es ist noch Alles, wie es am letzten Tag gewesen ist.
514 3096 2267 3197 An dem Abend hat er noch hinkommen wollen, und Alles
523 3164 2265 3248 sieht aus, als wenn es nur auf ihn wartete. Auf dem Tisch
523 3241 2267 3325 sind noch die Veilchen gestanden, die er ihr das letzte Mal
516 3301 2271 3380 gebracht hat, wie er oben war. Die Toni ist mit mir zum
514 3371 2276 3491 Fenster gegangen, und wir haben zusammen in den Hof
3158 430 3398 573 59 —
2366 567 4121 725 hinunter geschaut, wo der Franzl früher gespielt hat; da waren
2364 635 4117 792 kleine Kinder unten, und wie sie uns gesehen haben, haben
2377 710 4121 871 sie heraufgerufen und die Toni gefragt, wann der Franz
2364 809 4121 917 wieder spielen kommen wird... Sie hat so geweint..
2375 860 3848 1008 (Große Pause.) Sind Papa und Wama nicht Hause?
2485 904 3989 1063 Emma. Es ist Besuch bei ihnen, Professor Biber.
2483 994 3762 1138 Franziska. Ah, sind die doch gekommen?
3206 1030 4134 1171 Ich kann leider nicht länger
2500 1105 3045 1204 Emma. Nur er.
2370 1133 4132 1303 warten — grüße sie schön von mir. - Leb' wohl! - Adieu,
2375 1250 2747 1354 Herr Doktor!
2505 1272 4139 1416 Franziska. Du willst schon gehn? — Grüße Agnes.
2375 1347 4134 1484 Toni hat mir erzählt, daß sie heute — (Im Abgehen die letzten
2379 1446 3279 1594 Worte. Ferdinand bleibt allein zurück.)
3041 1634 3460 1751 16. Auftritt.
2933 1720 3585 1870 Ferdinand. Franziska.
2514 1808 4055 1967 Franziska (wiederkehrend, will in das Zimmer rechts hinten).
2937 1899 4159 2022 Der Kleine ist bei Ihren Eltern, Fräulein
2518 1938 2878 2057 Ferdinand
2935 1987 4165 2154 So? Wollen wir nicht auch hinein? Es
2397 2015 2609 2115 Franzi.
2527 2046 2882 2176 Franziska.
2406 2121 3654 2249 scheint, Papa ist sehr stolz auf den Kleinen.
2961 2148 4167 2304 Franziska, ist es möglich! — Sie waren
2529 2212 2908 2320 Ferdinand.
2399 2269 3352 2370 in jener Wohnung — mit Toni!
2534 2287 3810 2448 Franziska. Nun ja! was befremdet Sie?
2540 2375 4176 2511 Ferdinand. Franziska, lassen Sie mich's als gute
2399 2434 4170 2575 Fügung nehmen, daß ich heute mit Ihnen in diesem Zimmer
2412 2511 4165 2661 sprechen darf, wo uns das Andenken Ihres theuren Bruders
2408 2584 4170 2732 umschwebt. Ich hätte Ihnen so viel zu sagen. Seit dem
2414 2644 4181 2792 unglückseligen Tage haben wir keine zehn Worte mit einander
2423 2725 4183 2862 gesprochen wie in früherer Zeit Und gerade an jenem
2414 2851 2606 2957 Abend
2558 2836 3592 2999 Franziska. Sie reden so seltsam.
2560 2911 4190 3054 Ferdinand. Sagen Sie mir vorerst das Eine: Hat
2432 2990 4203 3138 sich nichts in Ihnen gewehrt, als Sie über die Schwelle jener
2423 3072 3742 3208 Wohnung traten, aus der Sie eben kommen?
2567 3113 4194 3266 Franziska. Gewehrt? — Wie können Sie das glauben!
2527 3206 3729 3334 Ich hatte mich ja längst darnach gesehnt
2567 3246 4132 3416 Ferdinand. Das haben Sie nicht gethan, nein...
2930 3352 3700 3502 Als Manuscript gedruckt.
