4744 4056
3239 403 3388 550 67
1236 491 1424 589 — 66
2557 548 3239 684 Toni (küßt ihm die Hand).
635 600 1501 734 Toni. Das hab' ich gethan.
2557 611 4179 732 Adolf. Nicht so, mein Kind! (Schließt sie in seine Arme.)
651 671 2246 813 Franziska. Warum sind Sie denn damals nicht gleich
2428 703 4187 813 Hier ist Ihr Platz! (Winkt Betty zu sich, in der deutlichen Absicht, eine
502 769 1058 905 zu uns gekommen?
2426 789 2963 892 Gruppe zu arrangiren.)
653 756 2264 938 Adolf. Kind, ich bitte Dich, mische Du Dich nicht in
2573 828 4179 949 Franziska. So reichen Sie ihr die Hand, Ferdinand!
2570 914 3447 1008 Ferdinand. Ich kann nicht.
504 927 901 1032 diese Fragen.
655 925 2259 1093 Toni. Zu Ihnen... damals —?/ Ja — wie hätte
2573 964 4183 1072 Adolf (mit einem Blick zur Höhe und mit Thränen in der Stimme).
2426 1045 3876 1170 Was glaubst Du —, Betty, ist er jetzt zufrieden?
515 1054 969 1157 ich das dürfen!
655 1076 2191 1207 Ferdinand. Was fällt Ihnen denn ein, Franziska.
2564 1122 3390 1221 Kind (von drinnen). Mama!
655 1155 2257 1267 Franziska. Nu ja — warum hat Hugo nicht damals
2564 1199 3052 1297 Toni (horcht auf).
515 1227 2259 1341 mit Euch (zu ihren Eltern gewandt) gesprochen —? Gleich damals.
2573 1258 3410 1367 Kind (laut weinend). Mama!
662 1288 2259 1420 Ferdinand. Er hat es selbstverständlich nicht gewagt
2575 1339 3092 1442 Toni (läuft hinein).
2152 1365 2264 1457 da-
664 1370 2029 1516 Toni. Es hätt' uns... nicht viel geholfen
2575 1372 3399 1512 Adolf. Was hat sie denn
2577 1475 3158 1562 Betty. Das Kind
526 1464 688 1576 mals
752 1494 835 1547 " "
666 1481 2266 1628 Adolf. Immerhin — ich muß mich selbst fragen,
2581 1503 3710 1635 Toni (kommt rasch.) Gnädige Frau
528 1586 2270 1678 warum unser armer Hugo damals nicht wenigstens den
2575 1606 3223 1709 Betty. Was giebt’s?
528 1654 2272 1757 Versuch gemacht hat, wenn er es überhaupt ernst mit Ihnen
2575 1626 4109 1777 Toni. Das Kind... ich weiß nicht was das ist
528 1716 2275 1830 meinte. Wer weiß, wozu ich mich unter diesen besonderen
2838 1727 3808 1830 (Toni, Betty ab; Franziska rasch nach.)
2573 1773 4198 1889 Adolf. Wie sie alle an das Kind hängen, sehen Sie,
530 1792 1354 1922 Umständen entschlossen hätte.
2439 1871 4056 1966 Doctor, es ergreift mich, — ich kann mir nicht helfen.
677 1817 1972 1968 Betty. Damals... wohl zu nichts, Adolf.
2588 1937 3870 2055 Franziska (kommt rasch in höchster Aufregung.)
671 1946 1832 2023 Toni. Das hat der Hugo auch gesagt.
677 1959 2275 2139 Adolf. Es scheint, man kennt mich in meinem eigenen
2590 2012 3020 2095 Adolf. Nun?
2599 2007 4201 2163 Ferdinand. Ich hab's ja gewußt... es ist wirklich
537 2073 1240 2193 Hause nicht vollkommen.
684 2115 2285 2250 Ferdinand. Wer sagt uns denn, daß es Hugo's
2441 2152 2616 2250 krank
2586 2158 4214 2303 Toni (rasch herein, saßt Ferdinand beim Arm, flehend). Herr
539 2204 1650 2321 Absicht war, sich für immer zu binden.
677 2253 2049 2364 Toni (sehr heftig). Wir haben ein Kind gehabt!
2770 2281 3784 2369 bitte kommen Sie — kommenn Sie
2443 2279 2680 2391 Doctor
2811 2325 3857 2417 (Toni, Ferdinand, gleich darauf Adolf ab.
677 2327 2288 2445 Betty. Es ist jetzt auch gar nicht an der Zeit, über
2597 2378 4231 2494 Franziska (allein). Mein Gott, mein Gott — Du
543 2399 2290 2509 diese Dinge nachzugrübeln, nachdem unser Hugo nicht mehr
2448 2461 3653 2597 wirst uns doch den Franzl nicht nehmen!
543 2485 2292 2573 unter uns ist. Für mich soll es nicht anders sein, als wären
552 2544 2209 2658 Sie seine Frau gewesen. Kommen Sie, Toni, kommen Sie
3158 2564 3530 2678 (Vorhang.)
688 2592 2290 2726 Franziska. Sie gehören zu uns, Toni, Du gehörst
552 2706 784 2814 zu uns.
679 2728 2294 2855 Betty. Und was immer geschehen sein mag, — es
548 2831 1792 2923 war sein Wille! (Streckt ihr die Hand entgegen.)
686 2895 1830 3004 Toni (küßt ihr die Hand). Gnädige Frau
695 2956 1922 3066 Betty (umarmt sie). Ich bin Ihre Mutter!
701 3044 1593 3162 Adolf (streckt ihr die Hand entgegen)
688 3114 1214 3215 Toni. Herr...
2117 3158 2299 3252 „Herr
1632 3120 2069 3265 Vielleicht gar
699 3175 1367 3267 Adolf. Was „Herr“
925 3247 2301 3364 -nennen Sie mich immerhin Vater. — Jawohl, Vater
2976 3230 3745 3366 Als Manuscript gedruckt.
554 3250 874 3355 Professor“.
561 3318 1069 3431 nennen Sie mich!
