4744 4104
3197 391 3301 512 39
1238 472 1408 602 38
3058 518 3451 653 2. Auftritt.
618 613 2235 732 Lulu (kommt sehr rasch und lärmend von links, so daß Toni leicht
2846 635 3691 766 Toni. Kind. Lulu. Agnes.
494 677 2235 807 zusammenfährt Er hat den Hut auf dem Kopf und Schulbücher unter
490 737 2237 860 dem Arm. Wie Toni sieht, daß Lulu auf das Kind zuläuft, lächelt sie).
2528 735 4137 869 Agnes (ist vor einigen Sekunden rechts vorn eingetreten, ungesehen
1968 783 2151 882 - Na!
2387 805 4148 931 von den anderen. Sie ist dunkel gekleidet, nicht Trauer. Sie scheint bewegt
624 801 1911 920 Lulu (mit kindischer, aber echter Zärtlichkeit). Bubi!
2396 885 3870 1026 und, während sie das Kind betrachtet, wie in Andacht versunken).
488 907 1244 1037 Was macht denn’s Bubi?
2531 935 4150 1070 Lulu (durch den Blick des Kindes aufmerksam gemacht, wendet sich
629 969 1750 1090 Toni. Also, Franzl, schön antworten.
2396 1037 3356 1156 hin, erblickt Agnes, steht auf). Agnes!
629 1063 1112 1169 Kind. Spielen.
644 1079 2235 1240 Lulu. Wart', ich spiel' mit. (Ist bereit, seine Bücher weg
2535 1114 3014 1216 Toni (erhebt sich).
2542 1125 3799 1264 Agnes (verlegen). Was thust Du denn da?
503 1233 704 1322 zulegen.
2542 1247 3453 1348 Lulu. Ich erzieh' den Buben.
633 1213 2133 1383 Toni. Mußt Du nicht in die Schule gehen, Lulu
2544 1249 4165 1414 Agnes (geht auf Toni zu, reicht ihr die Hand). Ich heiße Agnes
638 1328 2253 1452 Lulu. Ich komm' schon noch zurecht. (Zum Kind mit etwas
503 1397 2255 1522 ungeschickter Kindlichkeit.) Ja! Lulu muß immer lernen! — Kann
2403 1394 2634 1502 Winter.
2548 1427 3488 1586 Toni (nickt). Ich kenne Sie ja.
523 1491 1249 1608 nicht spielen, wie's Bubi.
3069 1500 3523 1595 (Verlegene Pause.
2555 1566 3914 1686 Lulu. Du bist lange nicht dagewesen, Agnes
646 1551 1677 1686 Toni. Spielt aber g’rad’ so gern.
640 1600 2270 1745 Lulu. Geh! (Zum Kind.) Was hast denn da? (Nimmt
2561 1639 3823 1756 Agnes (hat den Blick immer auf das Kind gerichtet).
516 1699 2255 1820 einen kleinen Wurstel, der vor dem Kinde liegt, in die Hand.) Den kenn
2555 1727 3047 1833 Lulu. Seitdem
2568 1761 3656 1891 Agnes (leise). Ich hab nicht können.
525 1805 856 1919 ich ja nicht.
2568 1829 4168 1948 Lulu (kindisch, weiß nicht, wie sich benehmen, zum Kind). Sag
885 1844 1922 1988 Die Franzi hat mir 'n mitgebracht.
2431 1895 4179 2032 dem schönen Fräulein guten Tag! — So! — Kennst Du das
653 1884 841 1988 Kind.
896 1917 2259 2065 So? — Weißt Du schon, was der Alles kann
653 1970 838 2058 Luln.
2440 2010 2921 2125 schöne Fräulein?
653 2028 1293 2133 Kind (schüttelt den Kopf).
896 2085 2277 2202 So sei doch nicht so dumm, Bubi! Wenn man
2575 2080 2928 2175 Kind (nickt).
2581 2100 4190 2222 Lulu (hat seine Fassung wieder). Du mußt nicht zu allem
660 2116 852 2215 Lulu.
2440 2164 4196 2308 ja sagen - Er ist so dumm, Agnes! Das schöne Fräulein
549 2186 1745 2292 was kriegt, so muß man's doch probiren.
662 2226 2054 2352 Toni. Das kann er doch nicht verstehn, Lulu.
2436 2275 3020 2405 da kennst Du nicht.
673 2325 2264 2445 Lulu. Paß nur auf, wie ich's ihm erklär’! (Zum Kind.
2584 2328 3506 2440 Kind (mit großen Augen). Oh ja.
549 2411 2277 2539 So, nimm den Wurstel einmal in die Hand. (Kind nimmt ihn.
2588 2414 3208 2522 Toni (nickt). Gewiß.
2592 2462 3755 2592 Lulu (versteht allmählig. Leise). Ja richtig.
713 2473 1617 2599 Jetzt drück’ ihn da am Magen.
543 2502 668 2601 So.
2595 2506 3932 2636 Agnes (nickt und sieht Toni an, die den Blick erwidert).
677 2557 1513 2678 Kind (drückt, der Wuxstl quietscht).
2597 2564 4205 2709 Lulu (altklug). Was sich so kleine Kinder alles merken!
680 2621 2043 2740 Lulu. Na, siehst, Bubi. Also kann er 'was?
2599 2636 4203 2791 Toni (drückt das Kind an sich und verbirgt ihr Gesicht auf seinem Haupt)
2599 2734 4207 2875 Lulu. Du, Agnes, ich muß jetzt geh'n. Wir haben näm-
688 2727 1035 2820 Kind. Ja.
693 2786 1352 2897 Lulu. Was kann er?
2460 2817 3162 2934 lich Schul' — griechisch.
684 2831 1743 2974 Toni. Na, was kann der Wurstel?
2601 2875 3468 2998 Agnes (den Blick auf Toni, nickt).
2606 2892 4225 3089 Lulu (nimmt Agnes bei Seite). Weißt, was die mir gesagt
697 2945 1205 3047 Kind. Sprechen.
686 2994 2301 3126 Lulu (unzufrieden). Wieso denn? Das ist doch nicht
2467 3036 2678 3155 haben?
565 3082 1659 3208 „Sprechen". Sagt er Papa, Mama?
2614 3060 3303 3208 Agnes (zerstreut). Wer?
2608 3078 4236 3263 Lulu (mit einer Kopfbewegung nach links). Na, die... die
693 3181 1101 3272 Kind. Nein.
2460 3192 4234 3358 behandeln mich noch immer, als wenn ich in der ersten wär'.
693 3195 2195 3384 Lulu. Also: quietschen thut er. (Er drückt.) Hörst?
2967 3278 3729 3420 Als Manuscript gedruckt.
