3464 4184
214 278 1065 584 8. Mr. Salor
275 495 868 787 gutsatzt.
360 573 2022 896 Er bildet sich so können Sache sein
326 750 3033 1204 Ja je n'est ai eu Voussard. Baréol et faut
339 807 899 1045 Sen geliebt
332 1191 811 1404 mail.
356 1136 2653 1540 Seit doch nicht so das in solche Kinde!
353 1452 1662 1713 Ia... Ma jell sie fol.
387 1547 2836 1957 Ich selbst. Die wohnh noch. Je am 5 gros
343 1886 723 2097 Stadt
424 1893 2449 2222 " Korn rasch ja wir auf ein Rach
455 2130 1910 2449 nicht da Nubermädte.
271 2361 2002 2656 9... der Schwester ud Stukken.
366 2449 3101 2816 worin keu enim t p og ik.  H macht i als
353 2758 1859 3030 Antschen. (Bein Faltes.)
336 2833 3043 3270 Anst: Es ist auch vergleich ihr in recht mehr an
424 3233 868 3498 wacht
363 3372 2195 3701 10. - Dr Vala is at beliebte..
743 3582 2202 3935 = noch bewusstlos.
512 3654 716 3918 9ry
