4744 4136
1192 531 1316 659 76
519 684 2127 788 Adolf. Sei ruhig, meine liebe Betty. Man wird ihr
386 759 1685 857 eine Rente aussetzen, solang sie sie benöthigt.
519 819 2140 944 Betty. Nein — nein: das war es nicht, was Hugo
375 901 1026 1015 von uns verlangt hat!
524 928 2149 1052 Ferdinand. Gnädige Fran, Alles, was Hugo gewollt
384 1012 2138 1128 hat, haben wir leider mit dem Kleinen begraben müssen. Das
400 1101 2127 1199 ist doch ziemlich klar. Was soll diese Person jetzt noch hier
402 1163 2136 1274 Heut' ist sie nichts anderes als manche andere, die Sie gewiß
391 1252 1518 1348 nicht in Ihr Haus aufnehmen möchten.
524 1281 2009 1432 Adolf. Es ist beinahe wie ein Fingerzeig Gottes.
515 1383 1447 1487 Betty. Sag' das nicht, Adolf
524 1414 2142 1536 Adolf. Wie Du willst, liebe Betty. Aber wenn wir
382 1510 2136 1643 die Sache genau nehmen, so haudelt es sich nur darum,
480 1587 1450 1694 daß sie wo anders wohnen wird.
528 1638 2153 1747 Ferdinand. Ganz richtig. Ich weiß auch garnicht
384 1725 2151 1814 recht, gnädige Frau, wie Sie sich den weiteren Aufenthalt
391 1807 2156 1876 Toni's bei Ihnen vorstellen. Wir wissen doch alle, daß die
386 1849 2151 1943 Trauer junger Wittwen — wenn ich hier schon diesen Aus¬
386 1925 2149 2022 druck anwenden darf — nicht ewig zu währen pflegt... und
393 2000 2158 2096 es wäre doch uns allen — und insbesondere Ihnen, der
391 2078 2160 2202 Mutter, in hohem Grade peinlich, wenn sozusagen unter
400 2147 790 2244 Ihren Augen
519 2173 2022 2291 Betty (ziemlich heftig). Nein, nein, so ist Toni nicht.
531 2273 2162 2382 Adolf (überlegen). Betty! Was glaubst Du denn eigent¬
613 2338 2149 2458 Sie wird ewig um ihn weinen? Es ist doch auch
393 2353 522 2444 lich?
395 2411 1050 2533 garnicht zu verlangen:
533 2491 981 2580 Betty. Adolf!
531 2509 2153 2682 Adolf. Mein Kind — man muß die Dinge nehmen,
393 2595 746 2722 wie sie sind.
533 2660 2151 2782 Ferdinand. Ich versichere Sie, gnädige Frau, es wird
393 2746 2151 2870 Ihnen nur angenehm sein, wenn Toni die Besuche, die ihr
406 2817 2149 2928 gelten, nicht in Ihrem Hause, sondern bei sich empfängt; es
395 2886 2160 3021 wäre Ihnen möglicherweise bei genauerer Betrachtung schon
400 2977 872 3088 heute angenehm.
539 3013 2131 3121 Betty. Was meinen Sie, Doctor?... Gustav? —
400 3099 1110 3203 Er war Hugo's Freund.
546 3152 2167 3270 Ferdinand. Sie deuten meine Worte falsch, gnädige
408 3259 2162 3337 Frau. Gustav war der beste Freund Hugo's, und es ist nur
400 3321 2164 3394 natürlich, daß er oft mit ihr zusammen gewesen ist. Man
400 3381 2162 3505 darf nicht gleich an das Aergste denken. Solche Weiber sind
2382 575 4158 761 im Allgemeinen auch zu vorsichtig. Es steht Zu viel für sie
2378 668 4160 799 auf dem Spiel. — Jetzt freilich ist Hugo todt, und sie ist
2393 788 2848 912 jung und schön.
2531 810 4162 966 Betty (viel schwächer). Nein — sie wird meinen Sohn nie
2382 932 2657 1048 vergessen.
2493 928 4178 1068 -Adolf. Du hast ideale Ansichten, mein Kind. Erhalte
2409 1021 4167 1159 sie Dir. Aber Du wirst gewisse Naturgesetze nicht umstoßen
3854 1063 4165 1154 — und ich
2404 1103 3790 1214 Das ganze ist für uns einfach eine Geldfrage
2402 1157 4185 1283 werde die Sache noch heute in Ordnung bringen. Ja, wir
2402 1225 4185 1372 werden noch heute — jetzt, wenn sie zurückkommt, weiden wir
2402 1343 2819 1434 mit ihr reden.
2540 1348 4189 1530 Betty. Nein, ich kann ihr nicht sagen, daß sie gehen
2555 1487 4182 1627 Adolf. Das ist auch gar nicht nothwendig. Ich werd
2411 1445 2546 1596 soll.
2418 1565 4182 1696 es ihr sagen. Ich werde ihr einfach die Sachlage der Wahr¬
2411 1658 3272 1807 heit gemäß auseinandersetzen.
2560 1698 3998 1836 Betty. Was? Was willst Du ihr denn sagen
2566 1774 4209 1916 Adolf. Ich werde ihr sagen, daß unsere Landwohnung
2426 1889 2775 1996 zu klein ist.
2577 1869 4216 2040 Ferdinand. Da ich nun doch schon ein gewisses Recht
2440 1982 4214 2127 zu haben glaube, mich zu den Ihrigen zu zählen, lassen Sie
2622 2036 4216 2207 auch die Pflichten tragen. Ich will gern mit ihr
2440 2098 2580 2189 mich
2582 2164 4220 2324 Betty. Sie werden zu hart sein, Doctor. Sie haben
2418 2171 2617 2287 reden.
2451 2300 3004 2429 sie nie lieb gehabt.
2580 2311 3650 2449 Ferdinand. Ich werde milde sein.
2584 2384 4227 2517 Betty. Sie soll nicht gleich gehen. Ich will noch mit
2446 2449 4222 2586 ihr sprechen, bevor sie geht. Ich will ihr sagen, daß sie uns
2458 2529 4143 2662 nicht verliert, daß sie immer Freunde an uns haben wird
2600 2577 4231 2717 Adolf. Gewiß. Sie kann auch ohne weiteres heute
2464 2651 4227 2799 Nacht hier schlafen. Auch die nächste Woche. Ueberhaupt
2475 2722 4240 2862 so lange, bis sie eine andere Wohnung gefunden hat — wir
2489 2826 3383 2977 sind ja ohnehin nicht mehr da.
3148 2981 3576 3150 10. Auftritt.
2751 3112 3998 3266 Adolf. Betty. Ferdinand. Emma (kommt).
2628 3190 4149 3350 Emma. Guten Abend. Ich habe wohl gestört?
2495 3283 3903 3439 (Pause. Mit einem plötzlichen Gedanken.) Wo ist Toni?
2988 3361 3758 3508 Als Manuscript gedruckt.
