4824 4088
1391 457 1598 604 32 —
723 547 2312 725 Hugo. Du hättest ihn nicht mitgehen lassen sollen
585 670 2303 800 Schau, ich hab' Dich so gebeten. Die Buben sind zu wild
591 747 2314 855 Er verträgt das Herumhetzen nicht... (Zu Betty.) Siehst Du,
591 798 2329 932 Mama, wie sie ist. Sie ist wirklich noch wie ein Kind. Man
589 905 2070 1009 kann sich so garnicht — da läßt sie den Kleinen —
723 969 2318 1090 Toni (hat nicht verstanden). Was denn? (Auch zu den anderen
591 1055 820 1158 gewandt.)
716 1075 1488 1209 Hugo. Bring' ihn gleich.
714 1116 2343 1301 Toni. Laß mich doch bei Dir. Ich darf doch hei ihm
585 1257 905 1360 bleiben? —
730 1297 2336 1406 Hugo. Du wirst immer hier bleiben. — Man wird
600 1367 2338 1472 Dich hier halten, als wärst Du meine Frau gewesen — ver-
591 1435 2340 1565 laß Dich drauf... (Zu seiner Mutter gewendet.) Sie ist mir so¬
585 1488 2310 1615 viel gewesen, sie ist mir mehr gewesein, glaub' mir Papa".
730 1567 2336 1694 Toni. Um Gotteswillen, Hugo! Was sprichst Du denn?
730 1655 2314 1743 Hugo. Aber es muß in Ordnung kommen, bevor.
602 1690 2329 1815 Sie haben mir's schon versprochen, Toni, aber ich muß Euch
598 1780 2347 1877 da sehen.. da. — Und ich will den Buben noch einmal,
598 1844 2347 1976 ja meinen Buben will ich noch einmal küssen, bevor — Geh,
600 1947 877 2041 geh, geh!
734 1978 1613 2105 Toni (auf ihn gebeugt). Hugo -
754 2009 2360 2167 Franziska. Bitte, Fräulein, gehen Sie schnell, damit
615 2112 2351 2283 Sie... damit Sie... (führt sie fort, beinahe schluchzend.).. damit
598 2211 1224 2305 Sie ihn noch finden!
747 2281 1340 2419 Toni (rasch, hastig ab).
1272 2474 1712 2615 15. Auftritt.
609 2536 2356 2701 Hugo (völlig bewußtlos). Betty (neben ihm). Franziska (kehrt zum
615 2668 2362 2789 Divan zurück). Adolf (hastig hin und her). (Gleich darauf) Lulu. (Ein
949 2725 2041 2872 wenig später) Doctor Ferdinand Schmidt.
756 2833 1272 2940 Lulu (stürzt herein).
754 2909 1270 3013 Betty. Pst! pst!
758 2973 1422 3079 Lulu. Was ist denn?
763 3028 2380 3136 Adolf. Es ist unverantwortlich, daß Ihr nach keinem
639 3090 2389 3206 Professor geschickt habt. Grubner wäre gleich gekommen; hättet
622 3169 2384 3283 Ihr ihm einfach sagen lassen: Professor Losatti läßt ihn
639 3270 804 3380 bitten.
754 3276 1954 3457 Franziska. Da ist Doctor Ferdinand.
3292 411 3450 516 33
2626 532 4246 653 Ferdinand (tritt rasch ein, streift den Handschuh ab, legt den Hut
2501 602 4252 749 auf den Schreibtisch). Nun, was ist den eigentlich geschehen? (Rasch
2485 721 2918 820 zum Divan hin.)
2641 727 4142 857 Adolf. Gott sei Dank, lieber Doctor, daß Sie
2646 831 4257 941 Ferdinand (hält den Puls). Vor allem bitte ich um Ruhe..
2516 890 4265 1011 Es wäre überhaupt wünschenswerth, wenn nicht so viele...
2496 938 4263 1086 Lulu, geh hinaus, Dich können wir durchaus nicht brauchen.
2659 1042 3395 1147 Betty (winkt Lulu zu gehen).
2652 1116 3257 1220 Franziska. Nun?
3340 1112 4206 1275 Hugo Hörst Du, Hugo!
2663 1182 3290 1292 Ferdinand. Hm —
2523 1261 2931 1367 Reagut nicht.
2668 1257 4281 1413 Betty. Noch vor einer Minute war er bei Bewußtsein.
2666 1356 4287 1488 Adolf. Ja — ganz klar — und seitdem diese Person
2525 1461 2804 1560 da war
2683 1496 3529 1620 Ferdinand. Wer war da?
2683 1593 3503 1677 Adolf. Ein Frauenzimmer.
2677 1657 3397 1756 Betty." Seine Geliebte.
2688 1672 4290 1837 Ferdinand. Das ist aber doch eigentlich unerhört.
2545 1778 3865 1903 Ja, warum hat man sie denn hereingelassen?
2694 1857 3589 1965 Betty. Er hat es gewünscht.
2712 1910 4311 2037 Ferdinand. Ah, ich begreife gewisse Stimmungen sehr
2543 1993 4125 2112 gut; aber wenn ich hier schon als Arzt reden darf...
2707 2061 3756 2176 Adolf. Sie müssen als Arzt reden.
2712 2134 3659 2248 Ferdinand. Und als Freund
2701 2204 3384 2312 Adolf. Nun, Doctor?
2716 2217 4331 2384 Ferdinand. Man hätte nicht nachgeben sollen; diese
2567 2336 3797 2461 Aufregung war zum mindesten überflüssig.
2729 2351 4340 2503 Adolf. Na, also... was hab' ich gesagt? Der simpelste
2584 2485 3769 2589 Menschenverstand muß so etwas einsehen.
2731 2481 4340 2633 Betty. Er hätte sich mehr aufgeregt, wenn wir ihm
2611 2591 4340 2718 diesen Wunsch nicht erfüllt hätten. Er glaubt, es ist sein
2591 2699 3015 2808 letzter Wunsch.
2736 2712 4232 2850 Ferdinand. Letzter Wunsch... letzterWunsch...
2742 2819 4355 2914 Betty. Ich weiß schon, daß es vielleicht sein letzter war.
2753 2857 4353 3000 Ferdinand. Wer kann das sagen? Niemand! Hat
2617 2923 4364 3070 sich vielleicht der Arzt. der ihn hieher gebracht hat, bestimmt
2611 3013 4364 3131 über die Prognose ausgesprochen? Wenn ja, muß ich sagen,
2604 3070 4371 3215 er ist — nun, um mich nicht stärker auszudrücken, — voreilig
2611 3184 2888 3318 gewesen.
3105 3200 3903 3375 Als Manuscript gedruckt.
2712 3323 3087 3430 Das Vermächtnis.
