4552 3992
1077 396 1159 527 90
405 489 2024 657 Franziska. Nein, sie war nicht die Sünde — es ist
263 615 2036 737 nicht wahr — so schaut die Sünde nicht aus. Was einen
270 688 2018 796 guten Menschen so glücklich macht, kann nicht die Sünde sein
268 759 2022 872 Wie das Glück... wie die Freude eines Andern haben Sie
274 823 2013 940 sie gehaßt, weil Sie Alles hassen, was heiter und frei ist,
270 892 2024 991 wie Sie auch unsern Hugo gehaßt haben. — Ich verstehe
277 960 2024 1064 Sie... ich verstehe Sie so gut. Gehen Sie, ich bitte Sie
270 1029 1555 1139 darum... es ist mir entsetzlich, Sie zu sehen.
403 1089 1858 1201 Adolf. Franziska, Du bist in einer Weise erregt
405 1159 2022 1270 Ferdinand (Adolf ins Wort fallend). Es ist jetzt nicht Zeit,
268 1235 2029 1341 darauf zu erwidern. Gestatten Sie mir, daß ich mich vor¬
270 1310 1449 1427 läufig entferne. Ich will nicht — Adieu
412 1350 2016 1496 Adolf (zu Ferdinand). Warten Sie gefälligst im Haus
266 1438 1549 1580 thor auf mich. Sie müssen mit mir fahren.
412 1529 909 1662 Ferdinand (ab).
925 1624 1356 1768 16. Auftritt.
754 1737 1542 1885 Adolf. Betty. Franziska.
412 1845 2029 1962 Betty. Verzeih', mein Kind, wir haben in ganz anderer
274 1927 1504 2069 Absicht -- wir konnten nicht ahnen... —
409 1982 2027 2113 Adolf (plötzlich, nachdem er auf= und abgegangen, stehen bleibend).
272 2049 2033 2168 Man bittet sein Kind nicht um Verzeihung. Man will das
270 2137 2027 2239 Beste seines Kindes. (zu Franziska.) Was waren das für un¬
268 2197 2020 2301 erhörte Dinge, die Du dem Doctor gesagt hast! Was wird
274 2261 2024 2365 er von Dir denken? Und ich erkläre Dir: Ich fühle mich
279 2347 2038 2436 vollkommen unschuldig — Auch wenn diese Person ihren
285 2398 2024 2518 hysterischen Vorsatz ausgeführt haben sollte. Ich sehe ja mit
290 2482 2040 2589 Schrecken, was durch diesen Verkehr schon alles in Dir an¬
285 2538 2036 2655 gerichtet worden ist... „die Freude... das Glück der
283 2615 2016 2717 andern... keine Sünde — so schaut die Süde nicht aus.
279 2675 2038 2783 Woher willst Du wissen, wie die Sünde ausschaut? — Man
301 2766 2040 2867 sieht ja nun, was herauskommt, wenn man einmal über
294 2814 2044 2932 gewisse Dinge sich hinwegsetzt und sich mit Geschöpfen ein-
290 2881 2040 2989 läßt, die — nicht zu uns gehören! Was hat man am Ende
292 2951 1954 3071 davon? Nichts als Skandal! Die Leute höhnen einen aus
290 3027 2031 3131 und zum Schlusse kommen noch solche Absurditäten. Ich,
285 3109 2036 3213 der Professor Losatti, muß jetzt auf die Polizei gehen, an¬
285 3186 2033 3292 zeigen, daß die Geliebte meines verstorbenen Sohnes ver¬
283 3259 1465 3390 mißt wird. Es ist einfach empörend...
2390 462 3246 626 Franziska. Papa! Papa!
2383 564 3580 675 Betty. Adolf, hast Du denn kein Herz!
2390 591 4002 748 Adolf. Herz genug. Mehr Herz als Ihr alle. Eine
2252 686 4005 814 Rente hab' ich ihr aussetzen wollen — hat sie mir vielleicht
2255 777 4000 872 nicht geglaubt? Oder will sie durch diese (Beim
2257 839 3932 971 Fenster.) — Da ist der Wagen. Adieu. Ich gehe. — Nun
2257 881 3996 1013 vielleicht bin ich noch würdig, von meiner Tochter die Er¬
2266 962 4011 1100 widerung auf meinen Gruß zu bekommen. Es scheint beinahe,
2261 1038 4013 1155 man hat Lust, mir die Verantwortung aufzulasten — ah, da
2268 1093 4016 1221 werd' ich schon ergebenst... Das ist der Lohn! ja, das ist
2268 1170 4025 1350 der Lohn! das erlebt man an seinem eigenen Kinde! (Er geht
2259 1281 2558 1385 erbittert ab.)
2947 1341 3352 1498 17. Auftritt.
2878 1462 3414 1602 Betty. Franziska.
2398 1578 3584 1677 Betty. Mein Kind, mein liebes Kind!
2414 1615 3879 1746 Franziska (mit gerungenen Händen). Hugo! Hugo!
2414 1644 4040 1810 Betty. Es ist ja noch — man kann sie noch finden
2416 1752 4053 1894 Franziska. Nein — nein... wir werden sie nicht
2272 1828 4051 1965 mehr sehen. — Alle.. alle sind jetzt fort von uns — Hugo,
2286 1909 4051 2027 das Kind, sie... sie sind alle zusammen... in diesem Augen-
2286 1962 4051 2137 blicke vielleicht geht sie zu ihnen. Und auch wir, Mama, sind
2292 2084 2770 2188 schuld, auch wir
2418 2097 3976 2274 Betty. Ich vielleicht... ich hätte — aber Du nicht
2290 2224 2569 2321 Du nicht
2443 2204 4062 2381 Franziska. Auch ich, Mama, ich fühle es so tief.
2294 2299 4067 2454 Wir sind feig gewesen, wir haben es nicht gewagt, sie so lieb
2294 2392 4071 2533 zu haben, wie sie es verdient hat. Gnaden haben wir ihr
2303 2456 4064 2580 erwiesen, Gnaden — wir! — Und hätten einfach gut sein
2297 2569 2766 2699 müssen, Mama!
3009 2578 3350 2737 (Vorhang.)
3058 2715 3305 2825 (Ende.)
2799 3040 3595 3201 Manuscript not for sale.
3538 3137 4029 3259 Arthur Schnitzler.
