4712 4056
1262 443 1525 534 48 —
629 560 2246 684 Betty. Ja, Emma, der Bub' da giebt's mir wieder
496 662 2253 779 Nach und nach, durch solche Worte, wie jetzt, vom Garten,
512 717 2250 841 durch alles Mögliche, was er zusammenplauscht, dadurch, daß
507 799 2253 900 er überhaupt da ist, giebt er mir die Tage wieder, die mir
507 856 2261 966 mein Hugo nicht gegeben hat.] (Sie nimmt das Kind, herzt es.)
516 929 2250 1035 Ja, mein slißer, süßer Bub. [da sind sie!] Auf Deinen Lippen
505 999 2253 1119 in Deinen Augen, da sind alle die Tage, die mir der Hugo
518 1092 1037 1180 nicht gegeben hat!
653 1099 2268 1238 Emma (sehr bewegt). Glaub’ mir, Betty, in den Augen
527 1211 2270 1344 seiner Mutter fändest Du vielleicht noch mehr davon, wenn
518 1295 1319 1388 Du auch da suchen wolltest.
653 1326 2270 1436 Betty. Ja, das ist schon möglich. Aber da fände ich
514 1399 2281 1538 vielleicht vieles Andere, was ich nicht suche, und was ick nicht
525 1498 924 1600 finden möchte.
662 1549 2272 1650 Emma. Was denn? Was könntest Du da finden, was
525 1630 1253 1743 Du nicht finden möchtest?
651 1639 2083 1785 Betty. Wie kannst Du mich so fragen, Emma?
664 1741 2286 1871 Emma. Nun — was? — Daß sie Freuden und Schmerzen
525 1827 2292 1919 durchgemacht hat, von denen Du, meine liebe Betty, Dic
525 1878 2292 1994 wahrscheinlich in Deinem ganzen Leben nichts hast träumenlassen!
523 1946 2297 2065 Was denn sonst? Sie wäre ja ohne ihn möglicherweise
549 2032 2297 2127 was Schlechtes geworden — und wenn er gewollt, so hätte
532 2103 2301 2200 er selbst sie zu 'was Schlechtem machen können. Aber er hat
545 2173 2306 2279 sie zur Mutter seines Kindes gemacht, und so ist sie gut
541 2246 1798 2378 geworden. Du mußt sie lieb haben, Betty.
668 2314 1430 2418 Betty. Das thu' ich ja.
677 2363 2310 2475 Emma. Sie verdient es! — (Bewegt.) Ich weiß, was
543 2436 2299 2546 es heißt, einen geliebten Mann verlieren, als junge und ge¬
545 2502 2306 2610 liebte Frau. Alles verschmerzen wir, Vater und Mutter und
554 2575 2301 2678 Söhne — aber wenn uns der Geliebte gestorben ist, können
549 2659 2310 2742 wir nie wieder lachen, wie andere Frauen — da kommen
543 2729 2310 2822 immer wieder Tage, wo es ist wie am ersten Tag, — und
549 2804 2178 2899 an jedem Grab weinen wir doch wieder nur für ihn. —
1335 2857 1538 2956 (Pause).
704 2895 2312 3036 Betty. Ich muß jetzt so oft an ihn denken. Soll man
558 2996 1575 3120 nicht an eine Bestimmung glauben?
702 3060 1597 3170 Emma. Wie meinst Du das?
695 3120 2321 3252 Betty. Gerade die Beiden haben so früh von uns fort
554 3201 2319 3325 müssen — mein Bruder und mein Sohn, gerade die, die
565 3285 1344 3395 einander so ähnlich waren!
3124 388 3371 552 49
2506 534 3890 684 Emma. Ja, es war eine seltsame Aehnlichkeit.
2509 638 4132 759 Betty. Und beinah auf den Tag sind sie gleich alt
2381 737 2676 860 geworden.
2517 730 4143 889 Emma (in Sinnen). Besonders wenn Hugo am Klavier
2389 845 4135 986 gesessen ist!.. da war mir oft, als säh' ich Ihn wieder vor
2387 913 4137 1052 mir. Ich glaube fast, ich hab' ihn oft nur deswegen gebeten,
2378 1013 3062 1132 mir was vorzuspielen.
3064 1092 3451 1242 9. Auftritt.
2389 1211 4146 1388 Betty. Emma. Das Kind. Adolf (tritt ein, links vorn, hat ein
3005 1311 3530 1412 Päckchen in der Hand).
2542 1359 4148 1494 Adolf. Guten Abend! Guten Abend, Emma, wie
3660 1445 4148 1547 Na, was macht
2405 1478 3612 1588 geht's Dir denn? (Beugt sich zum Kind herab.
2405 1540 4150 1650 das Bubi? Was macht das süße kleine Bubi?.. (Liebkosung,
2407 1595 3945 1716 übertrieben.) Was hab' ich da dem Bubi mitgebracht?
2555 1657 3969 1791 Emma. Darf ich Dich um etwas bitten, Adolf?
2555 1741 3823 1844 Adolf. Stets zu Deinen Diensten, Emma.
2555 1769 4165 1930 Emma. Wenn Du dem Kind nicht so oft Bubi sagen
2416 1893 3605 1990 möchtest — es macht einen ganz nervös.
3691 1926 4157 2028 Na. (Zum Kind.
2564 1955 3614 2067 Adolf. Komisch bist Du, Emma,
2429 1997 4159 2144 Herr Hofrath, was glaubst Du, daß ich Dir mitgebracht hab'
2564 2083 4172 2186 Betty. Jeden Tag bringst Du ihm ‘was mit. (An Emma
2431 2151 4172 2310 gewandt.) Und dabei hat er eigentlich an nichts eine rechte
2436 2259 2656 2363 Freude.
2564 2250 4183 2394 Adolf. Das wird schon kommen. Wahrscheinlich haben
2436 2356 4187 2486 wir das Richtige noch nicht gefunden. Meiner Ueberzeugung
2438 2418 4192 2553 nach hat nämlich jedes Kind sein Spielzeug, dasjenige, dass
2447 2493 4190 2617 gerade seiner individualität... (Er hat das Päckchen geöffnet, nimmt
2447 2548 4196 2687 eine Trompete heraus.) Das gehört dem kleinen Franz! — Ja!
2447 2681 2793 2784 (Er trompetet.)
2588 2731 3179 2828 Kind (zuckt zusammen).
2581 2749 4198 2892 Emma. Das scheint schon wieder nicht das Richtige
2451 2884 2681 2981 zu sein.
2597 2877 3863 3025 Adolf. Wo ist denn übrigens die Mutter?
2599 2974 3951 3104 Emma. Warum sagst Du nicht einfach Toni?
3861 2998 4223 3135 Ah, das ist
2597 3062 3751 3168 Adolf. Ich sage ohne Weiteres Toni!
2692 3106 4082 3228 Na, da kennst Du mich schlecht. Wo ist Toni?
2467 3139 2595 3261 gut!
2870 3186 3912 3298 Sie ist — mit Franzi fortgegangen.
2592 3215 2806 3338 Betty
2961 3259 3724 3415 Als Manuscript gedruckt.
2544 3367 2910 3486 Das Vermächtnis.
