3432 4168
197 276 1103 550 Anfrage in Haus.
270 429 1427 740 die Mitte städt seien.
180 702 2741 1047 6. der verwärtet Albert und heragebuch
238 909 2326 1258 Er wollte in sein Hän u. J. Bett.
256 1054 2592 1438 De Cugt. Er läßt sich mit nicht lagen,
232 1262 2015 1631 der Schwähle. Der ganz Marieli
2039 1351 3021 1704 kam. zehin.
1835 1545 2005 1714 '   "
235 1490 1797 1804 Die Mutter des zur Müch¬
235 1697 1904 2060 wir sie sie ja nicht nur h..
294 1815 2592 2222 Ich will dir mit Mann als sprach.
325 2084 2056 2454 2. Albert. im Mutter.
328 2195 3080 2658 Ich werde sterben. Ich auch in Keruf habe. Ich
315 2582 961 2851 in Rind
384 2762 1376 2972 My wird sorgen
356 2803 3138 3190 Uhr den Inhabenheiten nicht führen. Mai delo
394 3066 1901 3321 nicht nicht, ich mit den wohl
401 3197 2419 3546 W willm Gebietl noch einen sehr
425 3484 1669 3778 Je wis ist der möglich
