3448 4168
444 318 2906 713 ich kommt zwar von Urlaub zurück
447 541 2900 997 davon ist er soit ihn konnten
557 921 1780 1272 nicht dagegen sei
557 1193 1826 1603 6 Kio Sorgers
468 1535 2603 1933 habe das sein alt gut zu mir
572 1826 2294 2312 Man soll ik for Rithfem
343 2028 578 2389 7.
1071 2141 3126 2594 tiefft die jetzt merke ich so ich die in
492 2426 1034 2676 (his
416 2618 1275 2918 ferngeheit hätte.
832 2756 2184 3016 August ist in wisyns, naer Capt.
752 2851 2835 3184 Dei kommt A. zurück. Für Spivre mit A. -
480 3157 1401 3417 Grist erklärt der mit
581 3310 1958 3585 lunnie knt sihretimit st
263 3331 349 3515 t
722 3499 2251 3732 Golt um u ihn:... Ich habet geliebt...
551 3643 2863 3934 – August Schlecht hat seines: Auslaste Wort.  Armee gaa
2095 3808 2839 3949 demeure monts
