4808 4104
1235 519 1548 674 — 34 —
667 663 2286 813 Betty. Doctor, er war nicht voreilig. Er (auf den Kranken
535 744 1646 884 weisend) fühlte es und ich fühle es auch.
678 800 2220 934 Ferdinand. Darauf ist durchaus nichts zu geben.
546 881 2290 1001 Hrn... Ist es nicht sonderbar! — Daß gerade die besten Reiter —
548 945 2286 1069 Ich kenne einen Fall; das war im vorigen Jahr, — auch zu
541 1016 1595 1126 der Saison etwa — da stürzte ein
683 1084 2286 1197 Betty (sieht ihn groß an, so daß er für einen Augenblick verwirrt
559 1168 1687 1277 schweigt. Sie geht langsam zu dem Kranken).
678 1219 1732 1339 Adolf. Doctor, was glauben Sie?
678 1272 2286 1392 Ferdinand. Ja... jedenfalls ist es eine schwere Er¬
565 1369 2030 1486 schütterung gewesen... wir werden ja weiter sehen.
676 1427 2297 1533 Adolf. Mein lieber Doctor, das ist ja entsetzlich! Was
548 1526 1036 1628 sollen wir thun?
691 1548 2074 1674 Ferdinand. Mein verehrter Herr Professor
548 1619 2249 1743 heutigen Abend habe ich mir allerdings anders vorgestellt.
700 1718 2293 1822 Franziska (plötzlich, als wenn sie jetzt erst zum Bewußtsein des
559 1776 1886 1895 Schrecklichen käme). Herr Doctor, retten Sie ihn
691 1818 2299 1948 Ferdinand. Wir können — nun ja, es ist eine Phrose
565 1915 2304 2030 aber sie ist wahr — wir können nur die Natur unterstützen.
689 1972 2293 2083 Franziska (nimmt Ferdinand bei der Hand). Das glaub
559 2045 2317 2169 ich nicht. Sehen Sie doch — jetzt lebt er... und athmet
702 2112 2317 2224 sein Herz schlägt. Wie wenn er schliefe, sieht er aus.
559 2182 2306 2286 Und da kann man nichts aufhalten, da muß man es so ruhig
557 2264 2304 2379 gehen lassen, ohne eine Hand zu rühren... muß sich er
565 2366 866 2458 geben...
716 2370 1767 2507 Ferdinand. Warten, nicht ergeben
709 2458 2249 2575 Franziska. Fällt Ihnen denn gar kein Mittel ein?
709 2540 1593 2642 Ferdinand. Es giebt keines.
702 2602 2341 2710 Franziska. So erfinden Sie eines. In welchem
572 2659 2328 2768 Augenblick soll man eines erfinden, wenn nicht in diesem. Ich
579 2745 2326 2858 bin überzeugt, wenn ich Arzt wäre, jetzt fiele mir etwas ein,
579 2829 1109 2935 was retten müßte.
713 2878 2328 3019 Ferdinand (Franziska's Hand fassend). Mein liebes Fräu¬
579 2940 2324 3052 lein, wäre es so, so wären wir mehr als gewöhnliche
583 3044 879 3147 Menschen.
733 3079 2251 3192 Betty (sieht ihn angstvoll an, wendet sich an Adolf). Adolf!
716 3143 2350 3262 Adolf. Nun?... Sehen Sie, Doctor, so ein Gesicht
583 3216 2339 3340 macht sie.“ Ist das nothwendig? Ich will ja niemandem
581 3284 2352 3410 einen Vorwurf machen — es wird sich alles — so Gott
581 3362 2352 3505 will - zum Besten wenden — aber nicht von mir ist die
2430 561 4208 718 Idee ausgegangen, daß der Junge sein Freiwilligenjahr bei
2445 694 3110 804 der Cavallerie abdient.
2600 724 3951 850 Betty. Er ist doch früher auch schon geritten
2600 789 4208 921 Adolf. Gewitz, gewiß, aber auf Pferden aus der Reit¬
2456 866 4219 998 schule. Nun ja — es war sein eigener Wunsch — und
2452 939 4217 1060 ich bin eben immer ein zu nachgiebiger Vater gewesen. Nun,
2463 1003 4225 1133 hoffentlich wird es ihm zur Lehre dienen, und er wird sich
2463 1071 3859 1237 abgewöhnen, Remonten in den Prater zu reiten.
2600 1118 4051 1270 Franziska. Papa, Papa, siehst Du denn nicht?
2613 1230 3390 1336 Betty. Doctor! Doctor!
2617 1255 4241 1394 Adolf. Nun?.. Jetzt stöhnt er. Ich bin zwar kein
2474 1363 3569 1491 Arzt; aber das ist ein gutes Zeichen.
2613 1438 3432 1553 Betty. Hat er Schmerzen?
2611 1484 4243 1608 Ferdinand. Das sind Laute, die nichts mit dem Be¬
2469 1575 3194 1712 wußtsein zu thun haben.
3150 1732 3587 1838 16. Auftritt.
2697 1807 4062 1957 Hugo. Adolf. Betty. Franziska. Ferdinand.
3033 1904 3708 2030 Arzt (kommt ziemlich rasch).
2642 1983 3700 2120 Betty (rasch auf). O, Gott sei Dank!
2642 2028 4263 2198 Ferdinand (gleichfalls auf ihn zu, stellt sich vor). Doctor
2505 2173 2761 2271 Schmidt.
2642 2184 4113 2319 Arzt (sich vorstellend). Bernstein. Nun, wie steht's?
2635 2260 4256 2383 Ferdinand. Ich bin vor einigen Minuten gekommen,
2496 2352 3527 2483 ich fand ihn bewußtlos... Puls
2642 2379 4281 2531 Arzt (hört nicht besonders auf ihn, geht schnell zum Divan, be¬
2511 2507 3044 2604 trachtet den Kranken).
2646 2536 4274 2677 Ferdinand (hat ihm unzufrieden nachgesehen und folgt ihm
2503 2639 2679 2732 dann).
3176 2710 3614 2847 17. Auftritt.
2611 2818 4166 2988 Hugo. Adolf. Betty. Franziska. Ferdinand. Arzt.
2905 2907 3892 3024 Toni (und) ihr Kind (kommen herein).
4013 2955 4292 3079 Ich bitte
2659 2955 3954 3147 Ferdinand (rasch hin). Was soll das sein?
2657 3117 4303 3260 Toni (mit dem Kinde rasch zum Divan. Plötzlich fast schreiend).
2538 3247 2953 3371 Er ist ja todt.
3033 3256 3821 3421 Als Manuscript gedruckt.
