3400 4120
1442 176 2912 421 Biluit Guilbert, Hamaissier
99 260 560 593 2. Apl
73 476 2001 801 1. Die Mutter und Himmes lutte.
282 552 2916 1109 at pd ihr June nof wth nnst betal.. o/u. C.H.
216 820 2945 1335 dieser Freunde sal gewünscht. Und ich betreien / die
249 1262 1434 1544 Anderk mea Vosu. -
2312 1240 2975 1573 Tällen.
304 1376 2312 1782 Duf Uhr seit hinzuhandelte. In guenist
1614 1559 2323 1833 e streit sie
296 1683 1592 2049 v... 9. ist jemlich... E.
293 1705 2781 2217 Sie will nun nicht zu bist halte.  Wohl die
315 2078 1822 2466 Miss Sir was an ihr?
340 2144 3040 2667 Nicht. Ich hat, das Strafe wohl zu viel verkehrt.
241 2528 2415 2942 2. Die Gebälle, der Kind... der Schwester.
348 2675 3106 3136 Dr Rie sich Royfrah. Wart. in Man auch der
348 2839 3136 3366 ist, 6, ich dir di... ich bis ich das sovnten jenen
381 3198 1548 3619 ber ist ein à dasselbe!
300 3498 3234 3878 3. Der Beruf als Arzt. zuweit. Wunth die Schriften
