<?xml version="1.0" encoding="UTF-8" standalone="yes"?>
<PcGts xmlns="http://schema.primaresearch.org/PAGE/gts/pagecontent/2013-07-15" xmlns:xsi="http://www.w3.org/2001/XMLSchema-instance" xsi:schemaLocation="http://schema.primaresearch.org/PAGE/gts/pagecontent/2013-07-15 http://schema.primaresearch.org/PAGE/gts/pagecontent/2013-07-15/pagecontent.xsd">
    <Metadata>
        <Creator>prov=READ-COOP:name=TrHtr:version=2.1.0:model_id=51170:date=29_07_2023_00:39</Creator>
        <Created>2023-05-10T12:04:11.445+02:00</Created>
        <LastChange>2023-07-29T00:39:12.363+02:00</LastChange>
        <TranskribusMetadata docId="1428183" pageId="55396854" pageNr="127" tsid="131387947" status="IN_PROGRESS" userId="64420" imgUrl="https://files.transkribus.eu/Get?id=FIEOHYAEIOIVLHRNHRFFQUWU&amp;fileType=view" xmlUrl="https://files.transkribus.eu/Get?id=IQCCWWIEFIVZEPYTBJDHBTPI" imageId="44671732"/>
    </Metadata>
    <Page imageFilename="1428183_0127.jpg" imageWidth="4664" imageHeight="4152">
        <ReadingOrder>
            <OrderedGroup id="ro_1711800727163" caption="Regions reading order">
                <RegionRefIndexed index="0" regionRef="tr_3"/>
                <RegionRefIndexed index="1" regionRef="tr_2"/>
                <RegionRefIndexed index="2" regionRef="tr_1"/>
            </OrderedGroup>
        </ReadingOrder>
        <TextRegion id="tr_3" custom="readingOrder {index:0;}">
            <Coords points="307,761 2071,761 2071,2084 307,2084"/>
            <TextLine id="tr_3_tl_1" custom="readingOrder {index:0;}">
                <Coords points="937,838 1047,862 1117,833 1194,866 1253,833 1266,847 1337,825 1359,833 1361,737 1251,719 1161,754 1117,732 1091,741 1053,728 1007,767 939,737"/>
                <Baseline points="949,826 961,826 1005,826 1050,823 1095,820 1140,823 1185,820 1229,820 1274,817 1319,814 1364,811"/>
                <TextEquiv>
                    <Unicode>12. Auftritt.</Unicode>
                </TextEquiv>
            </TextLine>
            <TextLine id="tr_3_tl_2" custom="readingOrder {index:1;}">
                <Coords points="435,952 624,943 719,992 1379,923 1475,959 1715,917 1752,952 1867,939 1869,842 1337,825 961,880 750,849 607,912 438,877"/>
                <Baseline points="447,946 486,946 531,943 576,943 620,943 665,943 710,940 755,937 799,934 844,934 889,931 934,931 979,931 1023,931 1068,931 1113,931 1158,925 1202,925 1247,925 1292,922 1337,925 1382,922 1426,922 1471,919 1516,919 1561,916 1605,916 1650,913 1695,913 1740,913 1784,910 1829,910 1874,910"/>
                <TextEquiv>
                    <Unicode>Toni. Ferdinand. (Im Anfang) Emma (und) Agnes.</Unicode>
                </TextEquiv>
            </TextLine>
            <TextLine id="tr_3_tl_3" custom="readingOrder {index:2;}">
                <Coords points="409,1064 1394,1022 1671,1047 1673,961 1376,943 1014,989 908,950 719,992 622,941 515,1000 409,998"/>
                <Baseline points="420,1038 465,1038 510,1038 555,1038 599,1038 644,1035 689,1032 734,1032 779,1032 823,1032 868,1029 913,1029 958,1029 1002,1026 1047,1026 1092,1023 1137,1023 1182,1023 1226,1020 1271,1017 1316,1017 1361,1017 1405,1017 1450,1014 1495,1011 1540,1014 1584,1011 1629,1008 1674,1008"/>
                <TextEquiv>
                    <Unicode>Toni (die eben eintritt, begegnet Emma und Agnes).</Unicode>
                </TextEquiv>
            </TextLine>
            <TextLine id="tr_3_tl_4" custom="readingOrder {index:3;}">
                <Coords points="420,1135 906,1126 967,1095 1495,1108 1511,1031 919,1064 422,1044"/>
                <Baseline points="432,1107 441,1110 486,1110 531,1107 576,1107 620,1104 665,1104 710,1104 755,1104 799,1104 844,1101 889,1098 934,1098 979,1095 1023,1095 1068,1092 1113,1092 1158,1089 1202,1089 1247,1089 1292,1086 1337,1086 1382,1086 1426,1083 1471,1083 1516,1080"/>
                <TextEquiv>
                    <Unicode>Toni (geht auf sie zu und küßt ihr die Hand)</Unicode>
                </TextEquiv>
            </TextLine>
            <TextLine id="tr_3_tl_5" custom="readingOrder {index:4;}">
                <Coords points="429,1207 2023,1163 2047,1069 429,1130"/>
                <Baseline points="441,1176 486,1176 531,1176 576,1176 620,1176 665,1176 710,1173 755,1173 799,1173 844,1173 889,1173 934,1170 979,1170 1023,1167 1068,1164 1113,1164 1158,1164 1202,1161 1247,1161 1292,1158 1337,1158 1382,1158 1426,1155 1471,1155 1516,1152 1561,1152 1605,1152 1650,1152 1695,1149 1740,1149 1784,1146 1829,1146 1874,1146 1919,1146 1964,1143 2008,1140 2053,1140"/>
                <TextEquiv>
                    <Unicode>Emma (will zuerst sprechen; dann fällt ihr Blick auf Agnes, die</Unicode>
                </TextEquiv>
            </TextLine>
            <TextLine id="tr_3_tl_6" custom="readingOrder {index:5;}">
                <Coords points="297,1275 1168,1240 1304,1288 1453,1227 2051,1233 2054,1170 299,1185"/>
                <Baseline points="310,1256 355,1256 399,1256 444,1253 489,1250 534,1250 579,1247 623,1247 668,1247 713,1244 758,1244 802,1241 847,1238 892,1235 937,1232 982,1229 1026,1229 1071,1229 1116,1226 1161,1226 1205,1226 1250,1226 1295,1226 1340,1226 1384,1223 1429,1226 1474,1223 1519,1220 1564,1220 1608,1217 1653,1217 1698,1214 1743,1211 1787,1211 1832,1211 1877,1208 1922,1208 1967,1208 2011,1205 2056,1205"/>
                <TextEquiv>
                    <Unicode>sie ängstlich anschaut). Kommen Sie bald zu uns, Toni! Leben</Unicode>
                </TextEquiv>
            </TextLine>
            <TextLine id="tr_3_tl_7" custom="readingOrder {index:6;}">
                <Coords points="295,1337 363,1326 380,1346 418,1317 477,1326 519,1346 602,1330 602,1253 580,1249 561,1262 515,1258 490,1280 427,1262 398,1271 380,1258 358,1271 339,1264 297,1275"/>
                <Baseline points="310,1322 337,1319 382,1316 426,1316 471,1316 516,1313 561,1313 605,1313"/>
                <TextEquiv>
                    <Unicode>Sie wohl!</Unicode>
                </TextEquiv>
            </TextLine>
            <TextLine id="tr_3_tl_8" custom="readingOrder {index:7;}">
                <Coords points="422,1401 484,1392 523,1414 622,1385 919,1376 1047,1396 1102,1376 1104,1291 1033,1317 970,1288 915,1328 831,1299 712,1299 534,1346 424,1321"/>
                <Baseline points="435,1382 477,1384 522,1384 567,1382 611,1379 656,1379 701,1379 746,1376 790,1376 835,1373 880,1373 925,1370 970,1370 1014,1364 1059,1364 1104,1367"/>
                <TextEquiv>
                    <Unicode>Agnes. Adieu, Toni!</Unicode>
                </TextEquiv>
            </TextLine>
            <TextLine id="tr_3_tl_9" custom="readingOrder {index:8;}">
                <Coords points="1150,1440 1308,1453 1354,1440 1374,1456 1460,1429 1502,1451 1587,1456 1686,1431 1689,1363 1636,1370 1609,1348 1572,1372 1508,1354 1427,1370 1319,1335 1262,1359 1152,1346"/>
                <Baseline points="1161,1432 1196,1432 1241,1432 1286,1432 1331,1429 1376,1429 1420,1429 1465,1426 1510,1426 1555,1426 1599,1423 1644,1420 1689,1417"/>
                <TextEquiv>
                    <Unicode>— (angstvoll) Agnes</Unicode>
                </TextEquiv>
            </TextLine>
            <TextLine id="tr_3_tl_10" custom="readingOrder {index:9;}">
                <Coords points="422,1486 460,1462 526,1482 620,1460 820,1478 915,1438 959,1462 1036,1447 1097,1478 1099,1379 811,1381 734,1403 704,1376 633,1423 591,1394 523,1414 484,1392 424,1398"/>
                <Baseline points="435,1450 477,1450 522,1450 567,1450 611,1447 656,1450 701,1447 746,1447 790,1444 835,1438 880,1438 925,1438 970,1438 1014,1435 1059,1432 1104,1432"/>
                <TextEquiv>
                    <Unicode>Toni. Gnädige Frau</Unicode>
                </TextEquiv>
            </TextLine>
            <TextLine id="tr_3_tl_11" custom="readingOrder {index:10;}">
                <Coords points="871,1533 919,1508 1011,1502 1038,1522 1216,1502 1247,1522 1306,1493 1361,1519 1383,1502 1423,1515 1447,1493 1467,1502 1469,1431 1370,1460 1266,1436 1069,1460 1020,1445 965,1464 917,1438 873,1458"/>
                <Baseline points="883,1504 892,1501 937,1498 982,1495 1026,1495 1071,1498 1116,1495 1161,1495 1205,1492 1250,1492 1295,1489 1340,1489 1384,1486 1429,1483 1474,1489"/>
                <TextEquiv>
                    <Unicode>(Emma und Agnes ab.)</Unicode>
                </TextEquiv>
            </TextLine>
            <TextLine id="tr_3_tl_12" custom="readingOrder {index:11;}">
                <Coords points="416,1601 2032,1577 2049,1495 1818,1460 1500,1517 418,1511"/>
                <Baseline points="429,1587 441,1587 486,1587 531,1584 576,1584 620,1584 665,1584 710,1584 755,1581 799,1581 844,1579 889,1576 934,1576 979,1576 1023,1576 1068,1573 1113,1573 1158,1570 1202,1570 1247,1570 1292,1570 1337,1570 1382,1570 1426,1567 1471,1567 1516,1564 1561,1564 1605,1564 1650,1561 1695,1558 1740,1558 1784,1555 1829,1558 1874,1558 1919,1555 1964,1555 2008,1555 2053,1558"/>
                <TextEquiv>
                    <Unicode>Toni. Warum sind sie so fortgegangen? (Will ihnen nach.)</Unicode>
                </TextEquiv>
            </TextLine>
            <TextLine id="tr_3_tl_13" custom="readingOrder {index:12;}">
                <Coords points="427,1669 1920,1660 2056,1629 2056,1574 429,1612"/>
                <Baseline points="438,1662 450,1662 495,1659 540,1656 585,1656 629,1653 674,1650 719,1650 764,1647 808,1650 853,1647 898,1650 943,1647 988,1644 1032,1644 1077,1644 1122,1641 1167,1641 1211,1638 1256,1638 1301,1638 1346,1638 1390,1635 1435,1632 1480,1632 1525,1632 1570,1629 1614,1629 1659,1629 1704,1626 1749,1626 1793,1626 1838,1626 1883,1623 1928,1623 1973,1620 2017,1617 2062,1617"/>
                <TextEquiv>
                    <Unicode>Ferdinand. Ich muß Sie bitten zu bleiben. (Toni</Unicode>
                </TextEquiv>
            </TextLine>
            <TextLine id="tr_3_tl_14" custom="readingOrder {index:13;}">
                <Coords points="471,1744 789,1724 932,1779 1513,1704 1849,1746 1950,1695 2062,1726 2065,1625 471,1678"/>
                <Baseline points="483,1725 528,1725 573,1725 617,1722 662,1722 707,1722 752,1725 761,1725 796,1719 811,1722 856,1719 901,1719 946,1719 990,1719 1035,1713 1080,1713 1125,1713 1170,1710 1214,1710 1259,1710 1304,1710 1349,1707 1393,1704 1438,1704 1483,1704 1528,1704 1573,1701 1617,1698 1662,1695 1707,1695 1752,1695 1796,1695 1841,1695 1886,1695 1931,1695 1976,1692 2020,1689 2065,1692"/>
                <TextEquiv>
                    <Unicode>sich zu ihm.) Ich habe mit Ihnen im Auftrage der</Unicode>
                </TextEquiv>
            </TextLine>
            <TextLine id="tr_3_tl_15" custom="readingOrder {index:14;}">
                <Coords points="295,1761 308,1761 325,1746 374,1748 385,1757 398,1746 411,1746 420,1755 433,1741 451,1739 453,1678 435,1673 422,1684 374,1682 358,1693 343,1686 339,1691 321,1689 308,1671 297,1671"/>
                <Baseline points="307,1734 322,1731 367,1731 411,1731 456,1728"/>
                <TextEquiv>
                    <Unicode>wendet</Unicode>
                </TextEquiv>
            </TextLine>
            <TextLine id="tr_3_tl_16" custom="readingOrder {index:15;}">
                <Coords points="306,1849 391,1849 466,1803 501,1818 543,1803 567,1821 591,1805 613,1825 728,1794 785,1816 827,1796 877,1803 880,1741 827,1748 778,1724 752,1748 688,1730 622,1757 574,1744 541,1757 462,1730 391,1761 310,1748"/>
                <Baseline points="319,1805 343,1799 388,1796 432,1796 477,1796 522,1796 567,1796 611,1796 656,1793 701,1790 746,1787 790,1784 835,1784 880,1784"/>
                <TextEquiv>
                    <Unicode>Familie zu sprechen.</Unicode>
                </TextEquiv>
            </TextLine>
            <TextLine id="tr_3_tl_17" custom="readingOrder {index:16;}">
                <Coords points="429,1871 932,1860 1099,1906 1233,1854 1374,1889 1631,1856 1634,1761 1449,1794 992,1744 794,1821 730,1792 627,1834 429,1810"/>
                <Baseline points="441,1865 474,1865 519,1859 564,1859 608,1859 653,1859 698,1859 743,1856 788,1853 832,1853 877,1853 922,1853 967,1853 1011,1850 1056,1850 1101,1850 1146,1850 1190,1850 1235,1847 1280,1847 1325,1847 1370,1844 1414,1844 1459,1841 1504,1838 1549,1835 1593,1838 1638,1835"/>
                <TextEquiv>
                    <Unicode>Toni. Sie haben mit mir zu sprechen —</Unicode>
                </TextEquiv>
            </TextLine>
            <TextLine id="tr_3_tl_18" custom="readingOrder {index:17;}">
                <Coords points="431,1950 528,1959 556,1939 712,1928 794,1952 851,1928 974,1931 974,1882 932,1860 882,1862 811,1900 770,1867 583,1871 536,1893 431,1876"/>
                <Baseline points="444,1934 465,1937 510,1931 555,1928 599,1928 644,1928 689,1925 734,1925 779,1925 823,1928 862,1925 889,1925 934,1922 979,1922"/>
                <TextEquiv>
                    <Unicode>Ferdinand. Ja.</Unicode>
                </TextEquiv>
            </TextLine>
            <TextLine id="tr_3_tl_19" custom="readingOrder {index:18;}">
                <Coords points="431,2018 712,2023 754,1999 860,2021 1084,1990 1227,2012 1313,1990 1315,1900 1264,1931 1106,1900 792,1952 719,1931 431,1952"/>
                <Baseline points="444,2002 468,1999 513,1999 558,1999 602,1999 647,1999 692,1996 737,1993 782,1990 826,1990 871,1990 916,1987 961,1987 1005,1987 1050,1987 1095,1987 1140,1984 1185,1981 1229,1981 1274,1978 1319,1978"/>
                <TextEquiv>
                    <Unicode>Toni. Man schickt mich fort?</Unicode>
                </TextEquiv>
            </TextLine>
            <TextLine id="tr_3_tl_20" custom="readingOrder {index:19;}">
                <Coords points="442,2098 2018,2062 2065,1970 444,2010"/>
                <Baseline points="453,2071 459,2074 504,2068 549,2068 593,2065 638,2065 683,2062 728,2059 773,2059 817,2062 862,2062 907,2059 952,2056 996,2056 1041,2056 1086,2053 1131,2053 1176,2050 1220,2050 1265,2053 1310,2050 1355,2047 1399,2047 1444,2047 1489,2044 1534,2044 1579,2044 1623,2044 1668,2041 1713,2041 1758,2041 1802,2041 1847,2038 1892,2041 1937,2041 1981,2038 2026,2032 2071,2032"/>
                <TextEquiv>
                    <Unicode>Ferdinand. Sie werden selbst einsehen, daß Ihr</Unicode>
                </TextEquiv>
            </TextLine>
        </TextRegion>
        <TextRegion id="tr_2" custom="readingOrder {index:1;}">
            <Coords points="304,2045 2083,2045 2083,3466 304,3466"/>
            <TextLine id="tr_2_tl_1" custom="readingOrder {index:0;}">
                <Coords points="301,2148 1192,2172 1383,2128 1636,2172 2062,2137 2065,2065 301,2087"/>
                <Baseline points="313,2143 322,2143 367,2140 411,2140 456,2140 501,2137 546,2134 591,2134 635,2137 680,2134 725,2131 770,2128 814,2128 859,2125 904,2125 949,2128 993,2128 1038,2125 1083,2125 1128,2125 1173,2125 1217,2122 1262,2122 1307,2122 1352,2119 1396,2119 1441,2116 1486,2116 1531,2116 1576,2113 1620,2113 1665,2110 1710,2110 1755,2107 1799,2107 1844,2107 1889,2107 1934,2104 1978,2101 2023,2101 2068,2095"/>
                <TextEquiv>
                    <Unicode>weiteres Verweilen innerhalb der Familie nicht mehr den</Unicode>
                </TextEquiv>
            </TextLine>
            <TextLine id="tr_2_tl_2" custom="readingOrder {index:1;}">
                <Coords points="292,2225 394,2249 523,2214 611,2225 635,2249 697,2208 754,2230 862,2230 886,2208 965,2230 967,2139 932,2131 690,2164 574,2139 528,2164 295,2155"/>
                <Baseline points="304,2208 346,2208 391,2208 435,2208 480,2208 525,2208 570,2205 614,2202 659,2202 704,2202 749,2202 793,2202 838,2199 883,2196 928,2193 973,2196"/>
                <TextEquiv>
                    <Unicode>Verhältnissen entspricht</Unicode>
                </TextEquiv>
            </TextLine>
            <TextLine id="tr_2_tl_3" custom="readingOrder {index:2;}">
                <Coords points="438,2287 1522,2280 1598,2258 1601,2179 1502,2192 1335,2144 1104,2161 932,2230 440,2223"/>
                <Baseline points="450,2277 486,2274 531,2274 576,2274 620,2274 665,2274 710,2271 755,2271 799,2268 844,2268 889,2268 934,2265 979,2265 1023,2265 1068,2262 1113,2262 1158,2259 1202,2259 1247,2256 1292,2256 1337,2256 1382,2256 1426,2256 1471,2253 1516,2250 1561,2247 1605,2247"/>
                <TextEquiv>
                    <Unicode>Toni. Ja, was hab' ich denn gethan?</Unicode>
                </TextEquiv>
            </TextLine>
            <TextLine id="tr_2_tl_4" custom="readingOrder {index:3;}">
                <Coords points="442,2359 2012,2331 2058,2324 2060,2254 1854,2221 1482,2285 444,2289"/>
                <Baseline points="453,2340 495,2343 540,2343 585,2340 629,2340 674,2340 719,2337 764,2337 808,2340 853,2337 898,2334 943,2334 988,2334 1032,2334 1077,2331 1122,2328 1167,2331 1211,2331 1256,2328 1301,2328 1346,2325 1390,2325 1435,2325 1480,2322 1525,2319 1570,2319 1614,2316 1659,2319 1704,2313 1749,2313 1793,2310 1838,2310 1883,2310 1928,2310 1973,2307 2017,2307 2062,2307"/>
                <TextEquiv>
                    <Unicode>Ferdinand. Man hat durchaus nicht die Absicht,</Unicode>
                </TextEquiv>
            </TextLine>
            <TextLine id="tr_2_tl_5" custom="readingOrder {index:4;}">
                <Coords points="301,2441 1928,2408 2065,2386 2067,2335 303,2364"/>
                <Baseline points="313,2417 325,2417 370,2417 414,2414 459,2411 504,2414 549,2411 593,2411 638,2411 683,2408 728,2408 773,2405 817,2405 862,2405 907,2402 952,2402 996,2402 1041,2402 1086,2402 1131,2399 1176,2396 1220,2396 1265,2393 1310,2393 1355,2390 1399,2390 1444,2390 1489,2387 1534,2387 1579,2384 1623,2384 1668,2381 1713,2381 1758,2381 1802,2381 1847,2381 1892,2381 1937,2378 1981,2375 2026,2375 2071,2370"/>
                <TextEquiv>
                    <Unicode>Ihnen Vorwürfe zu machen. Es ist ein Abschied in Frieden</Unicode>
                </TextEquiv>
            </TextLine>
            <TextLine id="tr_2_tl_6" custom="readingOrder {index:5;}">
                <Coords points="308,2489 2054,2469 2056,2388 308,2441"/>
                <Baseline points="319,2483 358,2486 402,2483 447,2483 492,2480 537,2480 582,2480 626,2477 671,2477 716,2477 761,2477 805,2474 850,2474 895,2471 940,2471 985,2471 1029,2474 1074,2468 1119,2468 1164,2465 1208,2465 1253,2465 1298,2462 1343,2465 1387,2462 1432,2462 1477,2459 1522,2459 1567,2459 1611,2459 1656,2456 1701,2453 1746,2450 1790,2450 1835,2447 1880,2447 1925,2447 1970,2447 2014,2441 2059,2441"/>
                <TextEquiv>
                    <Unicode>und Sie können überzeugt sein, daß es Ihnen an aus¬</Unicode>
                </TextEquiv>
            </TextLine>
            <TextLine id="tr_2_tl_7" custom="readingOrder {index:6;}">
                <Coords points="301,2586 602,2548 662,2584 1011,2548 1258,2575 1365,2533 1491,2542 1493,2458 1414,2491 869,2504 420,2482 301,2520"/>
                <Baseline points="313,2555 334,2555 379,2552 423,2552 468,2552 513,2549 558,2549 602,2546 647,2549 692,2546 737,2546 782,2546 826,2543 871,2543 916,2543 961,2543 1005,2540 1050,2540 1095,2537 1140,2537 1185,2537 1229,2534 1274,2534 1319,2531 1364,2525 1408,2522 1453,2522 1498,2525"/>
                <TextEquiv>
                    <Unicode>reichender Unterstützung nicht fehlen wird.</Unicode>
                </TextEquiv>
            </TextLine>
            <TextLine id="tr_2_tl_8" custom="readingOrder {index:7;}">
                <Coords points="427,2630 1812,2619 2054,2599 2056,2520 844,2595 429,2568"/>
                <Baseline points="441,2620 447,2620 492,2617 537,2617 582,2617 626,2620 671,2620 716,2617 761,2614 805,2614 850,2614 895,2614 940,2611 985,2611 1029,2608 1074,2605 1119,2605 1164,2602 1208,2602 1253,2602 1298,2602 1343,2602 1387,2596 1432,2596 1477,2593 1522,2593 1567,2593 1611,2590 1656,2587 1701,2587 1746,2587 1790,2587 1835,2584 1880,2584 1925,2581 1970,2581 2014,2581 2059,2581"/>
                <TextEquiv>
                    <Unicode>Toni. Ja... und wann... soll ich denn schon fort?</Unicode>
                </TextEquiv>
            </TextLine>
            <TextLine id="tr_2_tl_9" custom="readingOrder {index:8;}">
                <Coords points="438,2704 1889,2687 2065,2658 2065,2603 440,2634"/>
                <Baseline points="450,2692 456,2692 501,2686 546,2686 591,2686 635,2686 680,2683 725,2683 770,2683 814,2683 859,2683 904,2680 949,2680 993,2677 1038,2674 1083,2674 1128,2674 1173,2671 1217,2671 1262,2668 1307,2665 1352,2668 1396,2668 1441,2668 1486,2668 1531,2662 1576,2662 1620,2662 1665,2659 1710,2659 1755,2659 1799,2659 1844,2659 1889,2656 1934,2653 1978,2650 2023,2650 2068,2650"/>
                <TextEquiv>
                    <Unicode>Ferdinand. Oas ist vollkommen Ihnen anheimgestellt.</Unicode>
                </TextEquiv>
            </TextLine>
            <TextLine id="tr_2_tl_10" custom="readingOrder {index:9;}">
                <Coords points="438,2764 1913,2748 2065,2729 2067,2658 440,2704"/>
                <Baseline points="450,2758 456,2758 501,2758 546,2755 591,2755 635,2758 680,2755 725,2752 770,2752 814,2749 859,2749 904,2749 949,2746 993,2746 1038,2746 1083,2746 1128,2746 1173,2743 1217,2740 1262,2737 1307,2740 1352,2737 1396,2737 1441,2734 1486,2734 1531,2734 1576,2731 1620,2731 1665,2731 1710,2728 1755,2728 1799,2728 1844,2725 1889,2722 1934,2722 1978,2722 2023,2719 2068,2722"/>
                <TextEquiv>
                    <Unicode>Toni. Also nehmen sie mich mit hinaus auf's Land.</Unicode>
                </TextEquiv>
            </TextLine>
            <TextLine id="tr_2_tl_11" custom="readingOrder {index:10;}">
                <Coords points="442,2843 2032,2814 2065,2737 444,2768"/>
                <Baseline points="456,2826 501,2823 546,2823 591,2823 635,2823 680,2820 725,2820 770,2820 814,2817 859,2817 904,2817 949,2817 993,2817 1038,2814 1083,2811 1128,2811 1173,2808 1217,2808 1262,2805 1307,2802 1352,2805 1396,2805 1441,2805 1486,2802 1531,2799 1576,2799 1620,2796 1665,2796 1710,2796 1755,2796 1799,2793 1844,2793 1889,2793 1934,2790 1978,2790 2023,2787 2068,2787"/>
                <TextEquiv>
                    <Unicode>Ferdinand (leicht lächelnd). So ist das nun eben nicht</Unicode>
                </TextEquiv>
            </TextLine>
            <TextLine id="tr_2_tl_12" custom="readingOrder {index:11;}">
                <Coords points="310,2933 1952,2898 2071,2874 2073,2810 312,2841"/>
                <Baseline points="322,2904 331,2904 376,2898 420,2898 465,2895 510,2895 555,2895 599,2892 644,2889 689,2889 734,2889 779,2892 823,2889 868,2886 913,2886 958,2886 1002,2886 1047,2886 1092,2883 1137,2883 1182,2880 1226,2880 1271,2880 1316,2877 1361,2877 1405,2874 1450,2874 1495,2871 1540,2871 1584,2868 1629,2868 1674,2868 1719,2868 1764,2865 1808,2865 1853,2862 1898,2859 1943,2859 1987,2856 2032,2856 2077,2859"/>
                <TextEquiv>
                    <Unicode>gemeint. Die Wohnung hier steht Ihnen bis auf Weiteres</Unicode>
                </TextEquiv>
            </TextLine>
            <TextLine id="tr_2_tl_13" custom="readingOrder {index:12;}">
                <Coords points="310,2995 383,2975 424,2997 468,2973 523,2990 602,2973 642,2999 708,2975 759,2982 761,2911 638,2922 580,2896 512,2916 453,2902 429,2927 378,2916 310,2933"/>
                <Baseline points="322,2978 361,2969 405,2966 450,2964 495,2964 540,2964 585,2961 629,2961 674,2961 719,2961 764,2961"/>
                <TextEquiv>
                    <Unicode>zur Verfügung.</Unicode>
                </TextEquiv>
            </TextLine>
            <TextLine id="tr_2_tl_14" custom="readingOrder {index:13;}">
                <Coords points="438,3054 1968,3047 2073,3034 2076,2916 1447,2968 1236,2900 844,2984 438,2979"/>
                <Baseline points="450,3035 465,3032 510,3032 555,3029 599,3029 644,3029 689,3032 734,3029 779,3026 823,3026 868,3023 913,3020 958,3020 1002,3020 1047,3020 1092,3017 1137,3014 1182,3014 1226,3014 1271,3014 1316,3011 1361,3011 1405,3011 1450,3011 1495,3011 1540,3008 1584,3008 1629,3005 1674,3005 1719,3005 1764,3008 1808,3008 1853,3005 1898,3008 1943,3005 1987,3002 2032,3002 2077,3002"/>
                <TextEquiv>
                    <Unicode>Toni. Hier soll ich bleiben. Aber da bin ich ja ganz</Unicode>
                </TextEquiv>
            </TextLine>
            <TextLine id="tr_2_tl_15" custom="readingOrder {index:14;}">
                <Coords points="303,3113 413,3149 497,3102 693,3122 754,3096 864,3129 930,3096 1216,3094 1216,3025 1047,3047 836,3025 776,3058 649,3034 545,3076 378,3023 306,3036"/>
                <Baseline points="316,3107 325,3107 370,3104 414,3101 459,3101 504,3101 549,3101 593,3101 638,3095 683,3098 728,3095 773,3095 817,3092 862,3092 907,3092 952,3089 996,3089 1041,3086 1086,3086 1131,3083 1176,3083 1220,3083"/>
                <TextEquiv>
                    <Unicode>allein... das geht doch nicht</Unicode>
                </TextEquiv>
            </TextLine>
            <TextLine id="tr_2_tl_16" custom="readingOrder {index:15;}">
                <Coords points="453,3197 1970,3166 2067,3151 2069,3094 1952,3052 455,3113"/>
                <Baseline points="465,3166 507,3166 552,3166 596,3166 641,3163 686,3163 731,3163 776,3163 820,3163 865,3163 910,3161 955,3155 999,3155 1044,3155 1089,3155 1134,3155 1179,3155 1223,3152 1268,3149 1313,3149 1358,3146 1402,3146 1447,3146 1492,3146 1537,3146 1581,3146 1626,3146 1671,3143 1716,3140 1761,3140 1805,3140 1850,3137 1895,3140 1940,3140 1984,3137 2029,3137 2074,3134"/>
                <TextEquiv>
                    <Unicode>Ferdinand. Sie werden sich daran gewöhnen müssen.</Unicode>
                </TextEquiv>
            </TextLine>
            <TextLine id="tr_2_tl_17" custom="readingOrder {index:16;}">
                <Coords points="308,3245 1990,3241 2069,3221 2071,3146 308,3186"/>
                <Baseline points="319,3241 328,3241 373,3241 417,3241 462,3238 507,3241 552,3238 596,3238 641,3235 686,3235 731,3238 776,3232 820,3229 865,3229 910,3226 955,3226 999,3226 1044,3223 1089,3223 1134,3223 1179,3223 1223,3220 1268,3220 1313,3217 1358,3217 1402,3217 1447,3214 1492,3214 1537,3214 1581,3211 1626,3211 1671,3211 1716,3211 1761,3208 1805,3208 1850,3208 1895,3205 1940,3205 1984,3205 2029,3205 2074,3202"/>
                <TextEquiv>
                    <Unicode>(Nicht zu heftig.) Sie haben sich doch hoffentlich nicht einge¬</Unicode>
                </TextEquiv>
            </TextLine>
            <TextLine id="tr_2_tl_18" custom="readingOrder {index:17;}">
                <Coords points="317,3329 1924,3300 1926,3228 319,3250"/>
                <Baseline points="328,3310 364,3310 408,3307 453,3310 498,3307 543,3307 588,3307 632,3304 677,3304 722,3301 767,3301 811,3298 856,3295 901,3298 946,3295 990,3295 1035,3295 1080,3295 1125,3292 1170,3292 1214,3292 1259,3292 1304,3289 1349,3289 1393,3286 1438,3283 1483,3286 1528,3283 1573,3283 1617,3280 1662,3277 1707,3277 1752,3277 1796,3274 1841,3274 1886,3274 1931,3274"/>
                <TextEquiv>
                    <Unicode>bildet, daß man Sie auf ewige Zeit hier behalten wird.</Unicode>
                </TextEquiv>
            </TextLine>
            <TextLine id="tr_2_tl_19" custom="readingOrder {index:18;}">
                <Coords points="451,3408 2062,3364 2080,3281 451,3318"/>
                <Baseline points="462,3375 471,3372 516,3372 561,3369 605,3369 650,3372 695,3369 740,3366 785,3363 829,3363 874,3366 919,3363 964,3366 1008,3363 1053,3361 1098,3361 1143,3361 1187,3358 1232,3355 1277,3355 1322,3361 1367,3355 1411,3352 1456,3352 1501,3352 1546,3352 1590,3355 1635,3352 1680,3349 1725,3349 1770,3349 1814,3349 1859,3346 1904,3346 1949,3343 1993,3346 2038,3343 2083,3340"/>
                <TextEquiv>
                    <Unicode>Toni. Nein — gewiß nicht — aber ein bischen Zeit</Unicode>
                </TextEquiv>
            </TextLine>
            <TextLine id="tr_2_tl_20" custom="readingOrder {index:19;}">
                <Coords points="308,3463 1574,3441 1801,3485 2069,3437 2071,3362 310,3384"/>
                <Baseline points="319,3456 331,3453 376,3447 420,3447 465,3447 510,3444 555,3444 599,3444 644,3441 689,3438 734,3438 779,3435 823,3435 868,3435 913,3435 958,3432 1002,3432 1047,3429 1092,3432 1137,3429 1182,3429 1226,3426 1271,3426 1316,3423 1361,3423 1405,3423 1450,3423 1495,3423 1540,3423 1584,3423 1629,3420 1674,3420 1719,3420 1764,3420 1808,3420 1853,3420 1898,3417 1943,3414 1987,3414 2032,3411 2077,3414"/>
                <TextEquiv>
                    <Unicode>sollt' man mir noch lassen — das müssen Sie doch verstehn.</Unicode>
                </TextEquiv>
            </TextLine>
        </TextRegion>
        <TextRegion id="tr_1" custom="readingOrder {index:2;}">
            <Coords points="2301,529 4163,529 4163,3535 2301,3535"/>
            <TextLine id="tr_1_tl_1" custom="readingOrder {index:0;}">
                <Coords points="3116,611 3157,609 3171,618 3177,616 3190,633 3212,620 3234,620 3243,554 3226,550 3215,534 3201,523 3188,523 3140,477 3129,477"/>
                <Baseline points="3131,593 3158,588 3202,585 3247,579"/>
                <TextEquiv>
                    <Unicode>83</Unicode>
                </TextEquiv>
            </TextLine>
            <TextLine id="tr_1_tl_2" custom="readingOrder {index:1;}">
                <Coords points="2287,785 3945,723 4039,699 4044,620 3074,695 2797,638 2595,717 2291,706"/>
                <Baseline points="2301,779 2346,773 2390,773 2435,770 2480,770 2525,767 2570,764 2614,761 2659,761 2704,758 2749,755 2793,755 2838,752 2883,746 2928,743 2972,740 3017,740 3062,740 3107,740 3152,737 3196,737 3241,731 3286,728 3331,725 3375,722 3420,722 3465,719 3510,716 3555,716 3599,713 3644,710 3689,707 3734,704 3778,704 3823,701 3868,701 3913,695 3957,695 4002,692 4047,686"/>
                <TextEquiv>
                    <Unicode>Es ist doch mehr über mich gekommen, als man ertragen</Unicode>
                </TextEquiv>
            </TextLine>
            <TextLine id="tr_1_tl_3" custom="readingOrder {index:2;}">
                <Coords points="2291,858 3641,814 4039,767 4041,699 2293,794"/>
                <Baseline points="2304,847 2343,847 2387,844 2432,841 2477,838 2522,835 2567,832 2611,829 2656,826 2701,826 2746,823 2790,820 2835,817 2880,817 2925,814 2969,811 3014,811 3059,808 3104,805 3149,802 3193,802 3238,802 3283,799 3328,799 3372,793 3417,793 3462,790 3507,788 3552,785 3596,779 3641,779 3686,776 3731,776 3775,776 3820,770 3865,770 3910,764 3954,761 3999,761 4044,755"/>
                <TextEquiv>
                    <Unicode>kann. Vor wenigen Wochen war ich die glücklichste Frau von</Unicode>
                </TextEquiv>
            </TextLine>
            <TextLine id="tr_1_tl_4" custom="readingOrder {index:3;}">
                <Coords points="2289,941 4041,871 4046,774 3445,789 3287,853 2869,822 2636,884 2293,855"/>
                <Baseline points="2304,919 2346,916 2390,913 2435,913 2480,907 2525,907 2570,904 2614,901 2659,901 2704,895 2749,895 2793,892 2838,892 2883,886 2928,886 2972,883 3017,880 3062,877 3107,877 3152,874 3196,874 3241,868 3286,868 3331,868 3375,865 3420,862 3465,859 3510,853 3555,850 3599,850 3644,847 3689,844 3734,844 3778,841 3823,838 3868,835 3913,832 3957,832 4002,829 4047,832"/>
                <TextEquiv>
                    <Unicode>der Welt... der Hugo war da... und ein Kind hab' ich</Unicode>
                </TextEquiv>
            </TextLine>
            <TextLine id="tr_1_tl_5" custom="readingOrder {index:4;}">
                <Coords points="2304,1000 3872,930 3967,915 3969,849 2309,934"/>
                <Baseline points="2319,993 2361,988 2405,982 2450,979 2495,979 2540,976 2584,970 2629,967 2674,964 2719,964 2764,961 2808,961 2853,958 2898,955 2943,955 2987,952 3032,949 3077,946 3122,943 3166,940 3211,937 3256,934 3301,934 3346,931 3390,925 3435,922 3480,922 3525,919 3569,919 3614,919 3659,919 3704,916 3749,913 3793,910 3838,907 3883,904 3928,901 3972,904"/>
                <TextEquiv>
                    <Unicode>.gehabt —. und jetzt hab' ich nichts —nichts - gar nichtS.</Unicode>
                </TextEquiv>
            </TextLine>
            <TextLine id="tr_1_tl_6" custom="readingOrder {index:5;}">
                <Coords points="2302,1075 4015,998 4059,906 2306,1000"/>
                <Baseline points="2316,1053 2358,1053 2402,1050 2447,1047 2492,1044 2537,1044 2581,1041 2626,1035 2671,1035 2716,1035 2761,1032 2805,1029 2850,1026 2895,1023 2940,1020 2984,1020 3029,1020 3074,1017 3119,1014 3163,1011 3208,1011 3253,1008 3298,1005 3343,1002 3387,999 3432,996 3477,993 3522,990 3566,990 3611,988 3656,985 3701,985 3746,982 3790,979 3835,976 3880,973 3925,970 3969,970 4014,967 4059,970"/>
                <TextEquiv>
                    <Unicode>Aber ich hab' doch wenigstens da sein dürfen, bei seiner</Unicode>
                </TextEquiv>
            </TextLine>
            <TextLine id="tr_1_tl_7" custom="readingOrder {index:6;}">
                <Coords points="2304,1141 4006,1064 4052,992 2309,1075"/>
                <Baseline points="2319,1125 2355,1125 2399,1122 2444,1119 2489,1116 2534,1113 2578,1110 2623,1110 2668,1104 2713,1104 2758,1101 2802,1098 2847,1098 2892,1095 2937,1092 2981,1089 3026,1089 3071,1086 3116,1083 3161,1083 3205,1083 3250,1077 3295,1074 3340,1071 3384,1068 3429,1068 3474,1065 3519,1062 3563,1059 3608,1056 3653,1056 3698,1050 3743,1050 3787,1050 3832,1047 3877,1044 3922,1041 3966,1038 4011,1035 4056,1038"/>
                <TextEquiv>
                    <Unicode>Mutter, bei seiner Schwester... Das sind doch die Menschen,</Unicode>
                </TextEquiv>
            </TextLine>
            <TextLine id="tr_1_tl_8" custom="readingOrder {index:7;}">
                <Coords points="2309,1212 3975,1135 4059,1115 4061,1053 2313,1139"/>
                <Baseline points="2322,1193 2364,1190 2408,1190 2453,1187 2498,1185 2543,1182 2587,1182 2632,1179 2677,1173 2722,1173 2767,1170 2811,1170 2856,1167 2901,1164 2946,1161 2990,1158 3035,1155 3080,1155 3125,1152 3169,1149 3214,1146 3259,1143 3304,1140 3349,1137 3393,1134 3438,1134 3483,1131 3528,1131 3572,1128 3617,1125 3662,1125 3707,1122 3752,1119 3796,1116 3841,1113 3886,1113 3931,1110 3975,1107 4020,1101 4065,1098"/>
                <TextEquiv>
                    <Unicode>die ihn gern gehabt haben — es ist doch die Luft, in der</Unicode>
                </TextEquiv>
            </TextLine>
            <TextLine id="tr_1_tl_9" custom="readingOrder {index:8;}">
                <Coords points="2298,1280 3349,1216 3657,1253 4061,1190 4065,1110 2302,1214"/>
                <Baseline points="2310,1268 2322,1268 2367,1262 2411,1262 2456,1259 2501,1256 2546,1253 2590,1250 2635,1247 2680,1244 2725,1241 2769,1241 2814,1241 2859,1235 2904,1232 2949,1229 2993,1229 3038,1223 3083,1223 3128,1220 3172,1220 3217,1211 3262,1211 3307,1211 3352,1208 3396,1208 3441,1208 3486,1205 3531,1202 3575,1199 3620,1199 3665,1196 3710,1193 3755,1187 3799,1187 3844,1187 3889,1185 3934,1179 3978,1179 4023,1173 4068,1170"/>
                <TextEquiv>
                    <Unicode>'er geathmet hat — und jetzt soll ich hinaus, hincus aus</Unicode>
                </TextEquiv>
            </TextLine>
            <TextLine id="tr_1_tl_10" custom="readingOrder {index:9;}">
                <Coords points="2306,1339 3309,1297 3353,1291 3357,1220 3162,1231 3083,1269 2874,1236 2665,1286 2309,1284"/>
                <Baseline points="2319,1331 2328,1331 2372,1331 2417,1328 2462,1322 2507,1322 2552,1319 2596,1319 2641,1319 2686,1319 2731,1313 2775,1310 2820,1307 2865,1301 2910,1301 2955,1298 2999,1295 3044,1292 3089,1292 3134,1289 3178,1289 3223,1283 3268,1280 3313,1277 3358,1277"/>
                <TextEquiv>
                    <Unicode>all' dem... ja warum — warum?</Unicode>
                </TextEquiv>
            </TextLine>
            <TextLine id="tr_1_tl_11" custom="readingOrder {index:10;}">
                <Coords points="2452,1409 3832,1368 4054,1330 4059,1260 3566,1238 3314,1310 2456,1337"/>
                <Baseline points="2465,1393 2495,1387 2540,1384 2584,1384 2629,1384 2674,1384 2719,1379 2764,1376 2808,1376 2853,1376 2898,1373 2943,1370 2987,1367 3032,1364 3077,1361 3122,1358 3166,1355 3211,1355 3256,1355 3301,1355 3346,1349 3390,1346 3435,1343 3480,1343 3525,1340 3569,1337 3614,1337 3659,1334 3704,1337 3749,1331 3793,1331 3838,1325 3883,1322 3928,1319 3972,1313 4017,1307 4062,1304"/>
                <TextEquiv>
                    <Unicode>Ferdinand. Es ist eben hier nicht Ihr Platz... be¬</Unicode>
                </TextEquiv>
            </TextLine>
            <TextLine id="tr_1_tl_12" custom="readingOrder {index:11;}">
                <Coords points="2309,1500 2599,1460 2845,1482 2880,1451 3135,1453 3157,1449 3160,1381 3087,1365 2953,1401 2803,1381 2715,1414 2652,1392 2480,1420 2434,1392 2392,1427 2313,1409"/>
                <Baseline points="2322,1474 2355,1471 2399,1468 2444,1459 2489,1459 2534,1459 2578,1453 2623,1453 2668,1450 2713,1450 2758,1447 2802,1444 2847,1441 2892,1441 2937,1438 2981,1435 3026,1432 3071,1432 3116,1432 3161,1429"/>
                <TextEquiv>
                    <Unicode>greifen Sie das doch endlich.</Unicode>
                </TextEquiv>
            </TextLine>
            <TextLine id="tr_1_tl_13" custom="readingOrder {index:12;}">
                <Coords points="2441,1539 3975,1484 4072,1462 4076,1372 2443,1484"/>
                <Baseline points="2453,1531 2465,1531 2510,1528 2555,1525 2599,1525 2644,1525 2689,1525 2734,1522 2778,1516 2823,1513 2868,1510 2913,1507 2958,1507 3002,1504 3047,1501 3092,1498 3137,1495 3181,1495 3226,1495 3271,1492 3316,1489 3361,1483 3405,1480 3450,1480 3495,1477 3540,1477 3584,1474 3629,1471 3674,1468 3719,1465 3763,1462 3808,1459 3853,1459 3898,1456 3943,1453 3987,1450 4032,1447 4077,1444"/>
                <TextEquiv>
                    <Unicode>Toni. Ja — warum denn? Hab' ich ihn denn weniger</Unicode>
                </TextEquiv>
            </TextLine>
            <TextLine id="tr_1_tl_14" custom="readingOrder {index:13;}">
                <Coords points="2317,1634 3769,1539 3909,1574 4065,1548 4070,1471 2322,1555"/>
                <Baseline points="2331,1611 2372,1605 2417,1602 2462,1599 2507,1599 2552,1596 2596,1593 2641,1590 2686,1587 2731,1587 2775,1584 2820,1581 2865,1576 2910,1576 2955,1573 2999,1576 3044,1573 3089,1570 3134,1570 3178,1567 3223,1564 3268,1561 3313,1558 3358,1555 3402,1555 3447,1555 3492,1549 3537,1546 3581,1546 3626,1546 3671,1540 3716,1537 3760,1534 3805,1531 3850,1528 3895,1525 3940,1522 3984,1519 4029,1516 4074,1516"/>
                <TextEquiv>
                    <Unicode>geliebt, als ihn eine andere geliebt hätte. Hab’ ich ihn</Unicode>
                </TextEquiv>
            </TextLine>
            <TextLine id="tr_1_tl_15" custom="readingOrder {index:14;}">
                <Coords points="2324,1686 3463,1636 3560,1620 3564,1559 2326,1629"/>
                <Baseline points="2337,1674 2358,1674 2402,1671 2447,1671 2492,1671 2537,1668 2581,1668 2626,1662 2671,1662 2716,1659 2761,1656 2805,1653 2850,1653 2895,1650 2940,1647 2984,1644 3029,1644 3074,1641 3119,1638 3163,1635 3208,1632 3253,1629 3298,1626 3343,1623 3387,1620 3432,1617 3477,1614 3522,1611 3566,1614"/>
                <TextEquiv>
                    <Unicode>weniger glücklich gemacht, als eine andere?</Unicode>
                </TextEquiv>
            </TextLine>
            <TextLine id="tr_1_tl_16" custom="readingOrder {index:15;}">
                <Coords points="2467,1748 4052,1689 4087,1596 2469,1689"/>
                <Baseline points="2480,1734 2522,1734 2567,1734 2611,1731 2656,1728 2701,1728 2746,1725 2790,1725 2835,1719 2880,1719 2925,1719 2969,1713 3014,1713 3059,1713 3104,1707 3149,1704 3193,1701 3238,1701 3283,1698 3328,1695 3372,1692 3417,1689 3462,1686 3507,1683 3552,1680 3596,1677 3641,1674 3686,1674 3731,1671 3775,1668 3820,1665 3865,1662 3910,1662 3954,1659 3999,1656 4044,1653 4089,1647"/>
                <TextEquiv>
                    <Unicode>Ferdinand. Das giebt Ihnen doch kein Heimathsrecht</Unicode>
                </TextEquiv>
            </TextLine>
            <TextLine id="tr_1_tl_17" custom="readingOrder {index:16;}">
                <Coords points="2313,1832 3991,1759 3995,1684 2614,1770 2317,1737"/>
                <Baseline points="2328,1808 2343,1808 2387,1808 2432,1805 2477,1805 2522,1805 2567,1802 2611,1802 2656,1799 2701,1796 2746,1796 2790,1793 2835,1793 2880,1790 2925,1784 2969,1781 3014,1779 3059,1779 3104,1779 3149,1773 3193,1770 3238,1770 3283,1764 3328,1761 3372,1758 3417,1755 3462,1755 3507,1752 3552,1749 3596,1746 3641,1746 3686,1740 3731,1737 3775,1740 3820,1734 3865,1734 3910,1728 3954,1728 3999,1728"/>
                <TextEquiv>
                    <Unicode>in diesem Hause. Dieses „Glücklich machen“ trifft manche.</Unicode>
                </TextEquiv>
            </TextLine>
            <TextLine id="tr_1_tl_18" custom="readingOrder {index:17;}">
                <Coords points="2465,1895 4037,1823 4098,1805 4103,1728 2469,1821"/>
                <Baseline points="2480,1871 2489,1871 2534,1871 2578,1868 2623,1865 2668,1865 2713,1868 2758,1865 2802,1862 2847,1859 2892,1853 2937,1853 2981,1850 3026,1847 3071,1844 3116,1841 3161,1838 3205,1838 3250,1835 3295,1832 3340,1829 3384,1829 3429,1826 3474,1820 3519,1817 3563,1814 3608,1808 3653,1808 3698,1808 3743,1805 3787,1805 3832,1802 3877,1796 3922,1796 3966,1796 4011,1796 4056,1790 4101,1790"/>
                <TextEquiv>
                    <Unicode>Toni. Glauben Sie das wirklich? Sie würden ja</Unicode>
                </TextEquiv>
            </TextLine>
            <TextLine id="tr_1_tl_19" custom="readingOrder {index:18;}">
                <Coords points="2322,1955 4074,1889 4079,1801 2326,1876"/>
                <Baseline points="2337,1949 2381,1949 2426,1946 2471,1946 2516,1943 2561,1940 2605,1940 2650,1937 2695,1937 2740,1934 2784,1931 2829,1928 2874,1925 2919,1925 2964,1922 3008,1919 3053,1916 3098,1913 3143,1910 3187,1907 3232,1904 3277,1901 3322,1901 3366,1898 3411,1895 3456,1892 3501,1889 3546,1886 3590,1883 3635,1880 3680,1877 3725,1877 3769,1874 3814,1874 3859,1871 3904,1868 3949,1865 3993,1862 4038,1859 4083,1856"/>
                <TextEquiv>
                    <Unicode>doch dem Himmel auf den Knieen danken, wenn die Franz</Unicode>
                </TextEquiv>
            </TextLine>
            <TextLine id="tr_1_tl_20" custom="readingOrder {index:19;}">
                <Coords points="2346,2038 4052,1972 4094,1876 2350,1961"/>
                <Baseline points="2361,2014 2405,2011 2450,2014 2456,2014 2498,2011 2531,2011 2575,2008 2620,2008 2665,2005 2710,2002 2755,1999 2799,1999 2844,1996 2889,1996 2934,1993 2978,1990 3023,1987 3068,1984 3113,1981 3158,1981 3202,1976 3247,1976 3292,1976 3337,1973 3381,1970 3426,1970 3471,1967 3516,1964 3560,1961 3605,1955 3650,1952 3695,1949 3740,1949 3784,1943 3829,1943 3874,1940 3919,1940 3963,1940 4008,1937 4053,1931 4098,1925"/>
                <TextEquiv>
                    <Unicode>Sie nur den tausendsten Theil so gern hätte, wie ich Ihn</Unicode>
                </TextEquiv>
            </TextLine>
            <TextLine id="tr_1_tl_21" custom="readingOrder {index:20;}">
                <Coords points="2480,2166 3212,2113 3439,2144 3670,2091 3993,2128 4090,2091 4094,2014 3830,2001 3690,2051 3415,2014 2485,2100"/>
                <Baseline points="2495,2158 2531,2152 2575,2149 2620,2143 2665,2143 2710,2140 2755,2137 2799,2134 2844,2134 2889,2131 2934,2128 2978,2128 3023,2122 3068,2122 3113,2116 3158,2116 3202,2113 3247,2110 3292,2110 3337,2107 3381,2104 3426,2104 3471,2098 3516,2095 3560,2092 3605,2092 3650,2089 3695,2086 3740,2083 3784,2083 3829,2080 3874,2077 3919,2074 3963,2071 4008,2068 4053,2068 4098,2062"/>
                <TextEquiv>
                    <Unicode>Ferdinand. Sprechen Sie den Namen meiner Braut</Unicode>
                </TextEquiv>
            </TextLine>
            <TextLine id="tr_1_tl_22" custom="readingOrder {index:21;}">
                <Coords points="2342,2131 2386,2131 2403,2115 2423,2122 2474,2091 2498,2100 2540,2084 2584,2106 2617,2082 2704,2080 2709,2018 2658,2021 2630,2005 2603,2025 2553,2034 2502,2016 2487,2029 2408,2027 2370,2047 2346,2036"/>
                <Baseline points="2355,2095 2399,2086 2444,2083 2489,2080 2534,2080 2578,2077 2623,2074 2668,2071 2713,2071"/>
                <TextEquiv>
                    <Unicode>gehabt hab'!</Unicode>
                </TextEquiv>
            </TextLine>
            <TextLine id="tr_1_tl_23" custom="readingOrder {index:22;}">
                <Coords points="2337,2269 2423,2278 2518,2221 3314,2197 3349,2133 3179,2115 3054,2157 2927,2131 2518,2179 2416,2144 2344,2159"/>
                <Baseline points="2352,2226 2367,2226 2411,2223 2456,2220 2501,2217 2546,2217 2590,2214 2635,2214 2680,2211 2725,2208 2769,2208 2814,2205 2859,2199 2904,2196 2949,2193 2993,2190 3038,2190 3083,2190 3128,2187 3172,2184 3217,2178 3262,2175 3307,2175 3352,2173"/>
                <TextEquiv>
                    <Unicode>nicht aus. Ich verbiete es Ihnen.</Unicode>
                </TextEquiv>
            </TextLine>
            <TextLine id="tr_1_tl_24" custom="readingOrder {index:23;}">
                <Coords points="2480,2300 3166,2256 4094,2282 4101,2144 3494,2155 2689,2258 2485,2223"/>
                <Baseline points="2495,2286 2537,2283 2581,2280 2626,2280 2671,2280 2716,2280 2761,2277 2805,2271 2850,2271 2895,2268 2940,2265 2984,2262 3029,2259 3074,2256 3119,2256 3163,2253 3208,2247 3253,2247 3298,2244 3343,2241 3387,2238 3432,2238 3477,2235 3522,2232 3566,2229 3611,2226 3656,2223 3701,2223 3746,2223 3790,2220 3835,2217 3880,2214 3925,2211 3969,2208 4014,2205 4059,2199 4104,2196"/>
                <TextEquiv>
                    <Unicode>Toni. Warum denn? Bin ich vielleicht was schlechteres</Unicode>
                </TextEquiv>
            </TextLine>
            <TextLine id="tr_1_tl_25" custom="readingOrder {index:24;}">
                <Coords points="2504,2441 4008,2377 4107,2355 4112,2276 3553,2271 3472,2315 3375,2274 2887,2381 2757,2328 2509,2366"/>
                <Baseline points="2516,2429 2546,2417 2590,2414 2635,2411 2680,2414 2725,2411 2769,2408 2814,2405 2859,2402 2904,2402 2949,2399 2993,2399 3038,2396 3083,2393 3128,2390 3172,2387 3217,2387 3262,2384 3307,2381 3352,2381 3396,2375 3441,2372 3486,2370 3531,2367 3575,2364 3620,2364 3665,2364 3710,2358 3755,2352 3799,2355 3844,2352 3889,2349 3934,2346 3978,2346 4023,2343 4068,2340 4113,2343"/>
                <TextEquiv>
                    <Unicode>Ferdinand. Das fragen Sie noch?! Sie, die sich</Unicode>
                </TextEquiv>
            </TextLine>
            <TextLine id="tr_1_tl_26" custom="readingOrder {index:25;}">
                <Coords points="2496,2370 2509,2372 2524,2361 2542,2372 2562,2364 2581,2368 2584,2298 2542,2293 2531,2298 2526,2295 2520,2300 2509,2289 2498,2289"/>
                <Baseline points="2507,2358 2543,2352 2587,2355"/>
                <TextEquiv>
                    <Unicode>sie?</Unicode>
                </TextEquiv>
            </TextLine>
            <TextLine id="tr_1_tl_27" custom="readingOrder {index:26;}">
                <Coords points="2346,2370 2364,2368 2370,2377 2377,2375 2388,2386 2394,2383 2403,2390 2412,2383 2421,2383 2425,2388 2447,2392 2454,2291 2419,2287 2410,2276 2403,2278 2401,2274 2390,2280 2379,2276 2370,2285 2361,2278 2350,2278"/>
                <Baseline points="2358,2364 2367,2364 2411,2361 2456,2358"/>
                <TextEquiv>
                    <Unicode>als</Unicode>
                </TextEquiv>
            </TextLine>
            <TextLine id="tr_1_tl_28" custom="readingOrder {index:27;}">
                <Coords points="2357,2524 3927,2447 4114,2427 4116,2357 2496,2454 2364,2412"/>
                <Baseline points="2372,2498 2417,2495 2462,2495 2507,2495 2552,2492 2596,2489 2641,2486 2686,2483 2731,2483 2775,2477 2820,2474 2865,2471 2910,2468 2955,2465 2999,2465 3044,2462 3089,2459 3134,2462 3178,2459 3223,2456 3268,2453 3313,2450 3358,2447 3402,2447 3447,2444 3492,2441 3537,2438 3581,2435 3626,2432 3671,2429 3716,2426 3760,2423 3805,2423 3850,2420 3895,2417 3940,2414 3984,2411 4029,2408 4074,2405 4119,2405"/>
                <TextEquiv>
                    <Unicode>einfach dem ersten besten an den Hals geworfen haben, der</Unicode>
                </TextEquiv>
            </TextLine>
            <TextLine id="tr_1_tl_29" custom="readingOrder {index:28;}">
                <Coords points="2372,2588 3733,2502 4006,2531 4114,2515 4118,2438 2377,2511"/>
                <Baseline points="2387,2570 2420,2567 2465,2567 2510,2564 2555,2561 2599,2558 2644,2555 2689,2552 2734,2546 2778,2543 2823,2543 2868,2540 2913,2537 2958,2537 3002,2534 3047,2534 3092,2531 3137,2528 3181,2528 3226,2525 3271,2522 3316,2519 3361,2519 3405,2516 3450,2513 3495,2510 3540,2507 3584,2507 3629,2504 3674,2501 3719,2498 3763,2495 3808,2492 3853,2489 3898,2489 3943,2486 3987,2483 4032,2480 4077,2477 4122,2483"/>
                <TextEquiv>
                    <Unicode>jung und hübsch war, und sich, gleichgiltig gegen alles andere,</Unicode>
                </TextEquiv>
            </TextLine>
            <TextLine id="tr_1_tl_30" custom="readingOrder {index:29;}">
                <Coords points="2364,2685 2526,2638 3720,2592 3788,2533 3731,2504 2368,2592"/>
                <Baseline points="2378,2641 2405,2638 2450,2635 2495,2629 2540,2626 2584,2623 2629,2623 2674,2620 2719,2617 2764,2617 2808,2614 2853,2611 2898,2608 2943,2605 2987,2605 3032,2602 3077,2599 3122,2596 3166,2593 3211,2593 3256,2593 3301,2587 3346,2587 3390,2578 3435,2578 3480,2575 3525,2575 3569,2572 3614,2572 3659,2570 3704,2564 3749,2561 3793,2561"/>
                <TextEquiv>
                    <Unicode>Ihr Glück genommen haben, wo Sie's gefunden</Unicode>
                </TextEquiv>
            </TextLine>
            <TextLine id="tr_1_tl_31" custom="readingOrder {index:30;}">
                <Coords points="2498,2711 4118,2634 4123,2537 3696,2608 2502,2643"/>
                <Baseline points="2513,2695 2558,2695 2602,2689 2647,2692 2692,2692 2737,2692 2781,2689 2826,2680 2871,2680 2916,2674 2961,2671 3005,2671 3050,2671 3095,2665 3140,2665 3184,2662 3229,2662 3274,2656 3319,2653 3363,2647 3408,2650 3453,2647 3498,2647 3543,2644 3587,2644 3632,2641 3677,2635 3722,2635 3766,2632 3811,2629 3856,2626 3901,2626 3946,2620 3990,2617 4035,2614 4080,2614 4125,2608"/>
                <TextEquiv>
                    <Unicode>Toni. Ist denn das ein Verbrechen? Hab' ich aus</Unicode>
                </TextEquiv>
            </TextLine>
            <TextLine id="tr_1_tl_32" custom="readingOrder {index:31;}">
                <Coords points="2372,2788 4026,2713 4118,2704 4123,2636 2537,2722 2377,2678"/>
                <Baseline points="2384,2772 2423,2772 2468,2769 2513,2767 2558,2764 2602,2761 2647,2758 2692,2758 2737,2755 2781,2752 2826,2749 2871,2749 2916,2746 2961,2743 3005,2743 3050,2740 3095,2737 3140,2734 3184,2731 3229,2731 3274,2728 3319,2725 3363,2722 3408,2716 3453,2716 3498,2713 3543,2710 3587,2707 3632,2707 3677,2704 3722,2701 3766,2701 3811,2695 3856,2692 3901,2689 3946,2689 3990,2686 4035,2683 4080,2677 4125,2677"/>
                <TextEquiv>
                    <Unicode>meinem Elend nicht heraus dürfen? Wissen denn Sie, wie</Unicode>
                </TextEquiv>
            </TextLine>
            <TextLine id="tr_1_tl_33" custom="readingOrder {index:32;}">
                <Coords points="2372,2845 4112,2797 4140,2687 2375,2790"/>
                <Baseline points="2384,2841 2393,2844 2438,2841 2483,2838 2528,2835 2572,2832 2617,2832 2662,2829 2707,2829 2752,2826 2796,2823 2841,2820 2886,2817 2931,2814 2975,2811 3020,2811 3065,2811 3110,2805 3155,2802 3199,2802 3244,2802 3289,2799 3334,2793 3378,2790 3423,2787 3468,2787 3513,2784 3558,2784 3602,2778 3647,2775 3692,2772 3737,2772 3781,2769 3826,2767 3871,2764 3916,2764 3960,2761 4005,2758 4050,2752 4095,2749 4140,2746"/>
                <TextEquiv>
                    <Unicode>mein Leben ausgeschaut hat, bevor ich den Hugo kennen</Unicode>
                </TextEquiv>
            </TextLine>
            <TextLine id="tr_1_tl_34" custom="readingOrder {index:33;}">
                <Coords points="2520,2997 4024,2916 4129,2898 4134,2834 3890,2808 3296,2907 3190,2865 2524,2916"/>
                <Baseline points="2531,2978 2567,2975 2611,2969 2656,2969 2701,2964 2746,2961 2790,2961 2835,2955 2880,2955 2925,2958 2969,2955 3014,2952 3059,2949 3104,2946 3149,2940 3193,2940 3238,2937 3283,2934 3328,2931 3372,2928 3417,2925 3462,2925 3507,2922 3552,2919 3596,2916 3641,2913 3686,2910 3731,2907 3775,2904 3820,2901 3865,2898 3910,2898 3954,2898 3999,2895 4044,2892 4089,2886 4134,2883"/>
                <TextEquiv>
                    <Unicode>Ferdinand. Ich weiß auch, was Elend ist. Und</Unicode>
                </TextEquiv>
            </TextLine>
            <TextLine id="tr_1_tl_35" custom="readingOrder {index:34;}">
                <Coords points="2379,2971 2405,2975 2441,2946 2480,2944 2542,2911 2595,2905 2625,2931 2680,2905 2735,2907 2740,2839 2685,2845 2658,2861 2617,2839 2548,2865 2500,2865 2485,2850 2445,2863 2436,2852 2388,2861"/>
                <Baseline points="2396,2922 2426,2916 2471,2910 2516,2904 2561,2904 2605,2904 2650,2898 2695,2895 2740,2892"/>
                <TextEquiv>
                    <Unicode>gelernt hab?</Unicode>
                </TextEquiv>
            </TextLine>
            <TextLine id="tr_1_tl_36" custom="readingOrder {index:35;}">
                <Coords points="2375,3085 4096,2979 4136,2894 2907,2957 2828,3006 2381,2975"/>
                <Baseline points="2390,3050 2393,3050 2438,3047 2483,3047 2528,3044 2572,3041 2617,3041 2662,3038 2707,3035 2752,3032 2796,3032 2841,3032 2886,3026 2931,3023 2975,3020 3020,3020 3065,3017 3110,3011 3155,3011 3199,3008 3244,3005 3289,3002 3334,2999 3378,2999 3423,2996 3468,2993 3513,2990 3558,2987 3602,2984 3647,2981 3692,2978 3737,2975 3781,2975 3826,2972 3871,2972 3916,2966 3960,2964 4005,2964 4050,2961 4095,2955 4140,2955"/>
                <TextEquiv>
                    <Unicode>besser als Sie. Unser Einer hat's freilich nicht so leicht, sich</Unicode>
                </TextEquiv>
            </TextLine>
            <TextLine id="tr_1_tl_37" custom="readingOrder {index:36;}">
                <Coords points="2390,3135 3815,3074 4112,3041 4140,2975 2392,3069"/>
                <Baseline points="2402,3122 2441,3119 2486,3119 2531,3116 2575,3113 2620,3110 2665,3107 2710,3104 2755,3101 2799,3095 2844,3095 2889,3098 2934,3089 2978,3083 3023,3086 3068,3083 3113,3080 3158,3080 3202,3077 3247,3074 3292,3074 3337,3068 3381,3062 3426,3062 3471,3059 3516,3059 3560,3056 3605,3056 3650,3053 3695,3047 3740,3044 3784,3044 3829,3041 3874,3038 3919,3035 3963,3032 4008,3032 4053,3026 4098,3023 4143,3023"/>
                <TextEquiv>
                    <Unicode>daraus zu retten — wie ein hübsches junges Ding, dem alles</Unicode>
                </TextEquiv>
            </TextLine>
            <TextLine id="tr_1_tl_38" custom="readingOrder {index:37;}">
                <Coords points="2397,3208 4002,3138 4147,3102 4149,3041 2401,3138"/>
                <Baseline points="2411,3199 2450,3190 2495,3187 2540,3184 2584,3181 2629,3181 2674,3178 2719,3175 2764,3175 2808,3172 2853,3169 2898,3166 2943,3163 2987,3161 3032,3158 3077,3155 3122,3155 3166,3149 3211,3146 3256,3146 3301,3143 3346,3140 3390,3137 3435,3134 3480,3131 3525,3128 3569,3125 3614,3122 3659,3122 3704,3119 3749,3116 3793,3110 3838,3107 3883,3104 3928,3101 3972,3098 4017,3098 4062,3095 4107,3092 4152,3086"/>
                <TextEquiv>
                    <Unicode>gleichgiltig ist, was anständige Menschen Pflicht und Sitte</Unicode>
                </TextEquiv>
            </TextLine>
            <TextLine id="tr_1_tl_39" custom="readingOrder {index:38;}">
                <Coords points="2399,3270 3830,3215 4147,3175 4151,3107 2401,3215"/>
                <Baseline points="2411,3262 2450,3259 2495,3256 2540,3253 2584,3253 2629,3250 2674,3250 2719,3244 2764,3244 2808,3241 2853,3238 2898,3235 2943,3235 2987,3232 3032,3229 3077,3226 3122,3223 3166,3217 3211,3217 3256,3214 3301,3211 3346,3208 3390,3205 3435,3202 3480,3199 3525,3196 3569,3196 3614,3193 3659,3190 3704,3187 3749,3187 3793,3184 3838,3181 3883,3175 3928,3172 3972,3169 4017,3166 4062,3166 4107,3163 4152,3158"/>
                <TextEquiv>
                    <Unicode>nennen. Man hat sich ja hier redliche Mühe gegeben, alles</Unicode>
                </TextEquiv>
            </TextLine>
            <TextLine id="tr_1_tl_40" custom="readingOrder {index:39;}">
                <Coords points="2399,3364 4028,3270 4151,3241 4156,3166 2905,3283 2405,3272"/>
                <Baseline points="2414,3331 2456,3331 2501,3325 2546,3325 2590,3322 2635,3319 2680,3316 2725,3316 2769,3313 2814,3310 2859,3310 2904,3310 2949,3307 2993,3301 3038,3292 3083,3292 3128,3292 3172,3286 3217,3286 3262,3283 3307,3277 3352,3277 3396,3274 3441,3271 3486,3268 3531,3268 3575,3265 3620,3262 3665,3259 3710,3256 3755,3253 3799,3250 3844,3247 3889,3241 3934,3238 3978,3238 4023,3235 4068,3235 4113,3232 4157,3229"/>
                <TextEquiv>
                    <Unicode>das zu vergessen. Der Mutter des unschuldigen Kindes hat</Unicode>
                </TextEquiv>
            </TextLine>
            <TextLine id="tr_1_tl_41" custom="readingOrder {index:40;}">
                <Coords points="2408,3423 4151,3325 4156,3248 2412,3346"/>
                <Baseline points="2420,3402 2459,3396 2504,3396 2549,3393 2593,3393 2638,3390 2683,3387 2728,3387 2772,3384 2817,3381 2862,3378 2907,3375 2952,3372 2996,3366 3041,3363 3086,3363 3131,3358 3175,3358 3220,3352 3265,3352 3310,3349 3355,3346 3399,3340 3444,3340 3489,3337 3534,3337 3578,3334 3623,3331 3668,3328 3713,3325 3757,3322 3802,3322 3847,3319 3892,3313 3937,3310 3981,3307 4026,3307 4071,3301 4116,3298 4160,3292"/>
                <TextEquiv>
                    <Unicode>man beinah verzeihen können — wir beweinen es alle wie</Unicode>
                </TextEquiv>
            </TextLine>
            <TextLine id="tr_1_tl_42" custom="readingOrder {index:41;}">
                <Coords points="2405,3483 3654,3408 3817,3454 4156,3404 4160,3316 2410,3421"/>
                <Baseline points="2420,3465 2462,3468 2507,3465 2552,3465 2596,3465 2641,3459 2686,3459 2731,3456 2775,3453 2820,3453 2865,3450 2910,3447 2955,3444 2999,3441 3044,3435 3089,3432 3134,3432 3178,3432 3223,3429 3268,3423 3313,3417 3358,3417 3402,3414 3447,3411 3492,3408 3537,3405 3581,3405 3626,3402 3671,3399 3716,3396 3760,3390 3805,3390 3850,3387 3895,3384 3940,3384 3984,3378 4029,3378 4074,3372 4119,3369 4163,3366"/>
                <TextEquiv>
                    <Unicode>Sie — aber den großen Irrthum hat man mit ihm begraben.</Unicode>
                </TextEquiv>
            </TextLine>
            <TextLine id="tr_1_tl_43" custom="readingOrder {index:42;}">
                <Coords points="2898,3575 2957,3549 3041,3575 3096,3553 3184,3591 3467,3518 3665,3525 3672,3421 3351,3428 3278,3454 3197,3434 3157,3459 3131,3434 3036,3474 2905,3454"/>
                <Baseline points="2913,3525 2958,3516 3002,3513 3047,3510 3092,3507 3137,3504 3181,3501 3226,3498 3271,3495 3316,3492 3361,3489 3405,3486 3450,3486 3495,3480 3540,3477 3584,3474 3629,3474 3674,3474"/>
                <TextEquiv>
                    <Unicode>Als Manuscript gedruckt.</Unicode>
                </TextEquiv>
            </TextLine>
        </TextRegion>
    </Page>
</PcGts>
