3320 4072
2195 183 3040 459 Ges. Freien Ges.
369 196 632 449 Ahr
2249 412 3123 642 in man que mai
406 376 1829 692 somme des ganze Offiziers.
353 589 1620 855 guthene. Ausstellung
402 805 2604 1104 Gustav Haut herein! Niemand dr.
353 925 3024 1224 Fuli. Wenn Streit ist sehr angericht, da ich
306 1197 931 1437 ab pfact.
299 1387 2418 1646 Mutter. Ich sie Jsas E ist fort.
386 1580 1350 1766 Mös ausrichten?
439 1690 2801 1969 Nun - Ob ich lass ihm ein Karte die Gaart
299 1886 1933 2109 wir sind weil der Gute trichtig¬
386 2046 1620 2245 Zt sei läß, ist zur trück.
236 2242 333 2388 3
392 2252 1204 2478 Dizie leidchen.
432 2382 1726 2584 lasst sie Frau X. allein: -
426 2478 3000 2744 Zwider geht – diesebeit sein Trechte sieraus, tres
359 2678 2837 2960 Porter B. Kommt. Moll Sie nicht haben?
306 2917 1773 3143 der Kein ist gleich aus  s. w.
333 2997 2791 3336 W. ich hat kein Zeit. Ja ich in 2 Ständen
276 3310 1404 3532 mit justa way. -
