4728 4056
1445 453 1548 541 18
3285 418 3412 543 19
2592 550 4224 748 Betty (merkt, daß Agnes am Fenster steht, geht hin). Nun, was
745 572 2372 699 Lulu. Na da, wo meine Hand hinzeigt. So... Du
618 633 1941 767 bist der Schiedsrichter, Franzi, also aufpassen.
2687 664 3406 763 Was ist denn gescheh'n?
2463 686 2632 774 denn?
2608 739 3234 833 Emma. Was denn?
745 730 1832 822 Franziska. Ja, ich paß' schon auf.
2608 756 4092 897 Betty. Ein Wagen steht da und viele — Leute.
750 767 2355 897 Lulu. Wenn Du in die Luft schaust.. (Mit Bewegungen.)
2610 860 3626 976 Agnes. Der Hugo, der Hugo
811 864 1161 956 Vorwärts!
613 842 737 963 Huß
2608 901 4230 1064 Betty (öffnet den Mund, als wenn sie schreien wollte, geht dann
745 915 1660 1040 Agnes. Der rechte wird's...
734 996 1286 1106 Lulu. Der linke
2471 1027 2825 1113 nach rechts ab).
2606 1049 3729 1176 Emma (bei Agnes). So red doch 'was.
743 1075 1513 1148 Agnes. Nein — meiner.
2902 1091 4090 1238 Mama! Mama! Sie haben ihn gebracht.
734 1137 1414 1238 Lulu. Huß! — Huß!
2617 1154 2841 1249 Agnes.
743 1209 2357 1328 Agnes. Deiner kommt ja nicht vom Fleck. Schau, wie
2900 1216 3241 1304 Wen, wen?
2608 1227 2847 1313 Emma.
2900 1249 4246 1429 Aus dem Wagen heraus... getragen... den
596 1251 978 1368 meiner fliegt!
2614 1291 2847 1398 Agnes.
737 1304 2263 1429 Lulu. Das ist keine Kunst — so ein Kutschirwagerl.
2480 1368 2643 1460 Hugo
600 1416 2350 1515 Meiner ist ein Viersitzer, das hab' ich von weitem garnicht..
2614 1394 3083 1515 Emma. Todt?
2614 1449 3780 1587 Agnes. Ich weiss nicht, ich weiß nicht.
594 1473 1671 1585 Ah, siehst, er überholt ihn doch noch.
728 1548 1321 1640 Agnes. Vorwärts!
2623 1555 3342 1660 Emma (gleichfalls rechts ab).
2621 1601 4239 1719 Agnes (steht wie ohnmächtig an den Schreibtisch gelehnt. Horcht
726 1618 1203 1719 Lulu. Meiner!
2487 1664 4235 1770 angstvoll. Lärm auf der Treppe ist schon seit der ersten Frage Frau
730 1645 2032 1781 Agnes. Um was haben wir denn gewettet?
2491 1719 4244 1827 Emma's zu hören. Der Lärm wird lauter. Man hört Stimmen im
719 1739 2342 1838 Lulu. Wenn nichts gesagt wird, ist es immer ein Sechserl.
2491 1779 4241 1876 Vorzimmer, auch von der Treppe herauf hört man Stimmen. Die
2487 1838 4244 1935 Thüre rechts vorn wird plötzlich flügelweit aufgestoßen. Agnes, die mit dem
726 1818 1383 1917 Agnes. Ich gewinn’!
2482 1893 4241 1988 Rücken zur Thüre steht, bebt zusammen. Sie wendet sich um; ein Dienst¬
717 1889 1926 1981 Lulu. Der fährt ja auf unser Haus zu.
2491 1946 4241 2056 mädchen kommt zuerst herein, sehr confus, als wenn sie etwas suchte,
723 1959 1845 2060 Agnes. Meiner ist schon über's Ziel.
2489 2005 4244 2098 rückt den Divan ganz sinnlos, geht dann rasch zu den Fenstern, die sie
717 2018 1638 2115 Lulu. Ja, was ist denn das?
2502 2049 4241 2157 schließt; gleich darauf ein Arzt, sehr rasch hinter ihm Franziska, auf
726 2071 2342 2212 Agnes (hat sich auf einen Sessel gesetzt nächst dem Fenster). Ge¬
2498 2146 2775 2232 Agnes zu.)
2632 2133 4244 2306 Franziska. Er lebt. Vom Pferd ist er gestürzt. Aber
580 2159 1075 2256 wonnen hab' ich.
717 2216 2001 2346 Lulu. Meiner bleibt ja stehen vorm Thor.
2487 2260 2718 2379 er lebt.
717 2300 1697 2388 Franziska. Was ist denn das?
3144 2302 3575 2458 10. Auftritt.
712 2355 2106 2465 Lulu. Die Leut' schauen in den Wagen hinein.
2161 2344 2348 2480 — Da —
2496 2355 4252 2540 (Hugo wird theils herein getragen, theils geführt, seine Mutter und
578 2425 2337 2546 steigt einer aus. — Wen haben sie denn da — (auf's höchste
2496 2491 4257 2643 ein fremder Mann stützen ihn. Er hat die Augen geschlossen, ist
574 2507 1161 2610 erschrocken) der Hugo!
3223 2557 3533 2652 todtenblaß.)
708 2551 1645 2680 Franziska. Um Gotteswillen!
2632 2621 3511 2737 Arzt. Also hieher, vorläufig.
715 2603 2337 2773 Agnes (steht fürchterlich erschrocken auf, zum Fenster). (Schreit
2643 2691 4255 2806 Agnes (mit großen Augen, als kennte sie ihn garnicht, schaut ihn an).
572 2707 860 2801 auf.) Ah!
2643 2777 4261 2887 Franziska (läuft zum Divan, ist den anderen behilflich, wie sie
572 2737 2328 2885 (Franziska und Lulu eilen vom Fenster weg durchs Zimmer, rechts ab.)
2509 2828 4252 2949 ihn auf den Divan betten. Die Thür ist noch nicht geschlossen, es treten
704 2850 2313 2938 Agnes (steht noch einen Augenblick beim Fenster, greift dann nach
2509 2889 4259 2990 ein: Frau Emma mit Lulu. Man sieht noch andere Leute hinter ihnen
567 2905 866 3023 der Stirne).
2504 2940 4270 3091 Lulu, der verweint ist, sieht sich um, macht ein zorniges Gesicht, schließt
1262 2982 1645 3129 9. Austritt.
2509 3034 2850 3140 beide Flügel).
2649 3054 3984 3164 Arzt. Um Ruhe möchte ich bitten vor Allem.
2654 3107 4266 3256 Frau Betty (als hätte sie schon öfter gefragt, zum Arzt). Es
627 3102 2256 3239 Agnes. (Von links) Fr. Betty. (Gleich nach ihr) Pr. Emma.
693 3186 1398 3309 Betty. Was ist denn?
2507 3212 3415 3338 ist nicht gefährlich, nicht wahr?
2982 3241 3760 3417 Als Manuscript gedruckt.
695 3281 2320 3397 Emma (gleich nach ihr). Haft Du so geschrien? Was hast
3876 3320 3964 3443 2*
558 3344 864 3461 Du denn?
