3320 4056
2636 217 2733 379 e
1287 460 1884 655 Zweiter Akt.
464 626 2059 846 Etwa wie jetzt d r erste. Kürzen
464 765 2853 989 Gustav: Ist Hugo schon zu Haus? Ich gehe heute mit
464 911 2776 1141 Wisozki soupieren. Hugo soll nachkommen u. s. w.
473 1138 960 1294 Tod Hugos
460 1226 2588 1430 Vielleicht erkennt Ferdinand die Toni wieder?
464 1407 1184 1602 Dritter Akt...
480 1553 1800 1738 Toni im Hause Losatti. Kind.
483 1680 3067 1864 Agnes kommt zärtlich. Emma und Toni. Toni spricht davon
483 1851 2095 2062 wie sie sich kennen gelernt haben.
493 2027 1122 2185 Gustav kommt.
493 2017 3006 2348 Toni Franziska gehen weg, mit Agnes.. In die Wohnung,
506 2286 2665 2497 Betti und Emma: Wie man seine Kinde nicht hat.
503 2448 1790 2652 Adolf nach Hause. Trompete,
509 2445 2944 2827 Doctor kommt. : Toni weg, das Kind behalten. Sie wir
522 2772 1291 2957 ja totfroh sein.
525 2805 3135 3032 Ferdinand und Emma. : Gespräch über Tugend und Laster.
567 3067 1294 3223 Vierte Akt....
532 3110 2231 3359 In Tonis früherer Wohnung. Gesperrt
541 3272 2438 3534 Eintreten voh Franziska, Agnes und Toni.
558 3408 3048 3658 Sie sollen immer bei uns bleiben. Der fremde Ton mus
