<?xml version="1.0" encoding="UTF-8" standalone="yes"?>
<PcGts xmlns="http://schema.primaresearch.org/PAGE/gts/pagecontent/2013-07-15" xmlns:xsi="http://www.w3.org/2001/XMLSchema-instance" xsi:schemaLocation="http://schema.primaresearch.org/PAGE/gts/pagecontent/2013-07-15 http://schema.primaresearch.org/PAGE/gts/pagecontent/2013-07-15/pagecontent.xsd">
    <Metadata>
        <Creator>prov=READ-COOP:name=TrHtr:version=2.1.0:model_id=51170:date=29_07_2023_00:39</Creator>
        <Created>2023-05-10T12:04:06.397+02:00</Created>
        <LastChange>2023-07-29T00:39:00.686+02:00</LastChange>
        <TranskribusMetadata docId="1428183" pageId="55396643" pageNr="99" tsid="131387919" status="IN_PROGRESS" userId="64420" imgUrl="https://files.transkribus.eu/Get?id=GQXUBEZJUKQERKQQEWATMDAT&amp;fileType=view" xmlUrl="https://files.transkribus.eu/Get?id=YTACGPFFSRPZGLWDWCAHCPRM" imageId="44671521"/>
    </Metadata>
    <Page imageFilename="1428183_0099.jpg" imageWidth="4744" imageHeight="4088">
        <ReadingOrder>
            <OrderedGroup id="ro_1711800692419" caption="Regions reading order">
                <RegionRefIndexed index="0" regionRef="tr_1"/>
            </OrderedGroup>
        </ReadingOrder>
        <TextRegion id="tr_1" custom="readingOrder {index:0;}">
            <Coords points="611,490 4267,490 4267,3414 611,3414"/>
            <TextLine id="tr_1_tl_1" custom="readingOrder {index:0;}">
                <Coords points="1499,569 1520,569 1532,582 1545,578 1566,582 1574,569 1620,561 1620,477 1591,481 1536,444 1520,465 1499,465"/>
                <Baseline points="1521,540 1566,543 1611,543 1629,543"/>
                <TextEquiv>
                    <Unicode>26</Unicode>
                </TextEquiv>
            </TextLine>
            <TextLine id="tr_1_tl_2" custom="readingOrder {index:1;}">
                <Coords points="2771,674 2809,678 2813,687 2880,670 2897,674 2905,687 2918,674 2964,674 2968,578 2943,582 2909,557 2897,565 2889,557 2876,569 2868,561 2847,561 2838,569 2813,553 2780,553"/>
                <Baseline points="2798,668 2801,668 2846,668 2891,665 2936,662 2980,662"/>
                <TextEquiv>
                    <Unicode>Holen,</Unicode>
                </TextEquiv>
            </TextLine>
            <TextLine id="tr_1_tl_3" custom="readingOrder {index:2;}">
                <Coords points="812,682 2223,733 2424,707 2424,628 2219,582 1926,632 1524,574 1411,620 1147,561 808,590"/>
                <Baseline points="835,668 880,671 925,674 969,674 1014,677 1059,680 1104,677 1148,677 1193,677 1238,677 1283,677 1327,677 1372,680 1417,683 1462,683 1506,683 1551,683 1596,689 1641,689 1685,686 1730,686 1775,686 1820,686 1864,686 1909,689 1954,689 1999,689 2044,689 2088,695 2133,692 2178,695 2223,695 2267,698 2312,698 2357,698 2402,698 2434,701"/>
                <TextEquiv>
                    <Unicode>Betty. Hör' mich ruhig an, Adolf, Du siehst ja, wi</Unicode>
                </TextEquiv>
            </TextLine>
            <TextLine id="tr_1_tl_4" custom="readingOrder {index:3;}">
                <Coords points="2499,682 2566,699 2583,687 2633,699 2662,699 2679,682 2717,691 2725,578 2633,590 2591,565 2554,565 2533,582 2508,578"/>
                <Baseline points="2524,683 2554,683 2599,683 2643,677 2688,677 2733,674"/>
                <TextEquiv>
                    <Unicode>Hugo</Unicode>
                </TextEquiv>
            </TextLine>
            <TextLine id="tr_1_tl_5" custom="readingOrder {index:4;}">
                <Coords points="2771,749 3738,707 3743,628 3357,649 3290,624 3202,661 3136,628 2989,687 2775,674"/>
                <Baseline points="2795,734 2810,734 2855,734 2900,731 2945,728 2989,725 3034,725 3079,725 3124,722 3168,719 3213,716 3258,713 3303,713 3347,707 3392,707 3437,704 3482,701 3527,698 3571,698 3616,695 3661,692 3706,689 3750,689"/>
                <TextEquiv>
                    <Unicode>Wie? Unter welchem Vorwand:</Unicode>
                </TextEquiv>
            </TextLine>
            <TextLine id="tr_1_tl_6" custom="readingOrder {index:5;}">
                <Coords points="674,795 712,800 774,762 825,770 892,741 929,766 1017,749 1055,779 1109,758 1105,661 1042,699 996,682 950,699 879,695 812,670 674,707"/>
                <Baseline points="698,740 743,740 787,740 832,740 877,740 922,743 966,743 1011,743 1056,745 1101,745 1118,748"/>
                <TextEquiv>
                    <Unicode>er sich aufregt.</Unicode>
                </TextEquiv>
            </TextLine>
            <TextLine id="tr_1_tl_7" custom="readingOrder {index:6;}">
                <Coords points="2508,754 2570,754 2587,770 2625,754 2650,774 2688,774 2704,762 2729,766 2734,682 2709,682 2700,691 2683,682 2662,703 2637,703 2625,691 2608,695 2587,682 2575,695 2508,687"/>
                <Baseline points="2530,745 2563,748 2607,745 2652,745 2697,743 2742,743"/>
                <TextEquiv>
                    <Unicode>Adolf</Unicode>
                </TextEquiv>
            </TextLine>
            <TextLine id="tr_1_tl_8" custom="readingOrder {index:7;}">
                <Coords points="2780,808 3010,804 3052,837 3094,800 3600,787 3604,716 2784,749"/>
                <Baseline points="2801,802 2807,799 2852,799 2897,799 2942,796 2986,796 3031,793 3076,793 3121,790 3165,787 3210,784 3255,781 3300,778 3344,775 3389,772 3434,772 3479,769 3524,766 3568,763 3613,763"/>
                <TextEquiv>
                    <Unicode>Es braucht keinen Vorwand.</Unicode>
                </TextEquiv>
            </TextLine>
            <TextLine id="tr_1_tl_9" custom="readingOrder {index:8;}">
                <Coords points="816,825 2344,858 2411,841 2411,720 2156,749 1842,691 1289,754 1227,712 1067,779 816,754"/>
                <Baseline points="841,808 886,808 930,808 975,808 1020,811 1065,811 1110,811 1154,811 1199,811 1244,808 1289,808 1333,811 1378,814 1423,814 1468,814 1512,817 1557,820 1602,823 1647,820 1691,820 1736,817 1781,817 1826,820 1870,823 1915,823 1960,823 2005,826 2049,826 2094,826 2139,823 2184,826 2229,826 2273,829 2318,829 2363,832 2408,832 2422,832"/>
                <TextEquiv>
                    <Unicode>Adolf. Du wirst doch zugeben, daß es in diesen</Unicode>
                </TextEquiv>
            </TextLine>
            <TextLine id="tr_1_tl_10" custom="readingOrder {index:9;}">
                <Coords points="2512,821 2537,821 2570,837 2587,825 2595,833 2642,829 2650,837 2671,837 2692,821 2738,821 2738,770 2713,762 2692,770 2662,762 2587,770 2570,758 2545,758 2533,770 2512,770"/>
                <Baseline points="2536,817 2563,814 2607,814 2652,814 2697,811 2742,811"/>
                <TextEquiv>
                    <Unicode>Hugo.</Unicode>
                </TextEquiv>
            </TextLine>
            <TextLine id="tr_1_tl_11" custom="readingOrder {index:10;}">
                <Coords points="2775,896 3609,841 3713,892 3743,887 3751,754 3094,800 3060,829 2784,804"/>
                <Baseline points="2801,874 2819,874 2864,871 2909,868 2954,868 2998,868 3043,862 3088,859 3133,859 3177,856 3222,853 3267,850 3312,847 3356,844 3401,841 3446,838 3491,838 3535,835 3580,832 3625,829 3670,829 3715,826 3759,829"/>
                <TextEquiv>
                    <Unicode>Junge! Du hast eine Schwester.</Unicode>
                </TextEquiv>
            </TextLine>
            <TextLine id="tr_1_tl_12" custom="readingOrder {index:11;}">
                <Coords points="661,883 2420,942 2382,841 661,804"/>
                <Baseline points="686,874 731,874 775,877 820,874 865,877 910,877 954,877 999,877 1044,877 1089,877 1133,880 1178,877 1223,880 1268,880 1312,880 1357,883 1402,883 1447,883 1491,886 1536,886 1581,886 1626,886 1671,886 1715,889 1760,889 1805,889 1850,889 1894,892 1939,892 1984,892 2029,892 2073,892 2118,895 2163,895 2208,898 2252,898 2297,901 2342,901 2387,901 2425,904"/>
                <TextEquiv>
                    <Unicode>Momente Wichtigeres giebt, als eine Geliebte, und wenn sie</Unicode>
                </TextEquiv>
            </TextLine>
            <TextLine id="tr_1_tl_13" custom="readingOrder {index:12;}">
                <Coords points="2512,908 2533,908 2566,892 2604,904 2633,892 2742,904 2746,816 2692,821 2675,837 2646,829 2600,833 2587,821 2575,833 2516,829"/>
                <Baseline points="2533,880 2572,883 2616,883 2661,880 2706,877 2751,874"/>
                <TextEquiv>
                    <Unicode>Adolf.</Unicode>
                </TextEquiv>
            </TextLine>
            <TextLine id="tr_1_tl_14" custom="readingOrder {index:13;}">
                <Coords points="2512,967 2939,950 2968,971 3035,938 3223,938 3228,867 3056,854 2947,896 2817,879 2746,913 2637,887 2516,896"/>
                <Baseline points="2536,957 2566,954 2610,951 2655,948 2700,948 2745,945 2789,942 2834,939 2879,936 2924,933 2969,930 3013,930 3058,930 3103,928 3148,922 3192,922 3237,916"/>
                <TextEquiv>
                    <Unicode>Hugo. Gott sei Dank</Unicode>
                </TextEquiv>
            </TextLine>
            <TextLine id="tr_1_tl_15" custom="readingOrder {index:14;}">
                <Coords points="666,963 754,1005 833,950 1658,971 1687,967 1687,896 666,908"/>
                <Baseline points="689,942 734,942 778,942 823,942 868,942 913,942 957,945 1002,945 1047,945 1092,945 1136,948 1181,945 1226,948 1271,948 1315,948 1360,948 1405,951 1450,951 1494,951 1539,954 1584,951 1629,951 1673,954 1697,951"/>
                <TextEquiv>
                    <Unicode>noch so schön ist. Man muß doch</Unicode>
                </TextEquiv>
            </TextLine>
            <TextLine id="tr_1_tl_16" custom="readingOrder {index:15;}">
                <Coords points="2528,1038 3609,975 3763,1005 3876,980 3881,887 3600,850 3353,946 2533,967"/>
                <Baseline points="2551,1017 2593,1020 2637,1017 2682,1014 2727,1011 2772,1008 2816,1008 2861,1008 2906,1005 2951,1002 2995,1002 3040,999 3085,996 3130,993 3174,990 3219,990 3264,987 3309,984 3353,981 3398,978 3443,975 3488,975 3532,972 3577,969 3622,969 3667,966 3712,963 3756,960 3801,957 3846,954 3891,951"/>
                <TextEquiv>
                    <Unicode>Adolf (wie mit einem plötzlichen Entschluß). Unsinn!</Unicode>
                </TextEquiv>
            </TextLine>
            <TextLine id="tr_1_tl_17" custom="readingOrder {index:16;}">
                <Coords points="800,1034 2374,1084 2374,971 2131,908 1867,992 1750,950 800,954"/>
                <Baseline points="823,1008 868,1011 913,1011 957,1011 1002,1014 1047,1014 1092,1014 1136,1014 1181,1017 1226,1014 1271,1017 1315,1017 1360,1020 1405,1020 1450,1023 1494,1020 1539,1023 1584,1020 1629,1020 1673,1020 1718,1023 1763,1023 1808,1023 1853,1026 1897,1029 1942,1026 1987,1026 2032,1029 2076,1029 2121,1029 2166,1032 2211,1032 2255,1035 2300,1038 2345,1038 2384,1041"/>
                <TextEquiv>
                    <Unicode>Betty. Er will, daß seine Geliebte und sein Kind.</Unicode>
                </TextEquiv>
            </TextLine>
            <TextLine id="tr_1_tl_18" custom="readingOrder {index:17;}">
                <Coords points="2520,1088 3981,1042 4010,946 3382,1021 2524,1021"/>
                <Baseline points="2542,1086 2581,1089 2625,1089 2670,1083 2715,1083 2760,1080 2804,1074 2849,1071 2894,1071 2939,1071 2983,1068 3028,1065 3073,1062 3118,1062 3162,1062 3207,1059 3252,1056 3297,1053 3342,1050 3386,1050 3431,1047 3476,1044 3521,1041 3565,1038 3610,1035 3655,1035 3700,1032 3744,1032 3789,1029 3834,1026 3879,1023 3923,1020 3968,1017 4013,1014"/>
                <TextEquiv>
                    <Unicode>Hugo. Schicke fort, Mama, es wird zu spät</Unicode>
                </TextEquiv>
            </TextLine>
            <TextLine id="tr_1_tl_19" custom="readingOrder {index:18;}">
                <Coords points="800,1084 1005,1109 1038,1093 1101,1118 1206,1088 1490,1109 1486,1021 1423,1047 1331,1017 1302,1042 1072,1021 1038,1042 1013,1021 800,1034"/>
                <Baseline points="823,1077 868,1080 913,1080 957,1080 1002,1080 1047,1080 1092,1083 1136,1083 1181,1086 1226,1086 1271,1086 1315,1086 1360,1089 1405,1092 1450,1092 1494,1089 1497,1089"/>
                <TextEquiv>
                    <Unicode>Adolf (heftige Bewegung)</Unicode>
                </TextEquiv>
            </TextLine>
            <TextLine id="tr_1_tl_20" custom="readingOrder {index:19;}">
                <Coords points="2516,1185 4023,1114 4140,1097 4144,996 3818,1059 2520,1114"/>
                <Baseline points="2545,1154 2584,1154 2628,1154 2673,1151 2718,1151 2763,1148 2807,1145 2852,1142 2897,1142 2942,1139 2986,1136 3031,1136 3076,1133 3121,1130 3165,1127 3210,1127 3255,1124 3300,1121 3344,1121 3389,1115 3434,1113 3479,1110 3524,1110 3568,1107 3613,1104 3658,1104 3703,1101 3747,1098 3792,1095 3837,1095 3882,1089 3926,1086 3971,1083 4016,1080 4061,1077 4105,1077 4150,1077"/>
                <TextEquiv>
                    <Unicode>Adolf (während ihm Betty das Papier nehmen will). Was denn</Unicode>
                </TextEquiv>
            </TextLine>
            <TextLine id="tr_1_tl_21" custom="readingOrder {index:20;}">
                <Coords points="800,1164 1122,1151 1164,1189 1197,1160 1239,1181 1294,1160 1369,1164 1398,1193 1541,1164 1536,1088 1511,1084 1428,1114 1206,1084 1047,1118 959,1084 795,1088"/>
                <Baseline points="820,1142 865,1145 910,1148 954,1148 999,1148 1044,1148 1089,1142 1133,1145 1178,1151 1223,1151 1268,1151 1312,1151 1357,1154 1402,1154 1447,1154 1491,1154 1536,1157 1545,1154"/>
                <TextEquiv>
                    <Unicode>Betty. — hieherkommen.</Unicode>
                </TextEquiv>
            </TextLine>
            <TextLine id="tr_1_tl_22" custom="readingOrder {index:21;}">
                <Coords points="2407,1243 4149,1172 4153,1097 2411,1164"/>
                <Baseline points="2434,1226 2458,1229 2503,1229 2548,1229 2593,1226 2637,1220 2682,1217 2727,1217 2772,1214 2816,1214 2861,1211 2906,1208 2951,1205 2995,1202 3040,1202 3085,1199 3130,1196 3174,1196 3219,1190 3264,1190 3309,1184 3353,1184 3398,1184 3443,1181 3488,1178 3532,1178 3577,1175 3622,1172 3667,1169 3712,1166 3756,1166 3801,1163 3846,1160 3891,1157 3935,1154 3980,1151 4025,1151 4070,1145 4114,1142 4159,1142"/>
                <TextEquiv>
                    <Unicode>Wen willst Du denn schicken? Man kann doch nicht das</Unicode>
                </TextEquiv>
            </TextLine>
            <TextLine id="tr_1_tl_23" custom="readingOrder {index:22;}">
                <Coords points="800,1222 871,1243 938,1231 971,1256 1009,1235 1021,1248 1051,1218 1134,1214 1201,1243 1268,1231 1335,1268 1373,1256 1373,1168 1201,1160 1160,1185 1059,1147 980,1172 800,1164"/>
                <Baseline points="823,1214 868,1214 913,1217 957,1217 1002,1217 1020,1220 1038,1214 1083,1214 1127,1211 1172,1214 1217,1220 1262,1220 1306,1220 1351,1220 1384,1223"/>
                <TextEquiv>
                    <Unicode>Adolf. — Hieher</Unicode>
                </TextEquiv>
            </TextLine>
            <TextLine id="tr_1_tl_24" custom="readingOrder {index:23;}">
                <Coords points="2424,1310 3973,1248 4153,1231 4157,1160 2428,1243"/>
                <Baseline points="2446,1298 2464,1298 2509,1298 2554,1295 2599,1295 2643,1292 2688,1289 2733,1286 2778,1283 2822,1280 2867,1280 2912,1277 2957,1274 3001,1274 3046,1271 3091,1271 3136,1268 3180,1265 3225,1259 3270,1256 3315,1256 3359,1256 3404,1253 3449,1250 3494,1247 3538,1244 3583,1241 3628,1238 3673,1235 3717,1232 3762,1232 3807,1229 3852,1226 3897,1226 3941,1223 3986,1220 4031,1217 4076,1214 4120,1214 4165,1214"/>
                <TextEquiv>
                    <Unicode>Stubenmädchen schicken, um die Geliebte und das Kind vom</Unicode>
                </TextEquiv>
            </TextLine>
            <TextLine id="tr_1_tl_25" custom="readingOrder {index:24;}">
                <Coords points="1486,1243 2055,1235 2110,1273 2328,1277 2323,1118 2181,1105 2022,1172 1921,1118 1813,1172 1641,1130 1482,1172"/>
                <Baseline points="1509,1223 1554,1223 1599,1226 1644,1226 1688,1226 1733,1226 1778,1226 1823,1223 1867,1223 1912,1229 1957,1232 2002,1232 2046,1235 2091,1235 2136,1238 2181,1238 2226,1238 2270,1238 2315,1238 2339,1238"/>
                <TextEquiv>
                    <Unicode>sein Kind — Du hast ein</Unicode>
                </TextEquiv>
            </TextLine>
            <TextLine id="tr_1_tl_26" custom="readingOrder {index:25;}">
                <Coords points="795,1365 4082,1361 4157,1227 795,1289"/>
                <Baseline points="817,1345 862,1351 907,1351 951,1354 996,1354 1041,1351 1086,1351 1130,1351 1175,1354 1220,1354 1265,1357 1309,1360 1354,1360 1399,1360 1444,1363 1488,1363 1533,1363 1578,1363 1623,1363 1668,1363 1712,1366 1757,1363 1802,1366 1847,1366 1891,1366 1936,1369 1981,1372 2026,1372 2070,1372 2115,1375 2160,1375 2205,1378 2249,1378 2294,1378 2339,1378 2384,1378 2416,1375 2455,1372 2464,1372 2509,1366 2554,1366 2599,1363 2643,1363 2688,1357 2733,1354 2778,1351 2822,1351 2867,1348 2912,1345 2957,1342 3001,1342 3046,1339 3091,1336 3136,1333 3180,1330 3225,1327 3270,1327 3315,1327 3359,1321 3404,1318 3449,1315 3494,1315 3538,1312 3583,1309 3628,1306 3673,1306 3717,1303 3762,1300 3807,1300 3852,1298 3897,1295 3941,1289 3986,1289 4031,1286 4076,1283 4120,1280 4165,1280"/>
                <TextEquiv>
                    <Unicode>Betty. Er will, daß wir sein Kind und die Mutter in jungen Herrn abzuholen. So viel Verstand werdet Ihr Beide</Unicode>
                </TextEquiv>
            </TextLine>
            <TextLine id="tr_1_tl_27" custom="readingOrder {index:26;}">
                <Coords points="657,1298 699,1302 728,1331 766,1340 816,1294 850,1285 896,1306 980,1294 980,1227 950,1222 871,1243 850,1227 795,1218 774,1201 745,1206 716,1189 682,1218 657,1214"/>
                <Baseline points="680,1283 725,1283 769,1283 814,1283 841,1286 877,1286 922,1289 966,1289 990,1289"/>
                <TextEquiv>
                    <Unicode>Kind?</Unicode>
                </TextEquiv>
            </TextLine>
            <TextLine id="tr_1_tl_28" custom="readingOrder {index:27;}">
                <Coords points="1009,1302 2055,1310 2055,1248 2022,1243 1520,1248 1432,1218 1331,1264 1009,1214"/>
                <Baseline points="1032,1283 1077,1289 1121,1289 1166,1289 1211,1289 1256,1289 1300,1292 1345,1292 1390,1292 1435,1292 1480,1292 1524,1295 1569,1295 1614,1295 1659,1295 1703,1295 1748,1298 1793,1298 1838,1298 1882,1298 1927,1300 1972,1300 2017,1300 2061,1300 2064,1298"/>
                <TextEquiv>
                    <Unicode>Hieher? was heißt das alles?</Unicode>
                </TextEquiv>
            </TextLine>
            <TextLine id="tr_1_tl_29" custom="readingOrder {index:28;}">
                <Coords points="2441,1448 2524,1482 2579,1440 2646,1432 2679,1448 2709,1432 2759,1465 2826,1428 2872,1440 2901,1419 2930,1440 2964,1419 2989,1436 3085,1419 3089,1356 2901,1373 2834,1352 2813,1373 2562,1373 2541,1390 2445,1377"/>
                <Baseline points="2464,1438 2473,1438 2518,1435 2563,1429 2607,1429 2652,1429 2697,1426 2742,1423 2787,1417 2831,1420 2876,1417 2921,1414 2966,1411 3010,1408 3055,1405 3100,1405"/>
                <TextEquiv>
                    <Unicode>och noch übrig haben.</Unicode>
                </TextEquiv>
            </TextLine>
            <TextLine id="tr_1_tl_30" custom="readingOrder {index:29;}">
                <Coords points="649,1444 687,1448 707,1432 737,1448 795,1448 821,1423 862,1440 892,1428 904,1440 1005,1432 1005,1373 896,1369 875,1356 812,1377 774,1340 699,1365 649,1356"/>
                <Baseline points="671,1417 716,1417 760,1417 805,1420 823,1423 850,1423 895,1420 939,1420 984,1423 1014,1423"/>
                <TextEquiv>
                    <Unicode>unser Haus</Unicode>
                </TextEquiv>
            </TextLine>
            <TextLine id="tr_1_tl_31" custom="readingOrder {index:30;}">
                <Coords points="2541,1511 3202,1478 3307,1541 3604,1453 3856,1503 4094,1432 4174,1465 4182,1331 3910,1381 3165,1348 2989,1436 2545,1440"/>
                <Baseline points="2566,1497 2572,1497 2616,1500 2661,1497 2706,1494 2751,1491 2795,1488 2840,1486 2885,1483 2930,1480 2974,1477 3019,1477 3064,1474 3109,1471 3154,1471 3198,1468 3243,1468 3288,1465 3333,1462 3377,1459 3422,1459 3467,1456 3512,1453 3556,1450 3601,1447 3646,1444 3691,1441 3735,1438 3780,1438 3825,1435 3870,1432 3914,1432 3959,1429 4004,1426 4049,1423 4093,1420 4138,1417 4183,1417"/>
                <TextEquiv>
                    <Unicode>Hugo. Um Gotteswillen, Papa, um solche Dinge handelt</Unicode>
                </TextEquiv>
            </TextLine>
            <TextLine id="tr_1_tl_32" custom="readingOrder {index:31;}">
                <Coords points="996,1461 1063,1448 1084,1432 1176,1432 1197,1448 1222,1436 1340,1444 1340,1365 1285,1381 1168,1356 1147,1377 1076,1361 996,1369"/>
                <Baseline points="1020,1420 1065,1423 1110,1420 1154,1423 1199,1426 1244,1426 1289,1426 1333,1426 1351,1429"/>
                <TextEquiv>
                    <Unicode>aufnehmen.</Unicode>
                </TextEquiv>
            </TextLine>
            <TextLine id="tr_1_tl_33" custom="readingOrder {index:32;}">
                <Coords points="787,1511 808,1511 821,1499 875,1503 887,1515 925,1499 996,1511 996,1432 950,1432 917,1440 913,1448 896,1436 867,1444 837,1423 787,1436"/>
                <Baseline points="808,1486 853,1488 898,1488 942,1488 987,1488 1008,1491"/>
                <TextEquiv>
                    <Unicode>Adolf</Unicode>
                </TextEquiv>
            </TextLine>
            <TextLine id="tr_1_tl_34" custom="readingOrder {index:33;}">
                <Coords points="1055,1494 1310,1528 1386,1503 1750,1528 1783,1499 2068,1524 2068,1453 1917,1432 1813,1465 1700,1390 1557,1448 1432,1411 1356,1448 1055,1436"/>
                <Baseline points="1080,1491 1124,1491 1169,1491 1214,1494 1259,1494 1303,1494 1348,1494 1393,1494 1438,1497 1483,1497 1527,1500 1572,1497 1617,1500 1662,1500 1706,1500 1751,1503 1796,1494 1841,1494 1885,1497 1930,1500 1975,1503 2020,1506 2064,1509 2079,1512"/>
                <TextEquiv>
                    <Unicode>Aufnehmen? aufnehmend? - (Geste.</Unicode>
                </TextEquiv>
            </TextLine>
            <TextLine id="tr_1_tl_35" custom="readingOrder {index:34;}">
                <Coords points="2508,1608 2583,1574 2679,1591 2721,1561 2817,1587 2863,1557 2985,1570 3081,1549 3182,1578 3186,1486 3081,1486 3010,1515 2993,1490 2763,1494 2600,1528 2512,1490"/>
                <Baseline points="2536,1563 2566,1566 2610,1566 2655,1566 2700,1563 2745,1560 2789,1557 2834,1554 2879,1554 2924,1548 2969,1548 3013,1545 3058,1542 3103,1539 3148,1539 3192,1536"/>
                <TextEquiv>
                    <Unicode>sich ja jetzt nicht mehr.</Unicode>
                </TextEquiv>
            </TextLine>
            <TextLine id="tr_1_tl_36" custom="readingOrder {index:35;}">
                <Coords points="2545,1633 4132,1578 4174,1465 2549,1578"/>
                <Baseline points="2569,1629 2613,1632 2658,1632 2703,1629 2748,1626 2792,1626 2837,1626 2882,1623 2927,1620 2972,1617 3016,1614 3061,1611 3106,1611 3151,1608 3195,1605 3240,1602 3285,1602 3330,1599 3374,1596 3419,1593 3464,1590 3509,1587 3553,1584 3598,1584 3643,1581 3688,1578 3732,1578 3777,1575 3822,1572 3867,1569 3911,1566 3956,1563 4001,1563 4046,1560 4090,1554 4135,1551 4180,1548"/>
                <TextEquiv>
                    <Unicode>Adolf. Jetzt nicht, jetzt ücht, aber morgen? und über¬</Unicode>
                </TextEquiv>
            </TextLine>
            <TextLine id="tr_1_tl_37" custom="readingOrder {index:36;}">
                <Coords points="1042,1570 1252,1608 1909,1578 1980,1645 2143,1599 2390,1620 2353,1453 2219,1440 2068,1536 1038,1486"/>
                <Baseline points="1065,1554 1110,1557 1154,1560 1199,1560 1244,1563 1289,1563 1333,1563 1378,1563 1423,1566 1468,1566 1512,1569 1557,1566 1602,1566 1647,1566 1691,1569 1736,1569 1781,1572 1826,1572 1870,1575 1915,1575 1960,1575 2005,1575 2049,1578 2094,1578 2139,1578 2184,1578 2229,1581 2273,1581 2318,1584 2363,1587 2399,1590"/>
                <TextEquiv>
                    <Unicode>Und ich will die beiden noch einmal sehen,..</Unicode>
                </TextEquiv>
            </TextLine>
            <TextLine id="tr_1_tl_38" custom="readingOrder {index:37;}">
                <Coords points="787,1574 846,1578 867,1570 883,1578 904,1574 913,1582 938,1582 946,1574 959,1578 967,1570 992,1570 992,1515 971,1515 963,1507 942,1507 934,1515 904,1503 883,1511 875,1503 816,1503 808,1494 787,1494"/>
                <Baseline points="811,1557 856,1557 901,1557 945,1557 990,1560 999,1560"/>
                <TextEquiv>
                    <Unicode>Hugo</Unicode>
                </TextEquiv>
            </TextLine>
            <TextLine id="tr_1_tl_39" custom="readingOrder {index:38;}">
                <Coords points="640,1641 1808,1649 1808,1587 1758,1574 1239,1599 1047,1549 938,1582 640,1561"/>
                <Baseline points="665,1620 710,1620 754,1623 787,1626 817,1623 862,1623 907,1626 951,1626 996,1626 1041,1626 1086,1629 1130,1626 1175,1629 1220,1632 1265,1632 1309,1635 1354,1632 1399,1632 1444,1635 1488,1635 1533,1638 1578,1635 1623,1635 1668,1638 1712,1638 1757,1641 1802,1644 1817,1644"/>
                <TextEquiv>
                    <Unicode>weil es möglich ist,... daß ich sterbe.</Unicode>
                </TextEquiv>
            </TextLine>
            <TextLine id="tr_1_tl_40" custom="readingOrder {index:39;}">
                <Coords points="2432,1725 4128,1649 4178,1570 2436,1641"/>
                <Baseline points="2458,1706 2482,1709 2527,1706 2572,1703 2616,1703 2661,1700 2706,1697 2751,1694 2795,1691 2840,1691 2885,1688 2930,1688 2974,1685 3019,1682 3064,1679 3109,1679 3154,1676 3198,1673 3243,1671 3288,1668 3333,1668 3377,1665 3422,1665 3467,1659 3512,1659 3556,1653 3601,1650 3646,1647 3691,1647 3735,1641 3780,1638 3825,1638 3870,1638 3914,1635 3959,1635 4004,1629 4049,1626 4093,1626 4138,1623 4183,1620"/>
                <TextEquiv>
                    <Unicode>morgen? Wenn Deine Aufregung vorüber ist? Da ist dann</Unicode>
                </TextEquiv>
            </TextLine>
            <TextLine id="tr_1_tl_41" custom="readingOrder {index:40;}">
                <Coords points="787,1716 808,1716 858,1695 875,1708 925,1708 934,1700 950,1712 1001,1712 996,1633 971,1633 967,1641 917,1637 904,1645 879,1624 858,1637 783,1633"/>
                <Baseline points="808,1688 853,1691 898,1691 942,1691 987,1697 1011,1694"/>
                <TextEquiv>
                    <Unicode>Adolf.</Unicode>
                </TextEquiv>
            </TextLine>
            <TextLine id="tr_1_tl_42" custom="readingOrder {index:41;}">
                <Coords points="2449,1783 3320,1733 3500,1800 3592,1741 3956,1729 4161,1855 4174,1637 2453,1716"/>
                <Baseline points="2473,1775 2485,1778 2530,1775 2575,1772 2619,1769 2664,1766 2709,1766 2754,1763 2798,1763 2843,1760 2888,1760 2933,1757 2977,1754 3022,1751 3067,1748 3112,1745 3157,1745 3201,1739 3246,1739 3291,1736 3336,1733 3380,1733 3425,1730 3470,1727 3515,1724 3559,1721 3604,1721 3649,1718 3694,1718 3738,1715 3783,1712 3828,1709 3873,1706 3917,1703 3962,1700 4007,1697 4052,1697 4096,1694 4141,1691 4186,1691"/>
                <TextEquiv>
                    <Unicode>nichts mehr gut zu machen! Brauchst Du wen andern un</Unicode>
                </TextEquiv>
            </TextLine>
            <TextLine id="tr_1_tl_43" custom="readingOrder {index:42;}">
                <Coords points="1034,1695 1582,1708 1704,1758 1825,1708 2399,1737 2399,1641 2248,1612 2114,1658 1034,1654"/>
                <Baseline points="1059,1694 1104,1694 1148,1694 1193,1697 1238,1700 1283,1700 1327,1703 1372,1703 1417,1703 1462,1703 1506,1703 1551,1703 1596,1703 1641,1706 1685,1706 1730,1706 1775,1709 1820,1709 1864,1712 1909,1712 1954,1715 1999,1712 2044,1715 2088,1715 2133,1715 2178,1718 2223,1718 2267,1718 2312,1718 2357,1721 2402,1721 2411,1721"/>
                <TextEquiv>
                    <Unicode>Möglich, daß Du stirbst? (Zu Betty.) Und Du</Unicode>
                </TextEquiv>
            </TextLine>
            <TextLine id="tr_1_tl_44" custom="readingOrder {index:43;}">
                <Coords points="640,1771 2399,1800 2395,1741 2311,1725 640,1695"/>
                <Baseline points="665,1757 710,1757 754,1757 799,1760 844,1760 889,1757 933,1760 978,1763 1023,1763 1068,1766 1113,1766 1157,1766 1202,1766 1247,1766 1292,1769 1336,1769 1381,1769 1426,1772 1471,1772 1515,1772 1560,1772 1605,1772 1650,1775 1694,1775 1739,1778 1784,1781 1829,1781 1873,1781 1918,1781 1963,1781 2008,1781 2052,1784 2097,1784 2142,1787 2187,1784 2231,1787 2276,1787 2321,1787 2366,1790 2399,1790"/>
                <TextEquiv>
                    <Unicode>bestärkst den Jungen noch in seinen.. in feinen Narrheiten</Unicode>
                </TextEquiv>
            </TextLine>
            <TextLine id="tr_1_tl_45" custom="readingOrder {index:44;}">
                <Coords points="2436,1871 2679,1842 2809,1867 3022,1825 3110,1884 3202,1842 3395,1863 3403,1746 2441,1788"/>
                <Baseline points="2461,1844 2506,1844 2551,1844 2581,1844 2607,1841 2643,1844 2688,1841 2733,1835 2778,1832 2822,1832 2867,1829 2912,1826 2957,1823 3001,1820 3046,1814 3091,1814 3136,1814 3180,1811 3225,1808 3270,1805 3315,1802 3359,1802 3404,1799"/>
                <TextEquiv>
                    <Unicode>Dich zu pflegen, als die Deinen?</Unicode>
                </TextEquiv>
            </TextLine>
            <TextLine id="tr_1_tl_46" custom="readingOrder {index:45;}">
                <Coords points="640,1842 2399,1880 2357,1796 640,1775"/>
                <Baseline points="662,1826 707,1826 751,1826 796,1829 826,1826 871,1829 916,1829 960,1829 1005,1835 1050,1832 1095,1832 1139,1835 1184,1832 1229,1835 1274,1835 1318,1838 1363,1841 1408,1841 1453,1841 1497,1844 1542,1841 1587,1841 1632,1844 1676,1847 1721,1850 1766,1850 1811,1850 1856,1850 1900,1853 1945,1853 1990,1856 2035,1856 2079,1856 2124,1858 2169,1856 2214,1856 2258,1858 2303,1856 2348,1856 2393,1856 2405,1858"/>
                <TextEquiv>
                    <Unicode>Noch einmal sehen, bevor er stirbt... bevor er... Das ist</Unicode>
                </TextEquiv>
            </TextLine>
            <TextLine id="tr_1_tl_47" custom="readingOrder {index:46;}">
                <Coords points="2558,1930 2637,1913 2709,1926 2742,1913 2755,1926 2784,1905 2897,1901 2943,1917 2972,1896 3027,1896 3031,1829 2951,1846 2872,1834 2805,1867 2683,1846 2650,1863 2600,1846 2562,1855"/>
                <Baseline points="2587,1912 2590,1909 2634,1909 2679,1906 2724,1903 2769,1900 2813,1897 2858,1897 2903,1894 2948,1891 2992,1888 3037,1888"/>
                <TextEquiv>
                    <Unicode>Hugo. Papa!</Unicode>
                </TextEquiv>
            </TextLine>
            <TextLine id="tr_1_tl_48" custom="readingOrder {index:47;}">
                <Coords points="636,1921 640,1926 657,1926 678,1947 682,1942 691,1942 695,1947 699,1942 724,1947 737,1846 720,1846 712,1838 695,1842 678,1834 649,1838"/>
                <Baseline points="665,1903 692,1897 737,1894"/>
                <TextEquiv>
                    <Unicode>ja</Unicode>
                </TextEquiv>
            </TextLine>
            <TextLine id="tr_1_tl_49" custom="readingOrder {index:48;}">
                <Coords points="829,1926 1206,1909 1666,1947 1725,1921 1725,1884 1595,1855 1490,1875 1214,1829 1193,1855 829,1850"/>
                <Baseline points="853,1900 898,1903 942,1906 987,1903 1032,1903 1077,1900 1121,1900 1166,1903 1211,1903 1256,1903 1300,1906 1345,1906 1390,1906 1435,1909 1480,1909 1524,1912 1569,1909 1614,1912 1659,1915 1703,1918 1736,1918"/>
                <TextEquiv>
                    <Unicode>ja, so sehen die Leute aus...</Unicode>
                </TextEquiv>
            </TextLine>
            <TextLine id="tr_1_tl_50" custom="readingOrder {index:49;}">
                <Coords points="2566,1976 2683,1993 2817,1959 3006,1980 3064,1951 3282,1968 3286,1859 3169,1850 3123,1884 3085,1863 2947,1917 2566,1913"/>
                <Baseline points="2590,1975 2622,1972 2667,1972 2712,1969 2757,1969 2801,1963 2846,1963 2891,1963 2936,1960 2980,1957 3025,1951 3070,1948 3115,1948 3159,1948 3204,1945 3249,1945 3294,1942"/>
                <TextEquiv>
                    <Unicode>Betty. Adolf! Adolf!</Unicode>
                </TextEquiv>
            </TextLine>
            <TextLine id="tr_1_tl_51" custom="readingOrder {index:50;}">
                <Coords points="791,2009 892,2039 1164,1972 1591,2005 1741,1984 1737,1951 1608,1921 787,1905"/>
                <Baseline points="811,1969 856,1969 901,1969 945,1972 990,1975 1035,1972 1080,1969 1124,1972 1169,1969 1214,1972 1259,1972 1303,1975 1348,1975 1393,1975 1438,1978 1483,1981 1527,1981 1572,1981 1617,1981 1662,1984 1706,1984 1751,1987"/>
                <TextEquiv>
                    <Unicode>Hugo. Ich bitt' Dich, Papa</Unicode>
                </TextEquiv>
            </TextLine>
            <TextLine id="tr_1_tl_52" custom="readingOrder {index:51;}">
                <Coords points="2575,2060 2914,2039 3006,2072 3110,2018 3202,2089 3295,2064 3299,1959 3186,1951 3119,1976 3064,1947 3031,1980 2872,1972 2826,2009 2780,1980 2575,1980"/>
                <Baseline points="2599,2041 2631,2041 2676,2041 2721,2038 2766,2038 2810,2035 2855,2032 2900,2032 2945,2029 2989,2026 3034,2026 3079,2023 3124,2017 3168,2014 3213,2014 3258,2014 3303,2014"/>
                <TextEquiv>
                    <Unicode>Adolf. Ich geh' selber.</Unicode>
                </TextEquiv>
            </TextLine>
            <TextLine id="tr_1_tl_53" custom="readingOrder {index:52;}">
                <Coords points="1101,2051 1750,2055 1800,2085 1846,2055 1921,2064 1917,1984 1817,1997 1779,1959 1741,1997 1172,1972 1097,1997"/>
                <Baseline points="1118,2032 1163,2029 1208,2032 1253,2032 1298,2035 1342,2035 1387,2038 1432,2038 1477,2038 1521,2038 1566,2038 1611,2041 1656,2041 1700,2041 1745,2044 1790,2044 1835,2044 1879,2041 1924,2041 1930,2044"/>
                <TextEquiv>
                    <Unicode>(Blick zwischen Adolf und Betty.)</Unicode>
                </TextEquiv>
            </TextLine>
            <TextLine id="tr_1_tl_54" custom="readingOrder {index:53;}">
                <Coords points="2997,2093 3031,2093 3035,2089 3043,2093 3052,2089 3077,2101 3098,2101 3094,2039 3043,2035 3035,2047 3031,2043 3018,2055 2993,2055"/>
                <Baseline points="3022,2082 3067,2079 3103,2088"/>
                <TextEquiv>
                    <Unicode>?</Unicode>
                </TextEquiv>
            </TextLine>
            <TextLine id="tr_1_tl_55" custom="readingOrder {index:54;}">
                <Coords points="774,2118 2386,2177 2382,2064 2135,2018 1725,2089 774,2043"/>
                <Baseline points="796,2097 841,2100 886,2103 930,2106 975,2106 1020,2106 1065,2106 1110,2106 1154,2112 1199,2112 1244,2112 1289,2112 1333,2115 1378,2112 1423,2115 1468,2118 1512,2118 1557,2118 1602,2118 1647,2118 1691,2121 1736,2121 1781,2121 1826,2124 1870,2124 1915,2124 1960,2127 2005,2127 2049,2130 2094,2133 2139,2133 2184,2130 2229,2130 2273,2133 2318,2136 2363,2139 2393,2145"/>
                <TextEquiv>
                    <Unicode>Betty. Du siehst ja, Adolf, er beruhigt sich nicht</Unicode>
                </TextEquiv>
            </TextLine>
            <TextLine id="tr_1_tl_56" custom="readingOrder {index:55;}">
                <Coords points="2566,2122 2654,2114 2675,2131 2780,2114 2796,2127 2830,2101 2960,2118 2964,2051 2893,2039 2809,2060 2725,2047 2570,2064"/>
                <Baseline points="2590,2109 2616,2109 2661,2109 2706,2106 2751,2106 2795,2106 2840,2100 2885,2100 2930,2097 2974,2097"/>
                <TextEquiv>
                    <Unicode>Betty. Du</Unicode>
                </TextEquiv>
            </TextLine>
            <TextLine id="tr_1_tl_57" custom="readingOrder {index:56;}">
                <Coords points="2579,2189 4128,2127 4195,2110 4199,2018 4023,2076 3646,2076 3583,2022 3479,2081 3366,2035 3299,2089 2583,2122"/>
                <Baseline points="2601,2178 2637,2178 2682,2178 2727,2175 2772,2172 2816,2169 2861,2172 2906,2172 2951,2166 2995,2163 3040,2160 3085,2157 3130,2157 3174,2154 3219,2151 3264,2151 3309,2145 3353,2145 3398,2142 3443,2139 3488,2136 3532,2133 3577,2130 3622,2130 3667,2127 3712,2124 3756,2121 3801,2121 3846,2118 3891,2115 3935,2112 3980,2109 4025,2109 4070,2103 4114,2100 4159,2100 4204,2097"/>
                <TextEquiv>
                    <Unicode>Adolf. Ja! Ich. Ich hab' das nicht gern, wenn</Unicode>
                </TextEquiv>
            </TextLine>
            <TextLine id="tr_1_tl_58" custom="readingOrder {index:57;}">
                <Coords points="628,2194 2030,2210 1888,2131 1750,2164 1352,2114 1252,2152 628,2097"/>
                <Baseline points="653,2169 698,2169 743,2166 787,2172 832,2172 877,2172 922,2175 966,2175 1011,2175 1056,2175 1101,2178 1145,2175 1190,2178 1235,2181 1280,2181 1324,2184 1369,2181 1414,2184 1459,2184 1503,2184 1548,2187 1593,2187 1638,2187 1682,2190 1727,2190 1772,2190 1817,2193 1861,2193 1906,2196 1951,2196 1996,2199 2035,2199"/>
                <TextEquiv>
                    <Unicode>bevor wir ihm diese Laune erfüllen aso</Unicode>
                </TextEquiv>
            </TextLine>
            <TextLine id="tr_1_tl_59" custom="readingOrder {index:58;}">
                <Coords points="2633,2265 3985,2189 4186,2269 4195,2114 2637,2185"/>
                <Baseline points="2658,2243 2682,2243 2727,2243 2772,2240 2816,2240 2861,2237 2906,2234 2951,2234 2995,2229 3040,2229 3085,2226 3130,2226 3174,2223 3219,2220 3264,2217 3309,2217 3353,2211 3398,2211 3443,2208 3488,2205 3532,2205 3577,2202 3622,2199 3667,2196 3712,2196 3756,2190 3801,2190 3846,2187 3891,2184 3935,2181 3980,2178 4025,2175 4070,2175 4114,2172 4159,2169 4204,2169"/>
                <TextEquiv>
                    <Unicode>Sachen in der Dienstbotenstube herumgetragen werden</Unicode>
                </TextEquiv>
            </TextLine>
            <TextLine id="tr_1_tl_60" custom="readingOrder {index:59;}">
                <Coords points="762,2261 2382,2282 2378,2164 2055,2223 762,2189"/>
                <Baseline points="787,2237 832,2240 877,2237 922,2240 966,2240 1011,2243 1056,2246 1101,2246 1145,2249 1190,2249 1235,2249 1280,2249 1324,2252 1369,2252 1414,2252 1459,2252 1503,2252 1548,2255 1593,2255 1638,2255 1682,2258 1727,2258 1772,2261 1817,2258 1861,2261 1906,2261 1951,2261 1996,2264 2041,2264 2085,2264 2130,2267 2175,2267 2220,2267 2264,2270 2309,2273 2354,2273 2393,2276"/>
                <TextEquiv>
                    <Unicode>Adolf. Ihr macht einen ja toll; vollkommen toll. Ich,</Unicode>
                </TextEquiv>
            </TextLine>
            <TextLine id="tr_1_tl_61" custom="readingOrder {index:60;}">
                <Coords points="2445,2261 2466,2261 2474,2269 2508,2265 2520,2273 2558,2261 2570,2273 2600,2273 2604,2181 2579,2181 2558,2194 2554,2189 2541,2194 2520,2177 2499,2189 2470,2160 2449,2160"/>
                <Baseline points="2467,2252 2476,2255 2521,2255 2566,2252 2610,2249"/>
                <TextEquiv>
                    <Unicode>solche</Unicode>
                </TextEquiv>
            </TextLine>
            <TextLine id="tr_1_tl_62" custom="readingOrder {index:61;}">
                <Coords points="2449,2323 2562,2357 3098,2307 3165,2344 3328,2294 3441,2323 3496,2273 3902,2307 3910,2210 2449,2269"/>
                <Baseline points="2473,2327 2494,2324 2539,2321 2584,2318 2622,2318 2664,2315 2709,2315 2754,2315 2798,2309 2843,2306 2888,2306 2933,2303 2977,2300 3022,2297 3067,2297 3112,2297 3157,2294 3201,2291 3246,2288 3291,2285 3336,2282 3380,2279 3425,2279 3470,2273 3515,2273 3559,2270 3604,2267 3649,2264 3694,2261 3738,2258 3783,2258 3828,2255 3873,2252 3917,2252"/>
                <TextEquiv>
                    <Unicode>Und der Franzi wird gesagt, es ist eine Wärterin.</Unicode>
                </TextEquiv>
            </TextLine>
            <TextLine id="tr_1_tl_63" custom="readingOrder {index:62;}">
                <Coords points="620,2319 2378,2353 2378,2286 2290,2273 615,2235"/>
                <Baseline points="644,2309 689,2306 734,2306 778,2306 823,2309 868,2309 913,2312 957,2312 1002,2312 1047,2315 1092,2315 1136,2315 1181,2315 1226,2318 1271,2321 1315,2321 1360,2318 1405,2321 1450,2321 1494,2321 1539,2324 1584,2324 1629,2324 1673,2327 1718,2327 1763,2327 1808,2327 1853,2330 1897,2333 1942,2333 1987,2333 2032,2336 2076,2336 2121,2336 2166,2336 2211,2339 2255,2339 2300,2342 2345,2342 2387,2339"/>
                <TextEquiv>
                    <Unicode>höre zum ersten Mal in meinem Leben; daß er ein Kind</Unicode>
                </TextEquiv>
            </TextLine>
            <TextLine id="tr_1_tl_64" custom="readingOrder {index:63;}">
                <Coords points="2587,2407 2658,2395 2721,2407 2780,2386 2872,2399 2893,2382 3022,2399 3056,2390 3060,2311 2968,2328 2918,2311 2838,2340 2805,2319 2767,2340 2734,2323 2688,2340 2591,2319"/>
                <Baseline points="2610,2390 2622,2387 2667,2387 2712,2381 2757,2381 2801,2378 2846,2375 2891,2375 2936,2372 2980,2369 3025,2369 3070,2366"/>
                <TextEquiv>
                    <Unicode>Hugo. Wozu?</Unicode>
                </TextEquiv>
            </TextLine>
            <TextLine id="tr_1_tl_65" custom="readingOrder {index:64;}">
                <Coords points="2595,2474 4153,2399 4207,2390 4216,2282 2600,2399"/>
                <Baseline points="2619,2452 2655,2452 2700,2449 2745,2446 2789,2443 2834,2440 2879,2443 2924,2437 2969,2437 3013,2434 3058,2431 3103,2431 3148,2428 3192,2425 3237,2422 3282,2422 3327,2419 3371,2416 3416,2414 3461,2414 3506,2411 3550,2408 3595,2405 3640,2402 3685,2402 3729,2399 3774,2396 3819,2393 3864,2390 3908,2387 3953,2387 3998,2384 4043,2381 4088,2378 4132,2375 4177,2372 4222,2372"/>
                <TextEquiv>
                    <Unicode>Adolf. Bitte, soviel könnt Ihr mir noch zur Liebe</Unicode>
                </TextEquiv>
            </TextLine>
            <TextLine id="tr_1_tl_66" custom="readingOrder {index:65;}">
                <Coords points="615,2378 2290,2436 2290,2361 2122,2336 615,2315"/>
                <Baseline points="638,2375 683,2375 728,2378 772,2375 817,2372 862,2375 907,2378 951,2381 996,2381 1041,2381 1086,2384 1130,2384 1175,2384 1220,2387 1265,2384 1309,2381 1354,2387 1399,2390 1444,2390 1488,2393 1533,2393 1578,2393 1623,2393 1668,2396 1712,2396 1757,2399 1802,2396 1847,2399 1891,2402 1936,2402 1981,2402 2026,2402 2070,2402 2115,2402 2160,2405 2205,2405 2249,2405 2294,2405 2300,2402"/>
                <TextEquiv>
                    <Unicode>hat — eine Geliebte — das hab' ich mir denken können</Unicode>
                </TextEquiv>
            </TextLine>
            <TextLine id="tr_1_tl_67" custom="readingOrder {index:66;}">
                <Coords points="2457,2533 4048,2482 4220,2466 4224,2395 2625,2482 2462,2445"/>
                <Baseline points="2479,2530 2524,2530 2569,2527 2613,2527 2658,2524 2703,2518 2748,2515 2792,2515 2837,2512 2882,2509 2927,2509 2972,2506 3016,2503 3061,2503 3106,2500 3151,2500 3195,2494 3240,2494 3285,2494 3330,2491 3374,2488 3419,2485 3464,2479 3509,2479 3553,2476 3598,2473 3643,2470 3688,2467 3732,2464 3777,2464 3822,2461 3867,2458 3911,2455 3956,2452 4001,2449 4046,2446 4090,2446 4135,2443 4180,2440 4225,2437"/>
                <TextEquiv>
                    <Unicode>thun. Morgen werdet Ihr ja froh sein, daß wenigstens Einer</Unicode>
                </TextEquiv>
            </TextLine>
            <TextLine id="tr_1_tl_68" custom="readingOrder {index:67;}">
                <Coords points="624,2457 2156,2491 2152,2415 2072,2403 1264,2382 1155,2428 624,2382"/>
                <Baseline points="647,2443 692,2443 737,2443 781,2443 826,2446 871,2449 916,2449 960,2449 1005,2452 1050,2455 1095,2452 1139,2455 1184,2455 1229,2455 1274,2455 1318,2458 1363,2458 1408,2458 1453,2461 1497,2461 1542,2464 1587,2464 1632,2464 1676,2464 1721,2464 1766,2467 1811,2467 1856,2467 1900,2467 1945,2470 1990,2470 2035,2470 2079,2470 2124,2470 2166,2467"/>
                <TextEquiv>
                    <Unicode>ich weiß sehr gut, daß junge Leute Geliebte haben</Unicode>
                </TextEquiv>
            </TextLine>
            <TextLine id="tr_1_tl_69" custom="readingOrder {index:68;}">
                <Coords points="2252,2487 2282,2482 2294,2495 2302,2495 2319,2508 2332,2503 2340,2491 2353,2495 2374,2491 2369,2424 2348,2428 2336,2415 2323,2415 2298,2445 2294,2441 2290,2445 2273,2432 2248,2436"/>
                <Baseline points="2276,2473 2321,2479 2366,2482 2381,2485"/>
                <TextEquiv>
                    <Unicode>ja</Unicode>
                </TextEquiv>
            </TextLine>
            <TextLine id="tr_1_tl_70" custom="readingOrder {index:69;}">
                <Coords points="2457,2600 4220,2537 4224,2462 2462,2537"/>
                <Baseline points="2479,2599 2524,2596 2569,2596 2613,2590 2658,2587 2703,2587 2748,2584 2792,2584 2837,2581 2882,2581 2927,2578 2972,2575 3016,2575 3061,2572 3106,2569 3151,2566 3195,2566 3240,2563 3285,2560 3330,2557 3374,2554 3419,2551 3464,2548 3509,2548 3553,2545 3598,2539 3643,2539 3688,2539 3732,2533 3777,2530 3822,2530 3867,2527 3911,2527 3956,2524 4001,2521 4046,2518 4090,2515 4135,2512 4180,2509 4225,2506"/>
                <TextEquiv>
                    <Unicode>den Kopf nicht verloren hat! Ein Wunder wär's nicht, wenn</Unicode>
                </TextEquiv>
            </TextLine>
            <TextLine id="tr_1_tl_71" custom="readingOrder {index:70;}">
                <Coords points="620,2520 2378,2570 2378,2495 2185,2470 620,2462"/>
                <Baseline points="641,2509 686,2512 731,2512 775,2515 820,2515 865,2515 910,2518 954,2515 999,2518 1044,2521 1089,2518 1133,2521 1178,2521 1223,2524 1268,2524 1312,2524 1357,2527 1402,2527 1447,2527 1491,2530 1536,2530 1581,2533 1626,2533 1671,2536 1715,2536 1760,2536 1805,2536 1850,2539 1894,2536 1939,2539 1984,2539 2029,2542 2073,2542 2118,2545 2163,2542 2208,2542 2252,2545 2297,2545 2342,2548 2387,2548"/>
                <TextEquiv>
                    <Unicode>aber was soll denn mit dem Kinde geschehen? Ihr seid ja</Unicode>
                </TextEquiv>
            </TextLine>
            <TextLine id="tr_1_tl_72" custom="readingOrder {index:71;}">
                <Coords points="2466,2671 4170,2608 4220,2533 2466,2629"/>
                <Baseline points="2488,2670 2527,2667 2572,2664 2616,2664 2661,2661 2706,2655 2751,2655 2795,2655 2840,2652 2885,2652 2930,2649 2974,2646 3019,2643 3064,2640 3109,2637 3154,2634 3198,2631 3243,2628 3288,2628 3333,2625 3377,2622 3422,2622 3467,2619 3512,2613 3556,2610 3601,2610 3646,2607 3691,2604 3735,2601 3780,2599 3825,2599 3870,2599 3914,2593 3959,2593 4004,2590 4049,2587 4093,2584 4138,2581 4183,2578 4228,2575"/>
                <TextEquiv>
                    <Unicode>auch ich schließlich verrückt würde! Da kommt man abge¬</Unicode>
                </TextEquiv>
            </TextLine>
            <TextLine id="tr_1_tl_73" custom="readingOrder {index:72;}">
                <Coords points="615,2595 2369,2637 2311,2554 611,2520"/>
                <Baseline points="638,2581 683,2578 728,2581 772,2581 817,2584 862,2584 907,2587 951,2587 996,2590 1041,2590 1086,2593 1130,2590 1175,2593 1220,2593 1265,2593 1309,2596 1354,2596 1399,2599 1444,2599 1488,2599 1533,2599 1578,2599 1623,2601 1668,2601 1712,2604 1757,2604 1802,2607 1847,2607 1891,2607 1936,2607 1981,2610 2026,2610 2070,2613 2115,2613 2160,2616 2205,2616 2249,2616 2294,2616 2339,2616 2381,2616"/>
                <TextEquiv>
                    <Unicode>so confus! Jetzt handelt es sich doch vor allem darum, daß den</Unicode>
                </TextEquiv>
            </TextLine>
            <TextLine id="tr_1_tl_74" custom="readingOrder {index:73;}">
                <Coords points="2462,2734 4082,2683 4211,2667 4216,2591 3165,2679 2466,2667"/>
                <Baseline points="2485,2736 2527,2736 2572,2733 2616,2730 2661,2727 2706,2727 2751,2724 2795,2724 2840,2721 2885,2721 2930,2718 2974,2715 3019,2712 3064,2709 3109,2709 3154,2706 3198,2703 3243,2700 3288,2697 3333,2694 3377,2691 3422,2688 3467,2688 3512,2685 3556,2682 3601,2679 3646,2676 3691,2676 3735,2670 3780,2670 3825,2661 3870,2661 3914,2658 3959,2658 4004,2655 4049,2652 4093,2649 4138,2649 4183,2649 4228,2649"/>
                <TextEquiv>
                    <Unicode>arbeitet nach Hause... und was findet man? Einen Sohn</Unicode>
                </TextEquiv>
            </TextLine>
            <TextLine id="tr_1_tl_75" custom="readingOrder {index:74;}">
                <Coords points="611,2667 1298,2671 1402,2738 2378,2717 2378,2633 2290,2625 607,2595"/>
                <Baseline points="635,2655 680,2652 725,2649 769,2649 814,2652 859,2655 904,2655 948,2655 993,2658 1038,2658 1083,2658 1127,2658 1172,2658 1217,2658 1262,2658 1306,2661 1351,2664 1396,2667 1441,2667 1486,2667 1530,2670 1575,2670 1620,2673 1665,2673 1709,2676 1754,2673 1799,2676 1844,2676 1888,2676 1933,2676 1978,2679 2023,2679 2067,2682 2112,2682 2157,2685 2202,2685 2246,2685 2291,2688 2336,2688 2381,2688 2387,2688"/>
                <TextEquiv>
                    <Unicode>Junge gesund wird! — Dann können wir über diese anderen</Unicode>
                </TextEquiv>
            </TextLine>
            <TextLine id="tr_1_tl_76" custom="readingOrder {index:75;}">
                <Coords points="615,2729 687,2746 728,2738 758,2755 812,2725 837,2738 896,2734 959,2759 992,2746 988,2667 938,2679 879,2667 862,2679 808,2662 774,2679 707,2658 611,2662"/>
                <Baseline points="638,2715 683,2718 728,2718 772,2721 817,2721 862,2724 907,2724 951,2724 996,2727 1002,2724"/>
                <TextEquiv>
                    <Unicode>Dinge reden</Unicode>
                </TextEquiv>
            </TextLine>
            <TextLine id="tr_1_tl_77" custom="readingOrder {index:76;}">
                <Coords points="2462,2817 4044,2784 4220,2750 4224,2671 2466,2734"/>
                <Baseline points="2485,2804 2488,2804 2533,2804 2578,2801 2622,2798 2667,2798 2712,2795 2757,2795 2801,2792 2846,2789 2891,2787 2936,2787 2980,2784 3025,2781 3070,2778 3115,2778 3159,2775 3204,2775 3249,2772 3294,2769 3339,2766 3383,2766 3428,2763 3473,2757 3518,2754 3562,2754 3607,2751 3652,2751 3697,2748 3741,2742 3786,2739 3831,2736 3876,2730 3920,2727 3965,2730 4010,2727 4055,2724 4099,2721 4144,2718 4189,2715 4234,2718"/>
                <TextEquiv>
                    <Unicode>der sich auf ein Haar den Hals gebrochen hätte — und einem</Unicode>
                </TextEquiv>
            </TextLine>
            <TextLine id="tr_1_tl_78" custom="readingOrder {index:77;}">
                <Coords points="745,2826 2374,2834 2374,2750 2256,2729 1260,2729 1189,2679 959,2759 745,2746"/>
                <Baseline points="769,2789 814,2792 859,2792 904,2795 948,2795 993,2795 1038,2798 1083,2798 1127,2798 1172,2798 1217,2801 1262,2801 1306,2801 1351,2801 1396,2804 1441,2804 1486,2804 1530,2807 1575,2807 1620,2810 1665,2810 1709,2810 1754,2813 1799,2813 1844,2813 1888,2816 1933,2816 1978,2816 2023,2819 2067,2816 2112,2819 2157,2816 2202,2819 2246,2822 2291,2822 2336,2825 2381,2825 2384,2825"/>
                <TextEquiv>
                    <Unicode>Hugo. Ich sagte ja schon: hierher sollen sie — mein</Unicode>
                </TextEquiv>
            </TextLine>
            <TextLine id="tr_1_tl_79" custom="readingOrder {index:78;}">
                <Coords points="2474,2880 2524,2905 2591,2872 2683,2876 2700,2893 2750,2872 2855,2872 2880,2889 2964,2859 2997,2876 3022,2872 3027,2805 2826,2792 2591,2834 2554,2813 2478,2813"/>
                <Baseline points="2497,2876 2500,2873 2545,2873 2590,2870 2634,2867 2679,2867 2724,2864 2769,2861 2813,2858 2858,2855 2903,2852 2948,2849 2992,2846 3037,2837"/>
                <TextEquiv>
                    <Unicode>die unglaublichsten</Unicode>
                </TextEquiv>
            </TextLine>
            <TextLine id="tr_1_tl_80" custom="readingOrder {index:79;}">
                <Coords points="599,2863 640,2872 653,2868 661,2876 707,2863 728,2876 749,2872 737,2742 712,2746 687,2771 661,2759 653,2771 594,2767"/>
                <Baseline points="623,2846 665,2855 710,2858 754,2858 757,2855"/>
                <TextEquiv>
                    <Unicode>Kind,</Unicode>
                </TextEquiv>
            </TextLine>
            <TextLine id="tr_1_tl_81" custom="readingOrder {index:80;}">
                <Coords points="766,2868 1067,2859 1243,2964 1348,2901 2369,2935 2365,2834 766,2826"/>
                <Baseline points="790,2858 835,2858 880,2861 925,2861 969,2858 1014,2864 1059,2858 1104,2858 1148,2864 1193,2867 1238,2870 1283,2870 1327,2873 1372,2876 1417,2876 1462,2879 1506,2879 1551,2882 1596,2882 1641,2882 1685,2882 1730,2882 1775,2885 1820,2885 1864,2891 1909,2891 1954,2891 1999,2891 2044,2891 2088,2891 2133,2891 2178,2894 2223,2894 2267,2897 2312,2897 2357,2900 2378,2903"/>
                <TextEquiv>
                    <Unicode>und sie — damit alles geordnet ist... für den Fall,</Unicode>
                </TextEquiv>
            </TextLine>
            <TextLine id="tr_1_tl_82" custom="readingOrder {index:81;}">
                <Coords points="2600,2960 2763,2939 2830,2964 2868,2930 2905,2926 3039,2943 3081,2926 3085,2851 3035,2851 3006,2872 2922,2863 2876,2889 2855,2872 2604,2889"/>
                <Baseline points="2628,2933 2640,2933 2685,2933 2730,2930 2775,2930 2819,2930 2864,2927 2909,2924 2954,2921 2998,2918 3043,2912 3088,2909"/>
                <TextEquiv>
                    <Unicode>Betty. Adolf!</Unicode>
                </TextEquiv>
            </TextLine>
            <TextLine id="tr_1_tl_83" custom="readingOrder {index:82;}">
                <Coords points="603,2960 716,2981 774,2939 816,2947 833,2935 867,2951 1009,2939 1009,2880 954,2876 942,2889 883,2868 833,2880 774,2859 737,2876 712,2863 670,2880 603,2872"/>
                <Baseline points="626,2921 671,2924 716,2927 731,2924 766,2927 811,2930 856,2930 901,2930 945,2930 990,2930 1020,2933"/>
                <TextEquiv>
                    <Unicode>daß ich sterbe</Unicode>
                </TextEquiv>
            </TextLine>
            <TextLine id="tr_1_tl_84" custom="readingOrder {index:83;}">
                <Coords points="2612,3014 3663,2964 3826,3022 3977,2943 4140,2968 4149,2855 3918,2822 3470,2914 3253,2880 3018,2947 2616,2960"/>
                <Baseline points="2637,3004 2679,3007 2724,3001 2769,3001 2813,2998 2858,2992 2903,2992 2948,2989 2992,2986 3037,2983 3082,2980 3127,2977 3171,2977 3216,2974 3261,2974 3306,2972 3350,2969 3395,2966 3440,2963 3485,2960 3530,2957 3574,2957 3619,2954 3664,2954 3709,2951 3753,2948 3798,2945 3843,2942 3888,2939 3932,2939 3977,2933 4022,2933 4067,2930 4111,2927 4156,2927"/>
                <TextEquiv>
                    <Unicode>Hugo. Und das kind? Als was erscheint das Kind?</Unicode>
                </TextEquiv>
            </TextLine>
            <TextLine id="tr_1_tl_85" custom="readingOrder {index:84;}">
                <Coords points="737,3006 1009,3031 1331,3014 1578,3052 1578,2947 1335,2939 1227,2968 1172,2930 737,2947"/>
                <Baseline points="760,2995 805,2995 850,2995 895,2998 939,3001 984,3001 1029,3001 1074,3001 1118,3004 1163,3004 1208,3004 1253,3004 1298,3007 1342,3007 1387,3010 1432,3013 1477,3013 1521,3013 1566,3016 1587,3016"/>
                <TextEquiv>
                    <Unicode>Adolf (greift sich nach dem Kopf)</Unicode>
                </TextEquiv>
            </TextLine>
            <TextLine id="tr_1_tl_86" custom="readingOrder {index:85;}">
                <Coords points="2621,3081 3558,3052 3562,2968 2625,3014"/>
                <Baseline points="2643,3073 2676,3073 2721,3070 2766,3067 2810,3067 2855,3064 2900,3061 2945,3058 2989,3058 3034,3055 3079,3052 3124,3049 3168,3049 3213,3046 3258,3043 3303,3040 3347,3037 3392,3034 3437,3034 3482,3031 3527,3028 3571,3028"/>
                <TextEquiv>
                    <Unicode>Adolf. Ja das frag' ich Euch</Unicode>
                </TextEquiv>
            </TextLine>
            <TextLine id="tr_1_tl_87" custom="readingOrder {index:86;}">
                <Coords points="2612,3161 3734,3098 3948,3148 4245,3081 4249,3006 4036,2960 3692,3043 2616,3073"/>
                <Baseline points="2637,3139 2640,3136 2685,3139 2730,3139 2775,3136 2819,3136 2864,3130 2909,3127 2954,3127 2998,3127 3043,3124 3088,3121 3133,3121 3177,3118 3222,3118 3267,3115 3312,3112 3356,3109 3401,3109 3446,3106 3491,3100 3535,3097 3580,3097 3625,3091 3670,3091 3715,3088 3759,3088 3804,3085 3849,3082 3894,3079 3938,3076 3983,3076 4028,3073 4073,3070 4117,3067 4162,3061 4207,3058 4252,3058"/>
                <TextEquiv>
                    <Unicode>Belty. Geh, Adolf, holc sie; wegen Franzi, das ver¬</Unicode>
                </TextEquiv>
            </TextLine>
            <TextLine id="tr_1_tl_88" custom="readingOrder {index:87;}">
                <Coords points="733,3069 917,3094 988,3069 1147,3094 1344,3085 1344,3014 1197,3048 1155,3010 925,3027 892,3006 733,3006"/>
                <Baseline points="754,3061 799,3064 844,3064 889,3064 933,3067 978,3070 1023,3067 1068,3070 1113,3070 1157,3073 1202,3073 1247,3073 1292,3076 1336,3076 1354,3076"/>
                <TextEquiv>
                    <Unicode>Betty. Dictir mir</Unicode>
                </TextEquiv>
            </TextLine>
            <TextLine id="tr_1_tl_89" custom="readingOrder {index:88;}">
                <Coords points="733,3148 2353,3202 2348,3048 2235,3006 2018,3106 1612,3035 1302,3094 733,3073"/>
                <Baseline points="757,3133 802,3136 847,3136 892,3139 936,3139 981,3142 1026,3139 1071,3139 1115,3142 1160,3145 1205,3148 1250,3145 1295,3145 1339,3148 1384,3151 1429,3151 1474,3154 1518,3154 1563,3154 1608,3157 1653,3157 1697,3159 1742,3159 1787,3162 1832,3162 1876,3168 1921,3168 1966,3168 2011,3168 2055,3168 2100,3171 2145,3171 2190,3171 2234,3171 2279,3174 2324,3174 2363,3177"/>
                <TextEquiv>
                    <Unicode>Hugo. Kaiser Josefstraße 15, 2. Stock.. Thür links..</Unicode>
                </TextEquiv>
            </TextLine>
            <TextLine id="tr_1_tl_90" custom="readingOrder {index:89;}">
                <Coords points="586,3228 607,3223 640,3244 674,3219 691,3232 707,3215 774,3207 812,3223 967,3219 967,3156 804,3144 770,3161 678,3102 653,3123 586,3127"/>
                <Baseline points="611,3198 656,3201 701,3201 745,3201 790,3201 835,3204 880,3204 925,3204 969,3207 978,3207"/>
                <TextEquiv>
                    <Unicode>Toni Weber.</Unicode>
                </TextEquiv>
            </TextLine>
            <TextLine id="tr_1_tl_91" custom="readingOrder {index:90;}">
                <Coords points="2876,3286 3341,3244 3722,3274 3814,3232 3868,3274 3994,3232 4128,3290 4257,3265 4262,3131 3948,3152 3738,3098 3516,3198 3286,3131 2884,3152"/>
                <Baseline points="2900,3264 2924,3264 2969,3264 3013,3258 3058,3258 3103,3255 3148,3255 3192,3255 3237,3249 3282,3249 3327,3246 3371,3243 3416,3240 3461,3240 3506,3240 3550,3234 3595,3234 3640,3231 3685,3231 3729,3228 3774,3225 3819,3225 3864,3222 3908,3216 3953,3216 3998,3213 4043,3213 4088,3207 4132,3201 4177,3201 4222,3198 4267,3198"/>
                <TextEquiv>
                    <Unicode>Oh Gott, oh Gott, was seid Ihr für confuse</Unicode>
                </TextEquiv>
            </TextLine>
            <TextLine id="tr_1_tl_92" custom="readingOrder {index:91;}">
                <Coords points="2487,3223 2512,3223 2566,3265 2621,3228 2675,3219 2734,3232 2755,3215 2826,3211 2868,3228 2872,3140 2838,3140 2813,3161 2792,3144 2713,3161 2696,3148 2658,3169 2579,3152 2562,3165 2549,3152 2491,3156"/>
                <Baseline points="2509,3222 2518,3219 2563,3216 2607,3213 2652,3210 2697,3207 2742,3207 2787,3204 2831,3201 2876,3201"/>
                <TextEquiv>
                    <Unicode>antworte ich.</Unicode>
                </TextEquiv>
            </TextLine>
            <TextLine id="tr_1_tl_93" custom="readingOrder {index:92;}">
                <Coords points="724,3274 841,3282 854,3295 900,3286 917,3303 967,3311 1009,3274 1105,3290 1105,3223 1017,3198 967,3223 950,3215 917,3228 816,3223 779,3207 720,3215"/>
                <Baseline points="748,3264 793,3270 838,3270 883,3273 928,3273 972,3276 1017,3273 1062,3276 1107,3273 1115,3276"/>
                <TextEquiv>
                    <Unicode>Betty. So</Unicode>
                </TextEquiv>
            </TextLine>
            <TextLine id="tr_1_tl_94" custom="readingOrder {index:93;}">
                <Coords points="2625,3286 2658,3286 2675,3295 2700,3286 2717,3299 2738,3299 2755,3286 2767,3290 2780,3282 2809,3295 2834,3290 2838,3211 2755,3215 2738,3232 2713,3219 2629,3219"/>
                <Baseline points="2649,3276 2667,3279 2712,3279 2757,3276 2801,3273 2846,3267"/>
                <TextEquiv>
                    <Unicode>Adolf</Unicode>
                </TextEquiv>
            </TextLine>
            <TextLine id="tr_1_tl_95" custom="readingOrder {index:94;}">
                <Coords points="2491,3357 2608,3395 2713,3362 2788,3399 2834,3357 2981,3374 3022,3341 3454,3324 3458,3261 3027,3261 2826,3299 2495,3269"/>
                <Baseline points="2512,3356 2536,3356 2581,3356 2625,3350 2670,3350 2715,3347 2760,3347 2804,3344 2834,3342 2879,3339 2924,3339 2969,3336 3013,3330 3058,3330 3103,3327 3148,3324 3192,3321 3237,3321 3282,3318 3327,3315 3371,3312 3416,3306 3461,3300"/>
                <TextEquiv>
                    <Unicode>Menschen! (Liest.) Antonie Weber</Unicode>
                </TextEquiv>
            </TextLine>
            <TextLine id="tr_1_tl_96" custom="readingOrder {index:95;}">
                <Coords points="720,3374 1030,3433 1314,3366 1574,3449 1712,3391 2035,3437 2311,3416 2348,3311 1834,3269 1762,3324 1494,3244 1206,3311 716,3278"/>
                <Baseline points="745,3339 790,3339 835,3342 880,3344 925,3344 969,3344 1014,3344 1059,3347 1104,3347 1148,3350 1193,3356 1238,3356 1283,3356 1327,3356 1372,3356 1417,3359 1462,3359 1506,3362 1551,3362 1596,3365 1641,3362 1685,3365 1730,3365 1775,3368 1820,3368 1864,3368 1909,3371 1954,3374 1999,3374 2044,3377 2088,3380 2133,3380 2178,3383 2223,3383 2267,3383 2312,3380 2357,3380"/>
                <TextEquiv>
                    <Unicode>Adolf. Nun... (ihr das Papier nehmend) — nun? Was jetzt</Unicode>
                </TextEquiv>
            </TextLine>
            <TextLine id="tr_1_tl_97" custom="readingOrder {index:96;}">
                <Coords points="2981,3445 3554,3433 3751,3475 3759,3316 3479,3303 3299,3345 2989,3341"/>
                <Baseline points="3007,3401 3010,3404 3055,3401 3100,3398 3145,3398 3189,3395 3234,3392 3279,3389 3324,3386 3368,3386 3413,3383 3458,3383 3503,3380 3547,3377 3592,3374 3637,3368 3682,3368 3726,3365 3771,3362"/>
                <TextEquiv>
                    <Unicode>Als Manuscript gedruckt.</Unicode>
                </TextEquiv>
            </TextLine>
        </TextRegion>
    </Page>
</PcGts>
