3336 4040
643 467 1218 653 verschwinden
643 611 1339 816 Fünfter Akt....
624 777 1753 976 Die alten Kommen wieder.
624 911 2207 1169 Toni ko mt zurück mit den Bildern.
633 1146 3252 1280 Vater: Wir haben uns entschossen-- Aenderung- sie müssen
627 1224 3187 1443 fort. Das Kind behalten wir. Sie können s oft besuchen,
604 1404 1815 1616 Nein das Kind gehört mir,
614 1541 3079 1747 Ferdinand und Toni: Es ist eben hier nicht ihr Platz
614 1698 1538 1861 Packt ihre Sachen
611 1858 2109 2034 Emma kommt. : Ich nehme sie auf.
614 1995 1166 2178 Agnes: Nein
617 2129 3187 2328 Toni zu Adolf und Betti: Ja ich gehe aber mit dem Kind.
611 2308 1427 2498 es ist mein Kind.
620 2403 3187 2654 Losatti: Wir müssen dafür sorgen etc. Es kann uns nicht
617 2602 1662 2798 gleichgiltig sein etc.
611 2759 1629 2974 Toni mit dem Kind ab.
