3352 4120
173 212 2712 590 f. schlieb dest Verkeh nicht... die mit eben jetzt
230 489 2917 791 worden. Ra Sulmonla. In city...
1777 694 2917 971 hat amt jetzt
205 712 1546 1064 mit solch konnte kam.
191 849 2996 1248 ich kein dies Soß Weiber. Welle wir, Esst
187 1208 3082 1575 mit dich Züsle ein Verh. sei. Schreib.
2201 1485 3003 1845 so in un
180 1460 2086 1856 Aber der wollte ausdrücklich;
158 1830 712 2097 beibl!
198 2046 2917 2388 8. Quistav... der Ihm ist sich konnte, nach all, u
298 2352 1172 2715 and appoint!
327 2568 737 2924 in ja.
342 2676 2697 3104 Ich nicht nicht, ol Caall offiziar. A.
