4600 4136
1101 590 1205 683 84
934 786 1355 945 13. Auftritt.
663 892 1650 1031 Toni. Ferdinand. Betty. Adolf.
412 987 2053 1128 Toni (will auf sie zu, bleibt vor ihren verlegenen Mienen betroffen
289 1097 463 1205 stehen)
438 1128 2051 1273 Ferdinand (prüft mit raschem Blick alle Anwesenden). Ich habe
293 1222 1725 1341 Ihren Wunsch erfüllt. Das Fräulein weiß Alles
425 1282 1170 1385 Toni (will reden; kann nicht).
432 1322 2042 1438 Adolf. Ja, Toni, das Schicksal scheint es zu wollen,
297 1425 2051 1511 daß die Zukunft wieder frei vor Ihnen liegt — nun, wir
297 1473 2062 1592 wollen uns nicht dagegen auflehnen. Sie werden außerhalb
297 1564 2062 1643 dieser Mauern rascher vergessen; als es Ihnen hier möglich wäre.
438 1623 2062 1755 Betty. Und Sie werden immer die besten Freunde an
302 1696 626 1799 uns haben.
432 1729 2053 1855 Adolf. So ist es. Der Doctor hat Ihnen wohl mit¬
311 1837 2059 1954 getheilt, daß für Ihre materiellen Bedürfnisse in ausreichender
313 1921 478 2013 Weise,
434 1962 967 2070 Toni (will sprechen).
438 2020 2059 2132 Adolf. Das ist natürlich. Was immer Sie zu unter¬
304 2097 2055 2214 nehmen gedenken — in der ersten Zeit sind Sie auf sich allein
311 2174 2064 2284 angewiesen; und wenigstens in dieser Zeit müssen Sie uns
313 2251 1850 2354 schon den Gefallen erweisen, unsere Hilfe anzunehmen
434 2319 1595 2412 Toni (will sprechen, ist noch immer fassungslos).
440 2368 2062 2480 Betty. Ich weiß, Toni, — Sie werdenbrav bleiben.
447 2454 1297 2546 Adolf. Wer zweifelt daran?
445 2471 2059 2612 Betty. Sie bleiben selbstverständlich hier, so lange Sie
313 2557 518 2718 wollen.
454 2621 2066 2782 Toni. Ich danke... sehr... aber ich habe die Absicht,
319 2731 996 2854 schon heute fortzugehen.
445 2749 2053 2890 Adolf. Ah.. Sie haben wohl mit meiner Schwägerin..
449 2859 2079 2967 Ferdinand. Der Plan der Frau Winter kommt nicht
313 2938 2077 3055 zur Ausführung. Fräulein Agnes hat sich dagegen aus¬
313 3015 619 3139 gesprochen.
447 3042 2064 3174 Betty. Ja, warum wollen Sie denn schon heute fort?
454 3141 2081 3227 Adolf. Es hat wirklich keine Eile. Nachdem wir uns
322 3209 2073 3304 im Prinzip über die Sache geeinigt haben, ist nicht das
326 3275 2077 3370 Geringste dagegen einzuwenden, daß Sie sich noch einige Tage
324 3363 2086 3451 in der Wohnung hier aufhalten. — Wir aber nehmen schon
322 3425 1905 3542 heute von Ihnen Abschied, da wir ja morgen abreisen
2381 628 3526 775 Betty. Nicht jetzt Toni, heute Abend
2370 650 4002 852 Toni. Da es doch einmal entschieden ist, ist es besser,
2260 813 3121 940 mich sage Ihnen gleich Adieu
2388 819 4006 982 Adolf (weich). Wie Sie wollen, meine liebe Toni. Sie
2251 899 4004 1073 haben viel Leiden durchgemacht, Toni — ja! Man kann
3687 962 4009 1053 Sie haben
2264 987 3498 1130 sagen wenn Sie einmal gefehlt haben,
2258 1037 4015 1207 Alles gefühnt! — Möge dieses Bewußtsein Ihnen für Ihren
2247 1112 4017 1264 weiteren Weg Kraft verleihen!.. Woher wir sie nehmen
2266 1170 4013 1346 sollen — die wir uns keiner Schuld bewußt sind, weiß ich
2407 1288 4015 1462 Toni. Ich danke... (küßt Betty die Hand) für Alles. Ich
2288 1315 2643 1429 freilich nicht.
2271 1436 3489 1564 hätte Franzi gerne noch gesehen — aber
2405 1412 4035 1599 Betty. Oas werden Sie noch. Sobald sie kommt, schicke
2271 1573 3194 1709 ich sie zu Ihnen auf's Zimmer.
2412 1562 4035 1771 Toni. Ich Ich... Adieu — (Sie geht in ihr Zimmer.)
2967 1747 3370 1914 14. Auftritt.
2786 1879 3561 2020 Adolf. Betty. Ferdinand.
2434 1980 3557 2112 Betty (will ihr nach einer kleinen Pause nach).
2447 2017 4048 2180 Adolf (hält sie zurück). — Lieber Doctor, ich kann es nicht
2313 2099 3987 2277 leugnen, — der Abschied hat mich doch ein wenig bewegt.
2440 2196 3231 2326 Betty. Es ist zu traurig.
2451 2225 4070 2394 Ferdinand. Das dauert nicht lange, verlassen Sie sich
2317 2315 4057 2458 darauf. In ein paar Tagen werden Sie aufathmen — ja
2321 2370 4081 2526 auch Sie, gnädige Frau! — Sie werden fühlen, daß die Luft
2319 2460 3821 2628 in diesem Hause sozusagen wieder rein geworden ist.
3013 2639 3434 2760 15. Auftritt.
2542 2705 3885 2912 Adolf. Ferdinand. Betty. Franziska (kommt).
2493 2846 3310 2978 Franziska. Guten Abend.
2489 2854 4110 3064 Ferdinand (auf sie zu, küßt ihr die Hand, was Franziska offenbar
2348 2998 3636 3125 unangenehm berührt). Guten Abend, Franziska
2498 3035 4119 3191 Franziska. Ich hab' alles besorgt, Mama. (Zu Fer-
2354 3121 3680 3277 dinand.) Sie kommen auch, uns Adieu sagen?
2513 3136 4112 3339 Ferdinand. Das hat diesmal glücklicherweise wenig
2368 3235 4121 3412 Bedeutung. Ich darf Sie ja dieses Jahr öfter besuchen als
2383 3394 2544 3509 sonst.
2859 3376 3652 3566 Als Manuscript gedruckt.
