4760 4024
1385 428 1519 533 28
698 547 1220 665 Hugo. So geh!
700 601 2248 727 Adolf. Zwanzig Schritte von hier hat er sie einlogirt.
573 698 2314 845 Hugo, was glaubst Du — hat das je ein Vater für sein
566 777 966 882 Kind gethan?
698 834 1420 946 Hugo. Ich danke Dir.
700 893 2140 1018 Adolf. Und wegen einer Laune, einer-Marotte
1135 988 1780 1071 (Wendet sich zum Gehen.)
1227 1108 1659 1253 13. Auftritt.
555 1190 2316 1341 Betty. Hugo. Arzt. Franziska. Adolf (im Weggehen begriffen)
698 1326 2314 1425 Franziska. Du gehst wieder, Papa? Was macht er denn
705 1407 2329 1495 Adolf. Mein Kind, es ist wegen einer Wärterin, welche,
571 1471 2250 1552 wie Hugo behauptet..Adieu, adieu — (Zum Arzt.) Er
573 1536 2327 1640 ja jetzt ganz frisch; er ist... nicht wahr, jede Gefahr ist
564 1613 983 1719 verschwunden?
705 1657 2035 1796 Arzt. Wir wollen abwarten, Herr Professor.
707 1749 1051 1846 Adolf (ab).
707 1778 2182 1892 Hugo (zu Betty). Ich möchte so gern, daß Gustav
707 1870 2322 1982 Betty. Er war heute Nachmittag da... er wollte
562 1938 979 2046 Dich abholen.
713 1993 1975 2118 Arzt (zu Hugo hin). Fühlen Sie sich besser?
709 2085 1872 2184 Hugo. Ja. Aber es ist nicht wie..
713 2160 1468 2261 Franziska. Was denn?
707 2226 1725 2325 Hugo. Meine liebe, liebe Franzi.
724 2274 2325 2386 Arzt (sitzt neben ihm und fühlt den Puls)... Hrn... vorläufig
564 2366 2322 2447 kann ich ja nichts weiter thun. Um den Hausarzt haben Sie
573 2432 1163 2551 wohl schon geschickt?
716 2500 2320 2592 Betty. Er ist ein Freund unseres Hauses und muß
575 2546 2322 2691 jeden Augenblick kommen. (Das Stubenmädchen bringt zwei brennende
571 2649 1580 2737 Kerzen herein, stellt sie auf den Schreibtisch.)
709 2680 2320 2829 Arzt (hat sich mit Betty von dem Kranken entfernt). Ich hätte
566 2764 1335 2893 ihn recht gerne gesprochen.
705 2827 2320 2937 Betty. Ich bitte Sie, Herr Doctor, bleiben Sie bei
573 2926 1848 2994 uns. Sie flößen mir so viel Vertrauen ein
709 2961 2316 3088 Arzt. Sie sind sehr güig, gnädige Frau. Ich will in
571 3049 964 3152 einer Stunde
705 3104 1477 3222 Betty (mit Bedauern). Oh!
705 3137 2329 3312 Arzt. In einer halben Stunde werde ich wieder da
573 3255 1499 3382 sein. Wie heißt Ihr Hausarzt?
3229 424 3468 522 29 —
2548 533 3628 669 Betty. Doctor Ferdinand Schmidt.
2557 584 4179 744 Arzt (nickt). Ah, der gewesene Assistent von Nußbaum?
2555 724 2941 814 Betty. Ja.
2562 720 4184 860 Arzt. Bitte, erklären Sie ihm, daß ich durch einen
2436 825 4177 950 Zufall nahe bei der Unfallstätte war und daß Sie mich ge¬
2419 915 3301 1036 beten haben, wiederzukommen.
2562 968 3479 1100 Betty. Gewiß. Aber warum
2573 1003 4188 1137 Arzt. Man muß sehr vorsichtig sein, gnädige Frau,
2434 1104 4195 1212 besonders gegenüber Hausärzten. Ein anderer Arzt ist stets
2432 1183 3560 1291 der Einschleicher — oh, ich kenne das!
2575 1231 4199 1387 Betty. In diesem Falle können Sie ruhig sein. Nicht
2441 1315 3271 1442 wahr, es ist jetzt viel besser?
2581 1389 3519 1488 Arzt. Na... Der Puls
2570 1464 3113 1576 Betty. Schlecht?
2579 1453 4206 1655 Arzt. Wir wollen hoffen, daß die Bewußtlosigkeit nicht
2441 1605 2785 1706 wiederkehrt.
2579 1631 3789 1782 Betty. Ja, was kann man thun, damit
2584 1692 4197 1831 Arzt. Viel mehr, als bei ihm sein, können Sie eigentlich
2656 1793 3780 1903 Ihr Herr Gemahl holt eine Wärterin?
2447 1817 2603 1936 nicht.
2588 1826 4149 2000 Betty. Nein. — Er (auf Hugo deutend) will eine Freundin
2456 1954 3295 2068 er will seine Freundin sehen.
2594 2041 2963 2136 Arzt. Hm.
2599 2024 4265 2184 Betty. Es wird ihn erschüttern? Wir hätten nicht
2463 2164 2963 2287 nachgeben sollen?
2605 2166 4219 2353 Arzt. Es ist ganz gut. Erfüllen Sie ihm immerhin,
2461 2305 2946 2434 was er wünscht.
2599 2351 3374 2487 Betty (sieht ihn angstvoll an).
2603 2395 4225 2540 Arzt. Gnädige Frau, ich kann Ihnen nichts Bestimmtes
2472 2487 4221 2638 sagen. Entscheiden muß es sich bald. Ich komme wieder. (Ab.)
2474 2566 4221 2676 (Betty bleibt einige Minuten an der Thüre stehen, um ihre Erregung
2474 2614 4225 2742 zu bemeistern, dann wendet sie sich wieder Hugo zu, der unterdessen still
2467 2687 3760 2832 dagelegen, die Hand seiner Schwester in der seinen.)
3242 2748 3446 2895 (Stille.)
2610 2816 3110 2946 Hugo. Franzi!
2623 2904 3218 3014 Franziska. Nun?
2638 2930 4241 3121 Hugo. Ich hab' Angst, daß ich nicht mehr dabei bin
2480 3066 2645 3156 wenn
2630 3091 3393 3218 Franziska. Geh', Hugo
2625 3141 3773 3286 Hugo (zu Betty). Ich will es ihr sagen.
2632 3266 3001 3376 Betty (nickt).
2985 3284 3751 3459 As Manuscript gedruckt.
