4760 4040
1392 430 1505 574 12
713 587 2332 691 Ferdinand. Nein! — ich habe leider nie Gelegenheit
565 675 1456 763 und Zeit gehabt, es zu lernen.
710 708 2321 849 Agnes. Ach Gott, Sie hätten schon Zeit — den ganzen
565 803 1489 894 Tag practiciren Sie doch nicht.
715 874 2312 971 Ferdinand. Jetzt ist's aber zu spät. Es würde mir
569 949 2312 1033 auch keine Freude machen. Diese Dinge muß man als ganz
571 1013 2294 1108 junger Mensch anfangen. Und als ganz junger Mensch hab
576 1090 2310 1180 ich eben andere Sachen zu thun gehabt. Ich habe mir mein
560 1149 2069 1251 Leben nicht nach meinem Belieben einrichten können.
713 1209 2317 1319 Agnes (altklag). Sehen Sie, Herr Doctor, meiner Ansicht
563 1293 2321 1412 nach kann sich jeder Mensch das Leben so einrichten, wie
571 1355 790 1467 er will.
710 1394 1933 1516 Emma. Was für ein Unsinn, mein Kind
706 1487 1721 1593 Agnes. Gewissermaßen, mein' ich,
713 1555 2317 1648 Ferdinand. Auch nicht „gewissermaßen", Fräulein
563 1606 2310 1719 Agnes. Es kommt nicht nur auf die Anlagen an, sondern
574 1697 1500 1807 auch auf die äußeren Umstände.
702 1754 2310 1884 Agnes. Ist es Ihnen denn gar so schlecht gegangen?
704 1838 1319 1937 Emma. Aber Kind!
693 1884 2319 2032 Ferdinand. Oh, gnädige Frau, ich schäme mich nicht,
563 1953 1443 2067 daß ich ein armer Teufel war.
704 2047 2246 2131 Emma. Das weiß ich. Sie sind sogar stolz darauf
702 2107 2301 2208 Agnes. Und Ihren Kindern werden Sie erzählen, daß
560 2169 2109 2268 Sie mit zerrissenen Sohlen nach Wien gekommen sind.
695 2246 1399 2341 Emma (lächelnd). Agnes!
695 2310 2237 2403 Ferdinand. Was zufällig die Wahrheit sein könnte.
693 2378 1611 2480 Betty. Das ist keine Schande.
697 2449 2317 2557 Ferdinand. Besonders, wenn man allmählig doch zu
554 2517 1423 2643 ganzen Schuhen gekommen ist.
684 2564 2297 2685 Betty. Ich erinnere mich noch so genau an den Tag,
547 2663 2306 2762 wo Sie das erste Mal bei uns waren und dem Hugo die erste
534 2723 1209 2831 Lection gegeben haben.
693 2751 2312 2906 Ferdinand. Das sind jetzt zwölf Jahre her! Erinnern
543 2864 1897 2954 Sie sich auch noch daran, Fräulein Franziska?
693 2932 1297 3031 Franziska. Gewiß.
684 3007 2301 3091 Agnes. Ich auch! Damals (zu Franziska) seid Ihr ein-
543 3071 2297 3197 mal bei uns zur Jause gewesen, — und der Hugo hat erzählt,
536 3142 1814 3230 Ihr habt einen neuen Lehrer bekommen und
677 3208 1273 3307 Ferdinand. Nun?
673 3263 2294 3376 Agnes. Ah nichts. Sie wissen ja, der Hugo war immer
536 3338 1291 3459 ein so ausgelassener Bub'.
3256 408 3358 547 13
2570 523 4192 675 Ferdinand (etwas gezwungen). Na, der muß sich schön
2617 622 4183 739 über mich gemacht haben — damals. Im Übrigen
2431 644 2577 750 lustig
2433 671 4207 825 was reden wir von vergangenen Dingen. Wie geht's denn
2431 748 3938 896 dem Herrn Professor? Ist er noch nicht zu Hause?
2579 794 4198 935 Betty. Nein; der Club der Vereinigten Linken hat eine
2447 900 3726 1028 Sitzung; er wird erst gegen Abend kommen.
2586 929 4205 1072 Emma. Daß die nicht einmal Sonntag sich und dem
2442 1055 3409 1176 Vaterland eine Erholung gönnen.
2581 1077 4214 1227 Ferdinand. Gnädige Frau scheinen noch immer keine
2447 1189 3669 1293 Begeisterung für die Politik zu empfinden.
2599 1189 4216 1352 Emma (kühl). Oh, warum denn? Meinem Schwager
2460 1317 3250 1421 macht sie gewiß viel Spaß.
2603 1368 4227 1496 Ferdinand (auf die Uhr sehend). Wie man in's Plaudern
2458 1452 3720 1564 kommt. — Meine Damen, auf Wiedersehn!
2603 1485 4234 1624 Betty. Kommen Sie nicht zu spät. — Sie wissen, wie
2460 1553 4232 1701 gern Adolf vor dem Nachtmahl noch eine Partie Strohmandl
2464 1681 2976 1780 mit Ihnen spielt.
2608 1668 4234 1838 Ferdinand. Ich komme sobald als möglich. Wem
3808 1758 4234 1895 — Fräulein
2480 1798 3788 1917 werden Sie heute Glück bringen, Franz
2480 1880 2928 2001 Franziska?...
2628 1891 4238 2041 Franziska. Einem von Ihnen jedenfalls Unglück, ent-
2480 2019 3212 2129 weder Papa oder Ihnen.
2621 2025 4236 2180 Ferdinand (ungeschickt). Oh, das Unglück kommt nicht
2480 2118 4245 2261 von Ihnen, das ist da... nur das Glück muß hergezwungen
2489 2197 4110 2328 werden. Nicht wahr —? Also Adieu, auf Wiedersehen.
2625 2246 4238 2376 Betty (sich erhebend). Warten Sie nur, Herr Doctor
2491 2319 4249 2449 wir bleiben ja auch nicht länger in der „Höhle“ — (lächelnd
2491 2405 3609 2537 zu Agnes) in der Höhle des „Beliebten.
2632 2422 4254 2592 Ferdinand (lacht). Wie? Ah, Hugo ist der Beliebte,
2486 2550 3737 2663 freilich. Manche Leute sind dazu geboren.
2645 2579 4262 2725 Emma (hat sich auch erhoben). Sie sind ein Fatalist.
2497 2692 3590 2815 Wenn man zu allem geboren wäre.
2648 2703 4262 2862 Ferdinand. Nicht zu allem. Das sag' ich nicht. (Er,
2517 2809 4271 2943 sowie Betty und Emma sind abgegangen. Franziska und Agnes scheinen ihnen
2500 2870 4194 3023 folgen zu wollen; da faßt Agnes Franziska beim Arm und hält sie zurück.)
3197 2989 3587 3144 7. Auftritt.
3133 3109 3678 3248 Franziska. Agnes.
2659 3195 3925 3371 Agnes. Willst Du den wirklich heirathen?
3012 3303 3777 3446 Als Manuscript gedruckt
