4760 4008
1382 386 1520 521 44
694 541 2012 677 Emma. Was ist er denn eigentlich gewesen?
681 646 1908 748 Toni. Beim Magistrat war er angestellt.
688 701 2305 819 Emma. Aber der Hugo hat Sie... bald von Hans
555 805 998 907 weggenommen?
677 832 2301 987 Toni (nach einer Pause). Ich hätt' ja... gehn müssen
1227 1065 1613 1194 6. Auftritt.
797 1140 2048 1287 Emma. Toni. Das Kind. Gustav (kommt).
677 1294 2299 1420 Kind (das ihn erblickt). Onkel Gustav! (Streckt ihm die Arme
544 1367 768 1467 entgegen.
679 1418 1118 1531 Toni (steht auf).
688 1456 2294 1591 Gustav (geht vor allem dem Kinde entgegen und schließt es in
539 1564 2290 1649 die Arme — Pause... Bewegung. Dann streckt er Toni die Hand
546 1640 1913 1731 entgegen: dann Emma.) Ist das ein Wiedersehen!
679 1697 2081 1793 Emma. Wann sind Sie denn zurückgekommen?
677 1773 2288 1866 Gustav. Vor einer halben Stunde, gnädige Frau, ich
541 1844 2294 1944 hab' eine so große Sehnsucht gehabt, die beiden da (auf Toni
535 1915 2296 1988 und das Kind weisend) wiederzusehen. — (Bewegt.) Also seid Ihr
539 1990 2294 2083 wirklich da! wohnt hier! — Das beruhigt mich sehr! - Und
530 2057 2225 2148 wie geht's Euch denn... wie ist das überhaupt alles
530 2119 1271 2239 hat man Euch auch lieb?
1229 2166 1586 2296 (Kleine Pause.)
670 2230 2305 2378 Emma. Es ist alles gut — und wird noch besser
528 2325 759 2445 werden.
1203 2469 1602 2620 7. Auftritt.
510 2574 2296 2725 Toni. Kind. Emma. Gustav. Betty (und) Franziska (kommen
1267 2671 1538 2780 von links).
648 2749 1759 2889 Betty. Sie sind wieder da, Gustav?
659 2858 2288 2984 Franziska. Guten Tag! (Begrüßung. Franziska wendet sich
519 2920 1030 3024 gleich dem Kinde zu.)
666 2946 1538 3091 Betty. Zurück vom Urlaub?
659 3026 2279 3175 Gustav. Ja, gnädige Frau, und hieher war natürlich
515 3113 2288 3259 mein erster Weg. (Leise zu Betty.) Was Sie da gethan haben,
519 3193 919 3304 ist sehr schön.
655 3268 1742 3397 Betty. Es ist doch selbstverständlich
3219 404 3463 515 — 45 —
2645 530 4189 639 Gustav. Ja, von Ihnen, gnädige Frau gewiß.
2656 610 3996 710 Franziska (zu Gustav). Waren Sie zu Hause?
2658 663 4267 772 Gustav. Ja, Fräulein. Es war ein trauriger Urlaub!
2516 746 4278 839 Denken Sie — die Stimmung, in der ich von hier abgereist
2745 830 4267 939 und daheim hab' ich auch nicht alles so gefunden,
2514 832 2629 923 bin,
2514 888 3213 992 wie ich gewünscht hätte.
2649 932 3825 1058 Franziska. Wie geht's Ihrer Mutter
2660 1003 4280 1118 Gustav. Nicht zum besten. (Ernst.) Sie ist sehr alt
2523 1098 4276 1240 geworden. Wer weiß, ob ich sie noch einmal wiedersehen
2520 1178 2709 1282 werde.
2658 1225 4205 1316 Betty. Warum machen Sie sich so trübe Gedanken?
2665 1287 4282 1382 Gustav. Was! Ist das Leben eine traurige Erfindung!
2529 1371 4284 1460 Wenn man so ein paar Jahre daran vergessen hat und es
2532 1436 4273 1535 für sehr fidel hält — da kommt dann alles Schlimme auf
2527 1500 4276 1593 einmal. — (Einfach.) Da heißt es dann gleich — alles ver¬
2529 1573 3202 1702 lieren, was einem...
2662 1651 3905 1731 Toni (klammert sich unwillkürlich an das Kind).
2669 1724 4289 1837 Gustav (absichtlich abschweifend). Sie ziehen wohl bald alle
2525 1784 2898 1897 auf's Land?
2662 1830 3581 1941 Betty. Ja, in einigen Tagen.
2680 1917 4293 2012 Gustav. Das ist gut. Auch wegen des Buben. Um
2525 1984 4293 2117 die Zeit war er sonst immer schon im Grünen. (Nach Pause,
2529 2048 4167 2190 zu Franziska). Sie wissen doch, daß er nach Ihnen heißt?
2678 2132 3202 2228 Franziska (nickt).
2685 2181 4300 2281 Gustav. Er hat gewußt, was er an seiner Schwester
2722 2270 4291 2387 (Zum Kind.) Ja, jetzt wird der Franzl bald wieder im
2540 2281 2662 2363 hat.
2547 2341 3146 2445 Garten herumlaufen.
2680 2361 4244 2498 Kind. Und der Papa wird mit mir Fangen spielen.
2687 2463 4298 2607 Franziska (zu Toni). War das sehr weit draußen, wo
2540 2534 3579 2662 Ihr auf dem Lande gewohnt habt?
2680 2618 3091 2714 Toni. Nein.
2685 2665 4304 2762 Gustav. Ganz nah. Ich bin sehr oft noch spät Abends
2547 2747 4078 2860 mit ihm hinaus. Erinnerst Du Dich, Toni, wie wir
2687 2831 3128 2922 Toni (wehrt ab)
2689 2858 4320 2975 Franziska (zu Gustav). Sie haben auch mehr von ihm
2554 2946 4309 3053 gehabt als wir. Warum hab' ich von all' dem früher nichts
2556 3018 4313 3113 wissen dürfen? Warum? warum? — Den Garten möchte
2549 3088 4318 3215 ich doch gern einmal sehen — wir wollen einmahl alle zu¬
2556 3177 2884 3295 sammen..
2676 3202 3430 3326 Toni (beinahe hart). Nein
3029 3290 3810 3419 Als Manuscript gedruckt.
