4744 4088
1312 526 1503 630 62
550 634 2285 786 wenn Deine Verlobung, meine liebe Franziska, noch aus¬
555 742 2164 874 gesprochen würde, — bevor wir auf's Land übersiedeln
691 839 2300 905 Franziska. Es ist doch nicht die Zeit, Feste zu feiern.
682 885 2289 980 Adolf. Worauf man erwidern könnte: eine Verlobung
555 953 2292 1039 ist- kein Fest! Im Ernst gesprochen: eine Verlobung ist eine
564 1030 2300 1107 heilige und feierliche Sache — und besonders bei Euch, die
557 1096 2294 1189 Ihr einander so lange kennt. Bedenke nur, liebe Franziska,
546 1180 2300 1261 wie verlassen wir von nun an sein werden, — und wenn
555 1246 2298 1347 uns ein treuer Freund bleibt, so müssen wir ihn doppelt
548 1305 920 1396 hoch schätzen.
680 1325 2289 1475 Franziska. Ich möchte ja so gerne glauben, daß Sie
546 1437 764 1532 es vind.
678 1479 2305 1611 Ferdinand. Zweifeln Sie daran, Franziska? (Er streckt
544 1592 1609 1699 ihr die Hand entgegen, die sie zögernd nimmt.)
1197 1721 1620 1831 18. Auftritt.
537 1831 2289 1948 Adolf. Betty. Franziska. Ferdinand. Toni (kommt. Sie trägt
1092 1908 1752 2008 einige Bilder in der Hand.)
707 1981 2115 2091 Wie sie die Gruppe sieht, bleibt sie an der Thüre stehen.
674 2069 2058 2166 Fransziska (rasch zu ihr). Guten Abend, Toni.
671 2144 1611 2243 Toni (sehr erregt). Guten Abend.
665 2201 2294 2325 Betty. Was ist Ihnen denn, Toni, wie sehen Sie
535 2276 841 2369 denn aus:
667 2318 1757 2428 Toni. Es wird schon vorübergehen.
671 2408 1842 2509 Franziska. Sie haben geweint, Toni.
674 2465 2292 2613 Adolf. Heut’ sollen keine Thränen mehr fließen. Freuen
542 2553 1230 2655 Sie sich mit uns, Toni.
667 2630 1259 2719 Toni (zuckt zusammen).
663 2692 2206 2780 Adolf. Franzi wird sich mit dem Doctor verloben.
665 2763 2151 2853 Toni (ohne Bewegung). Ich gratulire. (Kleine Pause).
680 2842 2280 2930 Adolf. Sie dürfen sich freuen, Toni. Sie sollen es
531 2892 2285 2989 thun. Seien Sie überzeugt, unser armer Hugo selbst, wenn
522 2972 2285 3088 er Sie hier unter uns sähe, würde wünschen, daß Sie
524 3036 1160 3139 unsere Freude theilen.
678 3093 2283 3203 Ferdinand (hat während der letzten Sätze die Bilder, wie zu¬
535 3176 2164 3262 fällig zur Hand genommen und sie mit Aufmerksamkeit betrachtet).
1312 3240 1506 3348 (Pause.)
663 3282 2274 3421 Toni (hat ihn starr angesehen; plötzlich). Wo ist mein Bub’?
1059 3388 1752 3491 (Sie eilt in's Nebenzimmer.)
3181 451 3423 588 63 —
2534 570 4167 762 Adolf. Ich finde, sie könnte an Eurem Glück etwas
2404 700 3148 817 innigeren Antheil nehmen.
2531 720 3876 861 Ferdinand (betrachtet die Bilder). Wer ist das?
2527 803 4156 951 Betty. Das ist ein altes Bild von Hugo. Gott.
2492 900 3154 1008 Jahre war er damals.
2534 960 3408 1081 Adolf. Was für edle Züge!
2527 1013 4165 1151 Ferdinand. Das hier mein' ich... den alten Mann.
2529 1116 3597 1193 Franziska. Das ist Toni's Vater.
2531 1158 3962 1305 Ferdinand. Wissen Sie das bestimmt, Franzi
3394 1200 4169 1325 Sie hat es mir eben dort
2534 1255 3324 1349 Franziska. Ganz gewiß
2402 1290 4171 1418 gezeigt. Auf dem kleinen Tisch am Fenster, wo sie gearbeitet
2399 1380 3843 1503 hat, ist es neben dem Bilde von Hugo gestanden.
3344 1396 4171 1541 Ich habe diesen alten Mann
2534 1455 3293 1561 Ferdinand. Sonderbar.
2408 1510 4171 1629 gekannt (Weber jetzt erinnere ich mich auch den
2406 1622 2626 1699 Namen.
2538 1651 3236 1772 Adolf. Ist's möglich?
2545 1741 3042 1847 Betty. Woher?
2542 1776 4176 1902 Toni (herein). Gnädige Frau, ich weiß nicht, was dem
2402 1858 4163 1997 Kind ist. Es kommt mir verändert vor. Herr Doctor, bitte
2404 1946 2752 2054 wollen Sie
2545 1961 4180 2122 Ferdinand. Ich habe Ihren Vater gekannt, Fräulein
2402 2096 2578 2206 Toni.
2542 2151 2932 2250 Toni. Sie?
2545 2170 4176 2309 Ferdinand. Allerdings zu einer Zeit, wo Sie ihn
2417 2292 3430 2393 offenbar nicht mehr gekannt haben.
2547 2355 3154 2459 Toni (fährt zusammen).
2545 2358 4178 2551 Ferdinand. Ich bin durch eine Zeit lang oft bei ihm
2415 2514 2655 2615 gewesen.
2553 2527 3403 2668 Toni. Sie waren bei ihm?
2560 2556 4191 2732 Ferdinand. Ich bin sein Arzt gewesen, während seiner
2413 2710 2899 2820 letzten Krankheit.
2558 2780 2903 2877 Toni. Ah
2551 2820 3082 2950 Betty. Wirklich!
3584 2840 4187 2996 Fäden des Schicksals
2567 2870 3544 3014 Adolf. Wie seltsam sich oft die
2417 2989 2776 3102 verschlingen.
2562 2985 4198 3159 Ferdinand. Jetzt, da ich dieses Bild sehe, wird mir
2426 3108 3181 3220 vieles wieder gegenwärtig.
2558 3187 3278 3282 Toni. Es ist lang her
2573 3201 4189 3377 Ferdinand. Jawohl, es müssen drei Jahre sein; ich
2428 3330 2983 3460 war noch Assistent.
2921 3333 3691 3518 Als Manuscript gedruckt.
