4744 4072
1356 473 1473 572 52
681 578 2301 747 Emma. Was soll man zu einem Menschen sagen, der
537 657 1591 763 sich nicht scheut, in diesem Zimmer
675 736 2299 846 Adolf. Sans consequence bei uns, liebe Emma — das
537 778 2283 944 weiß ich längst — die Söhne haben in solchen Fällen ge¬
539 883 1573 1012 wöhnlich mehr Glück als die Väter.
1177 1052 1608 1207 11. Auftritt.
881 1144 1915 1310 Adolf. Emma. Betty (kommt zurück).
660 1256 2277 1402 Betty. Es hat sich beruhigt. Ich hab' es ein bischen
526 1359 2268 1488 aufs Bettchen hingelegt — weil es ganz müde ist, als hätt
524 1431 1961 1532 es weiß Gott was für Aufregungen durchgemacht.
653 1492 2272 1611 Adolf. So. Wir müssen doch dieser Tage einmal ernst¬
513 1567 2261 1698 lich mit Schmidt über den Buben reden. In meinem Leben
515 1632 1771 1746 ist mir kein so nervöses Kind vorgekommen.
640 1689 2259 1823 Betty. Heute scheint es mir noch abgespannter als sonst.
649 1762 2257 1891 Adolf. Das betrübt mich. Wie immer man die Sache
502 1841 2253 1977 nehmen mag: Dieses Kind ist von unserem Blute, und was
508 1898 1740 2018 mich anbelangt, lieb' ich es so sehr, als..
642 1952 2121 2099 Emma. Als wenn es Dein Enkel wäre... was?
635 2036 1324 2141 Adolf. Thue ich auch.
629 2099 1615 2215 Emma. Es ist doch Euer Enkel.
629 2176 2246 2314 Adolf. Ich liebe es, als wenn es mein legitimer Enkel,
493 2226 2253 2391 als wenn es in der Ehe geboren wäre, von einer Frau, die
500 2318 1687 2421 wir selbst unserem Hugo zugeführt hätten.
629 2367 2244 2537 Emma. Es it garnicht ausgemacht, daß die besser ge¬
484 2415 839 2533 wesen wäre.
620 2513 2231 2658 Adolf. Du bist eben immer originell, liebe Emma.
484 2557 2235 2737 Aber wir haben nun einmal in der Welt nicht mit lauter
478 2658 2231 2805 Leuten zu thun wie Du oder ich. D’rum sagt' ich früher:
478 2726 2229 2866 Der Kampf beginnt. Gott sei Dank, ich bin der Mann, ihn
476 2776 2235 2938 durchzuführen, ich habe schon manchmal Gelegenheit gehabt
473 2857 982 2963 zu zeigen — na
596 2938 2231 3085 Betty. Was meinst Du denn eigentlich? Warum sprichst
469 2982 1144 3107 Du von einem Kampf?
603 3063 2198 3215 Adolf. Sag', meine liebe Betty, ist Dir nicht aufge-
467 3138 2218 3280 fallen, daß einige unsrer intimsten Freunde seit dem Begräbnis
469 3206 1576 3322 sich nicht bei uns haben blicken lassen?
592 3269 1738 3449 Betty. Es sind ja erst acht Tage her.
3300 434 3556 561 — 53 —
2717 578 4336 706 Adolf. Immerhin... Unter anderen Umständen wären
2579 646 3147 754 sie wohl gekommen.
2704 717 4317 874 Betty. Von Bibers und Grünbergs ist es allerdings
2573 789 2877 894 sonderbar.
2706 874 4328 995 Adolf. Weder Biber, noch seine Frau, hoch seine Töchter
2573 929 3285 1032 haben sich blicken lassen.
2700 1004 4312 1113 Betty. Nun ja, wir werden schlimmsten Falls auf
2566 1069 4319 1188 diesen Verkehr verzichten können. Wir haben eben eine Pflicht
2570 1139 2895 1234 zu erfüllen.
2702 1166 4310 1310 Adolf. Das ist's — ja! Du bist mein braves Weib,
2555 1277 4308 1387 Betty. Eine Pflicht haben wir zu erfüllen, das ist das
2564 1361 4317 1457 erlösende Wort. Aber Wenige verstehen das! Wenige! Sogar
2577 1416 3635 1519 solche, von denen man denken sollte.
2704 1488 4304 1617 Emma. So erzähl' doch endlich, was Du zu er¬
2553 1545 2912 1648 zählen hast!
2689 1646 4295 1735 Adolf. Ich habe heute früh Doctor Mettner begegnet
2555 1678 4308 1808 wie ich meinen Morgenspaziergang über den Ring machte.
2546 1768 4310 1860 Du wirst zugeben, ein Mann ohne engherzige Vorurtheile, ei
2548 1841 4170 1939 Vorkämpfer für alle freisinnigen Ideen wie ich selbst
2553 1902 2984 2020 ich kann sagen.
3033 1902 4223 2001 Schulter an Schulter haben wir seinerzeit
3123 1979 3738 2066 (Emma steht nervös auf.
2678 2009 3973 2117 Betty. Nun, was hat's mit ihm gegeben?
2689 2097 4301 2198 Adolf. Lieber Professor, sagte Mettner, Sie geben der
2546 2163 4299 2272 Gesellschaft einen Faustschlag ins Gesicht — ich gebrauche
2546 2224 3379 2336 seinen Ausdruck „Faustschlag“
2673 2299 3773 2408 Betty. Was hast Du ihm erwidert?
2680 2338 4297 2467 Adolf. Ich? — Lieber Doctor, habe ich erwidert, ich
2535 2439 4293 2575 kann mir das erlauben. Ich meine nämlich, wenn man so
2540 2511 3333 2640 dasteht wie ich, wenn man
3208 2638 3618 2768 12. Auftritt.
2763 2739 4036 2890 Adolf. Betty. Emma. Ferdinand (tritt ein)
2673 2844 3526 2956 Ferdinand. Guten Abend!
2671 2934 3594 3026 Adolf. Guten Abend, Doctor!
2669 2982 4271 3096 Ferdinand (im Zimmer umherblickend). Also immer hier
2658 3068 4003 3155 Adolf. Ja. Hier sind wir ihm am nächsten.
2656 3120 4277 3223 Ferdinand. Fräulein Franzi ist wohl in ihrem Zimmer?
2665 3208 4277 3307 Betty. Franzi ist nicht zu Hause, Doctor; sie wird aber
2518 3267 3868 3399 bald kommen. Sie ist mit Toni fortgegangen
3013 3344 3773 3478 Als Manuscript gedruckt.
