4792 4136
1265 571 1414 682 64
628 668 1936 826 Toni. Hat er damals von mir gesprochen?
635 779 1587 886 Ferdinand. Er?... Niemals
633 848 1605 961 Toni. Nun ja, selbstverständlich.
635 861 2262 1032 Ferdinand. Sein Bild bewahren Sie auf, aber den
504 975 1787 1103 alten Mann haben Sie allein sterben lassen!
642 1035 2267 1183 Adolf. Was ist das? Sie haben Ihren Vater
504 1141 679 1270 allein
644 1114 2271 1354 Toni. Es war nicht meine Schuld, daß es so hat
508 1276 972 1374 kommen müssen.
659 1314 1439 1436 Ferdinand. Wahrhaftig!
648 1348 2278 1507 Toni. Wissen Sie, wie oft ich vor seiner Thür ge¬
519 1445 1956 1576 standen bin, und er hat mich nicht hereingelassen?
659 1501 2287 1654 Ferdinand. Das wäre allerdings bequem, wenn die
506 1574 2291 1723 Thüren gleich wieder aufspringen wollten, die sich vor Töchtern
517 1678 1345 1818 Ihrer Art geschlossen haben!
659 1692 2291 1856 Adolf. Das ist einem Vater wahrhaftig nicht zu ver¬
519 1843 730 1940 denken!
664 1851 1654 1985 Toni. Hören Sie mich doch an
668 1900 2293 2067 Ferdinand. An mancherlei erinnere ich mich jetzt. Es
533 1996 2304 2122 waren ein paar alte Leute bei Ihrem Vater, Verwandte glaube
539 2096 1405 2207 ich — die haben ihn gepflegt
666 2100 2082 2256 Adolf. Das wäre Ihre Pflicht gewesen, Toni.
675 2198 2315 2324 Ferdinand. Und die waren es, die mir von
546 2267 2318 2409 seiner Tochter erzählt haben, von der Schande, die er mit ihr
546 2333 2315 2469 erlebt, von dem Gram, den er um ihretwillen erlitten, und
546 2418 2327 2546 Gemüthsbewegungen dieser Art pflegen das Leben von alten
546 2504 1341 2620 Leuten nicht zu verlängern.
675 2549 2038 2688 Betty. So lassen wir doch jetzt diese Dinge.
686 2593 2327 2771 Adolf. Von all' dem haben wir bis heute nichts er¬
559 2717 770 2831 fahren.
695 2706 2335 2890 Toni. Man hat mich ja nicht gefragt. Ich will
551 2857 1199 2979 Ihnen ja alles sagen.
702 2873 2338 3015 Ferdinand. Freilich ist's lustiger mit einem Liebhaber
573 2968 2256 3097 zu leben, als am Krankenlager seines Vaters zu wachen!
568 3021 2335 3150 Die Jugend genießen, nennt man das wohl — und lächelt
566 3092 2338 3217 mild, wenn man es sagt. — Aber gar so leicht ist das doch
564 3168 2256 3308 nicht zu nehmen, wie man es selbst hier gerne thäte
573 3219 2344 3399 so lang es noch Väter giebt, die an solchen Kindern zu Grunde
573 3357 768 3454 gehen.
715 3388 1982 3532 Franziska. So sprechen Sie doch, Toni.
3279 480 3372 619 65
2591 624 4136 737 Toni. Es ist nicht wahr, daß er daran gestorben ist
2449 702 4216 801 es ist nicht wahr, daß ich ihn allein gelassen hab' — nur
2455 775 4205 875 auf mich ist es angekommen, daß er mich wieder zu sich ge¬
2451 864 3312 966 nommen hätte — trotz allem!
2586 919 3343 1037 Betty. Was sagen Sie?
2597 946 4220 1090 Toni. Er hat ja garnichts anderes verlangt, als daß
2455 1079 3226 1185 ich wieder bei ihm wohne.
2602 1092 3883 1217 Adolf. Warum haben Sie's nicht gethan?
2600 1214 2815 1308 Betty.
3024 1230 3210 1336 Nun
2600 1272 2979 1376 Franziska.
3357 1252 4231 1432 hätt' ich zu fremden Leuten
2604 1325 3314 1441 Toni. Aber das Kind
2464 1410 2846 1525 geben sollen!
2609 1463 3312 1572 Franziska. Oh Gott!
2609 1490 4222 1649 Ferdinand. Der Wunsch war natürlich. Sie hätten
2460 1621 3046 1725 ihn erfüllen müssen.
2609 1663 3787 1794 Adolf. So was kommt alle Tage vor.
2609 1747 3055 1851 Betty. Nein!
2611 1796 4227 1920 Toni. Nicht um die ganze Welt hätte ich das gethan!
2464 1869 3972 2011 Und glauben Sie, der Hugo hätte es je zugegeben
2615 1927 4234 2042 Ferdinand. Wenn Sie ihn sehr gebeten hätten, wäre
2475 2009 4234 2116 es vielleicht doch zu erreichen gewesen. Es ist schon vorge¬
2475 2087 4098 2193 kommen, daß man solche Kinder in Pflege gegeben hat.
2613 2145 4238 2269 Toni. Was verstehen Sie denn von dem allen? Wenn
2475 2213 4229 2324 man irgend einem Wesen auf der Welt was schuldig ist, so
2480 2289 4236 2398 ist es doch das eigene Kind.] Und dann war's ja erst aus
2482 2349 4234 2471 mit dem Vater. Wie er gesehen hat, es ist alles umsonst,
2482 2424 4236 2542 und ich geb' meinen Buben nicht fort, — da hat er mich
2482 2513 4238 2606 nimmer hereingelassen und hat mich von der Thür davon-
2491 2566 4049 2682 geschickt... so oft, bis ich's endlich aufgegeben hab’.
2633 2624 3978 2742 Franziska. Was müssen Sie gelitten haben
2622 2697 4238 2822 Toni. Freilich hab' ich gelitten. Aber warum hat
2493 2775 4225 2875 denn der Vater nichts mehr von mir wissen wollen? Wär
2498 2839 4242 2959 ich weniger schlecht gewesen, wenn ich mein Kind zu fremden
2502 2904 4240 3013 Leuten gegeben hätte und wenn die Leute im Haus nichts
2498 2970 4249 3095 davon erfahren hätten, und wenn ich dem Vater wieder die
2502 3035 4240 3168 Wirthschaft geführt hätte — wie früher; wär' ich da 'was
2506 3132 3186 3235 andres gewesen als so?
2644 3148 4256 3303 Ferdinand. Das allerdings nicht; — aber eine Pflicht
2515 3272 3039 3386 hätten Sie erfüllt!
2995 3306 3756 3450 Als Manuscript gedruckt.
2591 3421 2968 3534 Das Vermächtnis.
