4776 4008
3051 936 3623 1084 Erster Akt.
3055 1086 3614 1183 Hugos Zimmer.
2459 1097 4232 1238 Im ganzen dunkel gehalten, mit Eleganz und mit einem — nicht allzu
2466 1203 4234 1305 stark — auf's Sportliche gerichteten Geschmack ausgestattet. — Zwei Fenster
2466 1260 4232 1347 rückwärts; die Läden halb geschlossen; die Nachmittagssonne fällt durch
2470 1324 4232 1404 die Spalten herein. Rechts zwei Thüren, links eine Thür. Gegen die
2466 1377 4232 1457 linke Ecke gerückt, aber mehr der Mitte der Bühne zu, ein sehr breiter
2472 1437 4234 1514 Schlafdivan, der mit einem schweren persischen Teppich überdeckt ist.
2468 1483 4234 1563 Rechts ein Schreibtisch, gleich daneben eine Etagère, dahinter ein
2475 1530 4234 1629 Paravent mit zahlreichen Photographien. Zwischen den Fenstern Jagd¬
2464 1589 4234 1680 prophäen. links an der Wand neben der Thür ein Stand mit Flinten.
2466 1651 4236 1751 In der Ecke links ein Schrank. Wie der Vorhang aufgeht, bleibt die
3002 1704 3715 1812 Scene einen Augenblick leer.
3179 1821 3547 1945 1. Auftritt.
3029 1914 3711 2035 Gustav Brander. Lulu.
2609 1978 4148 2093 Gustav (tritt rechts vorn ein). Servus, Hugo!.. Hugo!
4106 2068 4252 2161 (Will
2477 2066 3978 2194 (Sieht sich um, spricht nach der Thür.) Er ist ja nicht da!
2472 2170 2735 2249 wieder ab.
2609 2194 4245 2300 Lulu (von links). Ah, der Gustav? Grüß' Dich Gott!
2620 2278 4170 2375 Gustav. Servus, Zwerg. Wo ist denn der Hugo?
2609 2364 3929 2446 Lulu. Der ist schon eine Stunde lang fort.
2616 2402 4254 2503 Gustav. Ich hab' mir's aber gedacht. Warum sagt
2475 2488 4042 2583 mir denn Euer Stubenmädchen, daß er zu Hause ist?
2616 2561 4249 2656 Lulu. Die weiß ja nie was. Willst Du nicht weiter-
2481 2636 3998 2735 spazieren? Die Mama wird sich gewiß sehr freuen.
3682 2675 4260 2781 — Aber ich kann
2623 2695 3675 2804 Gustav (lächelnd). Wie ein Großer!
2483 2768 4185 2896 leider nicht weiterspazieren, der Misotzki wartet im Wagen.
2618 2841 3358 2943 Lulu. Laß ihn warten!
2623 2901 4269 3009 Gustav. Das geht nicht. Es scheint übrigens große
2477 2971 3338 3082 Gesellschaft bei Euch zu sein?
2634 3009 4263 3139 Lulu. Große Gesellschaft — bei uns! — Du machst
2477 3117 3015 3214 Dich lustig, was?
2634 3139 4272 3313 Gustav. Am Fenster habe ich wenigstens mehrere Köpfe
2486 3256 2744 3386 gesehen?
2965 3289 3759 3446 Als Manuscript gedruckt.
