4792 4120
1308 485 1547 633 50 —
558 602 1970 781 Adolf. Mit Franzi? Zusammen? — Hm
635 737 1012 824 Betty. Ja.
635 762 2254 888 Adolf (auf und ab). Im Prinzip ist ja dagegen nichts
491 868 2074 965 einzuwenden. Aber es könnte falsch aufgefaßt werden.
626 936 1107 1040 Betty. Wieso?
633 956 2256 1111 Adolf. Ich werde Euch das erklären. Es könnte so
498 1069 2271 1180 aufgefaßt werden, als ob wir uns darauf etwas zu Gute
498 1158 702 1260 thäten.
640 1182 1202 1313 Betty. Zu Gute?
638 1242 2265 1366 Adolf. Ja. — Seht her — unsere Tochter, ein junges
500 1342 2278 1430 Mädchen, lassen wir bei helllichtem Tage mit dieser... (Blick
500 1415 2271 1501 auf Emma) mit Toni in der Praterstraße spazieren gehen — ja,
507 1488 2274 1570 das thun wir — so egal seid Ihr uns. — Es ist zu ab¬
514 1534 2287 1680 sichtlich, Betty, wir werden ohnedies noch genug Kämpfe zu
509 1632 985 1738 bestehen haben —
638 1671 1173 1789 Betty. Kämpfe?
646 1742 2276 1842 Adolf. Thut ja nichts, die Sache ist das schon werth
602 1822 2285 1933 und mit Dir zusammen — Ja, Betty, Du bist mein
516 1879 2282 1988 tapferes Weib. Wir wissen doch, wofür... für diesen kleinen
518 1959 2280 2059 füßen Engel da! (Zum Kind, das zu weinen begonnen hat.) Ja, was
516 2030 2285 2150 hast Du denn? Was habt Ihr denn nur mit dem Buben
518 2099 2291 2196 gemacht? (Zum Kind.) Du sollst nicht weinen! Warum weinst
518 2176 2289 2258 Du denn? (Sehr nervös.) Ach Gott, ach Gott — das ver¬
516 2225 2287 2342 trage ich absolut nicht. Betty, willst Du den Kleinen nicht
518 2302 1647 2395 lieber in ein anderes Zimmer bringen?
655 2371 1441 2477 Betty. Komm, Franzerl.
660 2417 2289 2524 Adolf. Aber die Trompete da soll er sich mitnehmen.
525 2508 1997 2608 Na, da nimm... da. (Giebt dem Kinde die Trompete.)
1107 2581 1705 2694 (Betty und das Kind ab.)
1200 2705 1603 2838 10. Auftritt.
1182 2816 1627 2933 Emma. Adolf.
669 2907 2296 3015 Adolf (im Zimmer auf und ab). Ist das Leben nicht sonder¬
534 2995 2300 3090 bar? Da ist man nun längere Zeit — Großpapa gewesen
536 3059 2296 3177 und hat keine Ahnung davon gehabt. Was sagst Du denn
547 3141 1224 3256 eigentlich dazu, Emma?
677 3210 1330 3307 Emma (zuckt die Achseln).
682 3263 1669 3363 Adolf. Du hast's wohl gewußt?
680 3349 1297 3471 Emma (wendet sich ab).
3272 483 3418 602 51
2595 569 4217 746 Adolf. Ich sollte Dir eigentlich böse sein, daß Du mir
2466 711 2993 808 nichts gesagt hast.
2606 731 3850 855 Emma. Das hätt' ich keinesfalls gethan.
2610 824 4228 943 Adolf. Du hättest Unrecht gehabt, Emma. Siehst Du,
2468 892 4224 1012 das wird mir niemand abstreiten: wie ich jederzeit ein liberaler
2479 976 4230 1085 Mann war, ich habe oft Gelegenheit gehabt es zu beweisen
2519 1034 4226 1138 — so bin ich auch ein liberaler Vater gewesen. Mein armer
2484 1116 4235 1224 Hugo hat sich nie über mich zu beklagen gehabt. Ich kann
2479 1169 4233 1293 von mir sagen, daß ich alles verstehe. Aber — wenn ich
2488 1249 4235 1355 von dieser Sache erfahren hätte — der hättte ich zu rechter
2495 1306 4235 1432 Zeit ein Ende gemacht. Das hab' ich nämlich nicht geahnt.
2493 1384 4237 1488 Siehst Du, der Junge hat viel Geld gebraucht, ich muß sagen
2586 1450 4248 1563 eigentlich mehr, als sonst Söhne aus gut bürgerlichen
2490 1514 4244 1632 Häusern zu brauchen pflegen, aber ich habe mir gedacht, der
2497 1587 4248 1709 Junge lebt wie die anderen jungen Leute, hat seine fidelen
2495 1656 4239 1773 kleinen Aventuren, kurz und gut, er genießt sein Leben. Donner¬
2504 1722 4248 1866 wetter,] man war ja auch einmal jung, man versteht das ja!
2643 1800 4160 1928 Emma. Gott sei Dank, wenn man es nur versteht!
2639 1866 4250 1999 Adolf. Allerdings versteht man es. Aber, was ich
2506 1953 4259 2070 immer stillschweigend vorausgesetzt habe, war: Der Junge hat
2506 2017 4259 2138 ein Verhältnis, wo das Hängenbleiben ausgeschlossen ist. Das
2513 2096 4266 2207 ist doch etwas, was man von seinem Sohne verlangen kann.
2521 2156 4266 2296 Zu allem übrigen hätt’ ich nie ein Wort gesagt... hab ich
2513 2238 4264 2358 nie ein Wort gesagt. Du hast doch davon gewußt, Emma,
2517 2329 3531 2433 Du bist ja seine Vertraute gewesen.
3447 2384 3569 2473 ja.
2663 2395 3385 2495 Emma. Früher einmal
2656 2442 3626 2564 Adolf. Früher, das wissen wir!
2661 2528 3449 2639 Emma. Was wissen wir?
2663 2570 4284 2732 Adolf (ernst). Alles, meine liebe Emma, was rings um
2528 2650 4284 2787 mich geschieht. Glaube, nicht, daß es irgend etwas giebt, das
2533 2752 3383 2867 diesen Augen entgehen könnte.
2670 2798 3823 2913 Emma. Was willst Du damit sagen?
2674 2858 4288 2993 Adolf. Ich kenne die Welt, liebe Emma. Daher fasse
2530 2940 4290 3066 ich die Dinge stets in ihrer wahren Bedeutung auf, nicht
2530 3011 4290 3152 nach der landläufigen Moral. Und meiner Ansicht nach giebt
2541 3077 4286 3223 es garnichts, was einen jungen Mann mehr bildet mehr reift,
4157 3144 4292 3225 oder
2539 3172 3952 3283 als — die Verehrung für eine schöne junge Frau
2544 3234 3874 3356 Witwe... Du bist noch immer schön, Emma.
3031 3310 3797 3456 Als Manuscript gedruckt.
