4840 4184
3242 418 3427 546 43
2454 537 4209 696 nicht morgen und nie nie mehr kommen wird. Ich ver¬
1295 509 1458 626 42
2451 612 4205 782 steh's ja selber noch nicht. Es ist grad, wie wenn ich's jeden
1181 643 1562 775 5. Auftritt.
2458 674 4185 846 Tag in der Früh neu erfahren möcht'. Immer muß ich mich
2462 747 4075 903 erst besinnen, weil ich jede Nacht von ihm träum
993 758 1771 903 Toni. Das Kind. Emma.
2456 806 4218 969 immer geh'n wir miteinander herum und er führt mich bei
654 830 2273 989 Emma (mit einem Blick auf das Kind). Für so 'was ist es
2469 881 4209 1040 der Hand — so wie er den Franzl immer bei der Hand
535 899 2277 1073 schon der Mühe werth, zu leben. Haben Sie nur Muth. Ich
2473 949 4209 1128 geführt hat. — Haben Sie denn eine Ahnung, gnädige Frau
529 1011 1377 1156 hab's auch überstehen müssen.
665 1044 2044 1192 Toni. Sie sind so gut zu mir, gnädige Frau.
2476 1055 3465 1196 wie gern er uns zwei gehabt hat?
2619 1101 3740 1266 Emma. Ich kann's mir wohl denken.
681 1132 1736 1266 Emma. Wir sind ja alte Bekannte.
2619 1207 3535 1357 Toni (schüttelt d'en Kopf). Nein —
672 1233 1207 1341 Toni. Bekannte?
2002 1211 2282 1352 freilich ist.
685 1255 1896 1396 Emma. Er hat mir von Ihnen erzählt,
2614 1315 3053 1434 Emma (lächelt).
2619 1322 4240 1500 Toni. Das können Sie sich nicht denken. Sie wissen
542 1368 1440 1493 das schon sehr, sehr lange her.
683 1374 2280 1564 Toni. Mir auch von Ihnen, gnädige Frau... Viel..
2498 1410 4242 1577 ja nicht, wie das alles war. Was er für mich gewesen ist,
546 1467 2286 1617 Noch ganz zuletzt. Ja, Sie haben ihn gekannt! — Darum
2491 1491 4240 1647 können Sie nicht wissen. Ich bin so allein gewesen, das kann
537 1562 1482 1705 verstehen Sie auch Alles so gut.
678 1597 2295 1727 Emma. Das werden die andern auch. Sie müssen nur
2491 1599 3396 1736 sich gar kein Mensch vorstellen.
2639 1608 4260 1828 Emma. Freilich wenn man so früh seine Mutter
564 1661 2293 1826 Geduld haben, Toni. Vorläufig ist noch eine gewisse Scheu da.
689 1736 2306 1885 Toni. Ja — warum denn? Sie brauchten mich doch
2639 1771 4253 1927 Toni. Oh Gott - meine Mutter hab' ich gar nicht
2493 1775 2731 1881 verliert!
555 1832 1923 1973 nur zu fragen; ich hab' ja nichts zu verbergen.
2522 1855 4264 2022 gekannt. So weit ich zurückdenk', war ich immer mit dem
696 1855 2319 2009 Emma. Auch die Franzi hat Sie noch um gar nichts
2522 1991 2898 2101 Vater allein.
2672 1987 4279 2172 Emma. Aber es sind doch Leute zu Ihnen in's Haus
1903 1978 2313 2117 das merk' ich
559 2011 804 2117 gefragt?
703 2015 1852 2158 Toni. Die möcht's manchmal thun -
570 2097 1978 2238 schon. Aber ich glaub', sie traut sich nicht recht.
2658 2119 4279 2319 Toni. Wie ich noch ein Kind war — ja. wie der
707 2136 2229 2286 Emma. Traut sich nicht? (Lächelnd.) Sie meinen
2517 2150 2843 2253 gekommen?
2528 2222 4282 2396 Vater selbst noch jünger war, sind manchmal Collegen aus
559 2269 1315 2396 wegen ihres Bräutigams?
2548 2293 4282 2447 dem Bureau zu ihm gekommen. Aber in den letzten Jahren
709 2286 2022 2429 Toni. Ist es denn wirklich ihr Bräutigam?
2559 2361 4288 2533 so gut wie keiner. (Pause.) Nur ein Bruder vom Vater und seine
716 2410 1227 2506 Emma. Gewiß.
709 2418 2348 2586 Toni. Man merkt's so gar nicht. Haben sich denn
2555 2429 4288 2599 Frau, — die sind am Sonntag manchmal bei uns gewesen
2553 2500 4299 2669 das weiß ich mich noch zu erinnern — da sind wir zusammen¬
722 2546 2332 2709 Emma. Mein Kind, das Gernhaben, wie wir zwei es
2557 2550 4295 2736 gesessen, die zwei alten Leut’, der Vater und ich — in unserem
557 2557 846 2652 die gern?
2555 2630 4299 2795 kleinen Zimmer — aber da ist kaum ein Wort gesprochen
573 2669 1705 2799 uns vorstellen, ist freilich was anderes.
2557 2742 3722 2890 worden... Ich hätt' schreien können.
716 2742 1401 2846 Toni. Nicht wahr? —
978 2826 1183 2914 Mama
722 2837 921 2916 Kind.
2716 2839 3257 2962 Emma. Warum?
2696 2859 4317 3024 Toni. Vor Angst. Immer war's so still bei uns, als
965 2839 1720 2978 Was willst denn, Franzl?
727 2905 925 2998 Toni.
987 2929 1861 3042 Wird der Papa heut kommen?
2566 2921 4332 3099 wenn man sich vor irgend was fürchten müßt! Man hat
727 2949 2306 3119 Toni. Morgen, Franzl, morgen. — Setz Dich daher
727 2973 925 3057 Kind.
2581 3020 4321 3167 nie so recht aufathmen können. Und je älter der Vater ge¬
597 3044 2359 3196 und schau Dir die Bilder an. (setzt das Kind auf einen Fauteuil,
2581 3079 4324 3235 worden ist, um so ärger ist das gewesen. An nichts hat er
601 3114 2365 3264 giebt ihm das Bilderbuch in die Hand.) Ja, — und sei schön still!
2588 3152 4350 3326 eine rechte Freude gehabt. Und immer Sorgen — auch
614 3183 2365 3332 (Zu Emma zurückkehrend.) Immer fragt er mich das! Es macht
614 3257 2372 3403 mich noch wahnsinnig. Was soll ich ihm denn sagen? Ich
2575 3273 3590 3383 wenn's nicht nothwendig war..
3070 3306 3848 3445 Als Manuscript gedruckt.
606 3332 2376 3495 kann ihm doch nicht sagen, daß sein Vater nicht heut und
