3400 4152
306 474 2661 791 Ob der 2. Uhl nicht mit einer Tinen
337 712 2616 1117 mutta in kleid enfangen wurpte -.
430 1121 3142 1561 Frau Emmer kämt en Tiefe habe, die unglück¬
474 1396 3169 1757 laßenheitet ist u ein Verh. hat. -? Ist Manne¬
461 1633 3169 2018 machen aus dem Weiber, um sie können. Ma¬
423 1860 3180 2217 Wohl sel eine kann, der sie zu einer Verloren jemand
368 2155 873 2468 Gat:-
1870 2461 2922 2843 sehr in eines
402 2547 1777 2946 Dn C. akt sollte wohl
296 2802 2836 3187 kurze Diener zwischen St. August in
2695 3008 3094 3386 leßen
285 2980 2403 3496 Frai Anna ihr Gegenst
1444 3393 2417 3688 kom zu.
863 3338 1464 3716 fürsdruck
550 3499 894 3737 m b
