4600 4104
2244 560 3992 740 Wagen nehmen und zu — (Er klingest.) Ich will einfach vor
431 564 2050 740 Ferdinand. Sie selbst, glauben Sie mir, ist befriedigt
2253 666 4002 802 allem zu der Wachstube im Prater fahren, das scheint mir
290 714 2055 834 über diesen Ausgang. Ich hoffe, sie wird auch diesen
2246 737 3995 869 das Vernünftigste — (Stubenmädchen tritt ein). Holen Sie einen
288 788 548 910 Abschied
2516 822 3313 933 - rasch — (Stubenmädchen ab.)
1891 795 2064 915 dieser
1180 811 1749 970 Sie ist nicht da
435 818 1168 991 Franziska (zurückkehrend).
2255 850 2456 947 Fiaker
2377 889 3578 995 Betty. Hätten wir sie nicht fortgeschickt.
2403 898 4002 1071 Franziska. Warum hast Du's zugelassen, Mama?
290 915 493 1055 Zettel.
428 951 1094 1092 Adolf (liest ihn, erschrickt).
2248 1009 3903 1161 Was hilft das alles jetzt! Ihr wißt das so gut als ich
431 1016 1431 1156 Ferdinand (liest ihn; hart). Worte
2396 1090 3437 1209 Adolf. Wie willst Du das wissen?
431 1129 1205 1216 Betty. Um Gotteswillen!
3914 1113 4004 1216 ich
2412 1152 3757 1290 Ferdinand. Was immer geschehen sein mag,
1649 1145 2060 1258 Worte
433 1182 1555 1285 Ferdinand. Das beweist gar nichts
2262 1221 4013 1359 versichere Sie — es wird nichts geschehen sein; — niemand
431 1249 2057 1355 Franziska (in höchster Erregung). „Nicht nach mir suchen
2377 1290 3905 1428 jawohl, niemand hat sich einen Vorwurf zu machen
401 1322 1417 1435 es ist zu spät" — was heißt das?
2274 1357 4018 1474 niemand — ich betone das; niemand sich, und niemant einem
435 1343 2062 1493 Ferdinand. Angst einjagen. Ein letzter Versuch. Be¬
290 1447 2062 1603 ruhigen Sie sich doch. Ich lege meine Hand in's Feuer, daß
2417 1467 4013 1613 Franziska. Ja, warum habt ihr sie denn davongejagt?
2274 1472 2520 1580 anderen.
2283 1544 4009 1716 Hat sie irgend wen gestört? irgende wem 'was böses gethan!
293 1541 928 1654 die sich nichts anthut.
428 1585 1180 1707 Franziska. Wo ist sie?
2419 1633 4015 1783 Adolf. Der Doctor hat Recht — Vorwürfe sind durch¬
433 1610 2066 1769 Ferdinand. Warum fragen Sie das mich, Franziska?
2292 1707 4041 1836 aus nicht am Platze — (er sieht zum Fenster, ob der Wagen schon da
438 1721 2060 1880 Franziska. Sie haben sie ja davongejagt, darum frag
2292 1774 4041 1924 ist) durchaus nicht — wir konnten sie nicht bei uns behalten
297 1820 548 1935 ich Sie.
2394 1848 3956 1979 es lag gar kein Grund mehr vor. Da müßte man.
431 1848 1057 1984 Betty. Mein Kind!
2295 1905 4041 2050 Das kannst Du, Franziska, nicht verstehen... viele Weiber
1880 1898 2083 2004 Das
445 1914 1802 2062 Adolf (den Zettel in der Hand). „Es ist zu spät.“
1935 1993 2080 2083 steht
306 2037 1804 2113 heißt einfach: sie wünscht nicht, gesucht zu werden.
2301 2023 2804 2145 im Hause haben!
2444 2046 4052 2200 Franziska. Warum denn? Ja warum? Haben wir
313 2073 2069 2198 ja übrigens da: nicht nach mir suchen... sie wünscht es
2193 2117 4043 2267 k denn Alle vergessen, was sie ihm war? Alles bewahren wir
530 2152 1825 2255 statt morgen früh, ist sie eben schon heute
306 2168 449 2265 nicht
2315 2179 3965 2336 auf, was uns an ihn erinnert, Alles, was er geliebt hat
442 2232 1364 2327 Ferdinand. Gewiß ist es so.
2304 2244 4059 2403 das Nichtigste! Da sind die Bilder — die Bücher — und
452 2262 2069 2396 Franziska. „Nicht nach mir suchen, es ist zu spät."
2306 2313 4059 2470 man hat an diese Dinge nicht gerührt — mit Andacht treten
306 2350 1643 2477 Was redet ihr denn da, das ist doch so klar
2315 2405 4062 2541 wir alle in dieses Zimmer ein — alles, was uns an ihn er¬
452 2394 2083 2527 Ferdinand. Sie wird sich schon irgendwo aufgreifen
2324 2460 4071 2615 innert, ist uns heilig, und gerade das Wesen, das ihm durch
306 2479 1965 2585 lassen — an den Ufern der Donau — auf einer Brücke
2331 2534 4073 2688 Jahre mehr war als wir Alle, jagen wir hinaus? Die, die
313 2546 2092 2670 das kennt man ja. — Diese Art Weiber bringen sich nicht
2329 2615 4068 2760 wir am sorgsamsten hätten hüten müssen, das einzige lebendige,
509 2631 1419 2714 das Leben ist zu schön für sie
311 2656 422 2739 um
2327 2675 4078 2824 was uns von ihm übrig geblieben ist, nachdem das Kind
721 2679 2094 2836 Ah, meine arme Betty, was kommt alles
449 2707 668 2806 Adolf.
2338 2771 3363 2919 gestorben — die jagen wir hinaus?
318 2776 613 2894 über uns!
2477 2813 4085 2960 Ferdinand (in starker Erregung). Franziska, ich muß doch
447 2815 2087 2937 Betty (sich endlich aufraffend). Ja, aber, irgend 'was muß
2348 2903 4082 3039 bemerken, das es nicht angeht, als Erinnerung an seinen ver¬
320 2903 2083 3032 man doch thun! Wie immer das Billet da aufzufassen ist,
2357 2974 3774 3131 storbenen Bruder, dessen Maitresse aufzubewahren.
325 2981 1304 3094 geschehen muß doch irgend etwas
2486 3029 4096 3214 Franziska (fast aufschreiend). Ferdinand, gehen Sie, ich bitte
470 3041 1891 3145 Franziska. „Es ist zu spät" — es ist su spä t.
1951 3076 2094 3184 ich
465 3099 1887 3221 Adolf. Ich will sofort die Anzeige machen
2354 3110 4094 3274 Sie, gehen Sie. Ich fange an, Sie zu verstehen. Gehen Sie
316 3158 2101 3274 werde augenblicklich zur Polizeidirection fahren. Oder warten
2458 3181 4025 3338 es ist mir entsetzlich, Sie zu sehen. Sie haben sie gehaßt.
329 3262 2094 3345 Sie, Doctor, ich werde hin telephoniren. — Oder nein. Doctor,
2504 3287 3596 3433 Ferdinand. Ja — wie die Sünde!
323 3322 2092 3458 besorgen Sie das — ja — und ich, ich werde mir einen
2861 3354 3610 3504 Als Manuscript gedruckt.
