4824 4152
1288 508 1531 667 68
1073 1076 1738 1235 Dritter Akt.
515 1213 2277 1372 Acht Tage nach dem zweiten. Gleiche Dekoration. Schwüler Sommer¬
822 1310 1983 1431 nachmittag. Die Jalousien nahezu geschlossen.
1215 1409 1615 1564 1. Auftritt.
1142 1533 1690 1672 Lulu. Franziska.
541 1641 2293 1754 Lulu (kniet auf dem Boden und ist beschäftigt, Spielsachen in eine
537 1701 2299 1807 kleine Tasche zu packen). Franziska (die auf einem Sessel sitzt und
800 1771 2052 1866 Spielsachen ans dem Schooße hat, hilft ihm dabei).
678 1811 2297 1972 Lulu (wie Franziska eben ein Spjelzeug in der Hand hält und es
539 1915 1506 2045 traurig betrachtet). Na — Franzi
691 1983 1244 2092 Franziska. Da.
678 2023 2310 2158 Lulu (steht auf, zu Franziska). Sei nicht gar zu traurig,
910 2101 2308 2242 Wir müssen uns halt denken, daß wir's nur ge-
546 2140 780 2237 Franzi!
554 2187 1398 2302 träumt haben, Franzi, weißt!
696 2220 2324 2355 Franziska. Weiter... weiter, damit wir fertig wer-
559 2326 1727 2447 den, bevor die Toni nach Haus kommt.
981 2390 1904 2511 (Lulu kniet nieder und packt weiter.)
1257 2567 1648 2719 2. Auftritt.
824 2662 2074 2836 Lulu. Franziska. Agnes (kommt rechts vorn).
709 2779 2070 2927 Lulu (wie Franziska zusammenzuckt). Agnes ist es.
720 2880 1880 2993 Franziska. Grüß Dich Gott, Agnes.
720 2938 2343 3101 Agnes. Guten Tag. Was macht Ihr denn da? Ein¬
570 3044 804 3163 packen?
738 3086 1646 3203 Lulu. Schau nur her, Agnes.
733 3165 1628 3271 Agnes (tritt näher). Ach so...
740 3185 2341 3331 Lulu. Das hat alles dem armen kleinen Franzl gehört.
744 3298 1953 3397 Agnes. Was soll denn damit geschehen?
744 3362 1765 3510 Lulu. Wir wollen's aufbewahren.
3278 462 3501 625 69 —
2593 596 4243 777 Franziska. Es kann nicht so liegen bleiben. Morgen
2456 729 2867 842 reisen wir ab.
2606 744 3516 886 Agnes. Alle Toni auch?
2615 817 4247 972 Franziska. Selbstverständlich. Wir werden sie doch
2461 928 3408 1049 nicht allein in der Stadt lassen.
2615 978 3744 1098 Agnes. Freilich. — Wo ist sie denn?
2624 1023 4250 1157 Franziska. Wir haben eine Stunde abwarten müssen,
2487 1126 4234 1237 wo sie nicht da ist. Wenn sie zu Hause ist, sitzt sie den gan-
2474 1186 4099 1336 zen Tag mitten unter den Sachen und red’t kein Wort.
2611 1281 3019 1378 Agnes (nickt).
2617 1288 4250 1429 Lulu. Alles ist noch herumgelegen wie am ersten Tag.
2617 1383 4256 1500 Agnes. Ich hätt' mich nicht getraut, was anzurühren.
2494 1462 4250 1562 (Sie steht neben Franziska und nimmt mit Zagen ein kleines Mützchen
2480 1537 3678 1628 von Franziska's Schooß, wendet es hin und he
2628 1577 3625 1696 Franziska. Willst Dir's behalte
2628 1608 4267 1758 Agnes. Ja... Damit ich auch ein Andenken hab!
2496 1692 4272 1858 (Sie wendet sich um, da eben die Thüre geht; wie sie merkt, daß Toni
2498 1785 3384 1902 eintritt, verbirgt sie das Mützchen).
3192 1851 3594 2003 3. Auftritt.
2898 1979 3894 2127 Lulu. Franziska. Agnes. Toni.
2646 2103 3563 2204 Lulu (will die Tasche rasch schließen).
2642 2118 4281 2277 Toni (kommt heran, sieht, was geschehen ist). So... (Sie starrt
2505 2260 2896 2361 auf die Sachen.)
2666 2262 3921 2432 Franziska. Wir... haben... lieber..
2659 2357 4285 2498 Lulu.“ Willst Du... willst Du vielleicht, daß ich’s in
2522 2458 2920 2560 Dein Zimmer,
2670 2461 4146 2617 Toni. Wohin... Du willst. — (Sie wendet sich ab).
2655 2518 4272 2712 Lulu (entfernt sich auf einen Wink Franziska’s mit der Tasche)
2527 2666 2905 2785 (Rechts hinten.)
3214 2752 3614 2893 4. Auftritt.
3028 2858 3792 2997 Franziska. Agnes. Toni.
2673 2971 3779 3099 Toni. Guten Tag, Fräulein Agnes.
2677 3064 3556 3165 Agnes (verlegen). Guten Tag.
2690 3099 4139 3216 Toni (zu Franziska). War der Gustav vielleicht da?
2697 3139 4303 3293 Franziska. Nein. — — Wo sind Sie gewesen, Toni?
2684 3245 4303 3353 Toni (sie spricht zerstreut, wie gestört; manchmal ruhig; manche Worte
2538 3306 4276 3483 ganz ohne ersichtlichen Grund, sehr erregt). Ich bin herumgegangen.
3059 3397 3843 3534 Als Manuscript gedruckt.
