4792 4136
1313 457 1403 603 72
623 590 2228 749 Franziska (nach kurzer, verlegener Paufe). Uns allen. Wir
486 703 2232 807 werden nie vergessen, daß Sie sein bester Freund waren. Für
499 776 2219 895 jetzt muß ich Ihnen Adieu sagen, Gustav; ich muß noch
493 851 2230 972 einiges besorgen. Meine Eltern sind im Salon. Sie gehen
493 941 857 1034 wohl hinein?
632 972 2241 1078 Gustav. Gewiß! — Also auf Wiedersehen, Fräulein
488 1052 1770 1158 Franzi — wenn nicht früher — im Herbste.
630 1127 2232 1271 Franziska. Das thäte mir sehr leid. Also Adieu,
491 1211 1059 1330 Adieu, Toni! (Ab.)
1167 1302 1536 1448 7. Auftritt.
1138 1425 1580 1556 Gustav. Toni.
632 1527 1554 1644 Toni. Wirklich erst im Herbst?
630 1567 1976 1741 Gustav. Es wird kaum anders gehen, Toni.
617 1675 1262 1786 Toni. Lang ist das.
625 1728 1452 1839 Gustav. Nicht gar so sehr.
625 1795 2272 1947 Toni. Wenn Du wenigstens einmal im Laufe des
488 1883 1143 2000 Sommers hinauskämst.
625 1927 1706 2049 Gustav. Ich möchte es lieber nicht.
617 2029 1286 2126 Toni. Warum denn?
632 2082 2256 2186 Gustav. Du weißt wie die Leute sind. Einige im
486 2168 2252 2267 Hause haben es schon sonderbar gefunden, daß ich während
495 2219 2252 2336 der Krankheit des Kleinen täglich bei Euch war. Nicht wahr?
488 2292 2259 2382 Du hast's ja ganz gut bemerkt. Es ist schon besser, ich komme
497 2356 2259 2464 die nächste Zeit' nicht. Was nach Ablauf des Sommers ge¬
502 2416 2263 2542 schehen soll, darüber können wir reden, wenn Du mit den
493 2511 1450 2617 anderen vom Land zurückkommst.
630 2561 1611 2679 Toni. Was soll denn geschehen?
641 2590 2084 2743 Gustav. Das muß eben reiflich überlegt werden.
634 2705 2259 2835 Toni. Du meinst — fortgehen? — Ja — wohin?
493 2791 718 2891 wohin?
639 2793 2261 2970 Gustav. Auf die Dauer wirst Du doch nicht hier
491 2922 1399 3048 bleiben können — oder wollen.
625 2928 2261 3074 Toni. Du hast recht, Gustav. Schon heute ließen sie
495 3048 2267 3149 mich gehen, wenn ich wollte. Ich sage Dir Gustav, an dem
506 3116 2259 3246 Tag, wo wir vom Friedhof nach Hause gekommen sind, hätten
506 3200 1118 3324 sie mich gehen lassen.
643 3249 1662 3372 Gustav. Nein — so ist es nicht!
639 3337 1423 3463 Toni. Ja... so ist es!
3306 449 3406 544 73
2608 579 3476 690 Gustav. Du vergißt Franzi.
2606 617 4245 767 Toni. Auch die ist nicht mehr, wie sie war. In dem
2471 725 4243 853 kleinen Grab liegt gar viel. — In ein paar Wochen dächte
2471 815 3165 926 niemand mehr an mich.
2610 840 4248 970 Gustav. Man würde gewiß für Deine Zukunft sorgen.
2610 924 4241 1036 Toni. Darum ist mir nicht hang. Eine Arbeit wurde
2473 966 2968 1143 ich schon finden.
2621 1087 3229 1193 Gustav. Auch das.
2617 1127 4261 1253 Toni. Aber vor dem Alleinsein hab' ich Angst! — Und
3587 1196 4243 1291 - bin ich ganz allein.
2475 1222 3512 1328 wenn ich einmal von hier fort bin
2628 1275 4261 1383 Gustav. Nicht verzweifeln, Toni. Das Leben geht
2482 1344 4254 1470 doch weiter, Toni, nicht wahr? — wer weiß, was es
2491 1443 2846 1560 noch bringt.
2625 1481 3742 1604 Toni. Was soll's mir denn bringen?
2634 1523 4248 1658 Gustav. Ich rede ja von einer Zeit, die noch sehr fern
2643 1618 4259 1717 - die Du Dir heut' noch garnicht vorstellen kannst. Aber
2495 1638 2610 1744 ist
2504 1671 4259 1814 diese Zeit wird kommen — das ist garnicht anders möglich.
2506 1750 4268 1872 Wenn Du einmal in einer anderen Umgebung bist, wirst Du
2508 1810 4256 1936 auch andere Menschen kennen lernen. Die Existenz wird
2504 1874 4276 2016 irgend einen neuen Sinn für Dich bekommen — Was können
2506 1982 3392 2106 wir heut' von all dem wissen?
2639 2049 3375 2164 Toni. Nein... nein
2643 2075 4281 2199 Gustav. Auch in unserem tiefsten Schmerz muß etwas
2506 2159 4276 2301 von der Hoffnung sein, daß er einmal aufhört — sonst könnten
2515 2219 4281 2354 wir ihn nicht überleben. Du bist noch jung — und Du
2515 2305 4272 2418 wirst auch wieder fühlen, daß Du jung bist — und irgend¬
2511 2349 4279 2504 einmal wirst Du am Ende auch an die Möglichkeit eines
2519 2464 3364 2561 neuen Glückes denken können.
2659 2460 4276 2617 Toni. Glück — für mich?... Nein, Gustav. Was
2522 2581 4281 2701 müßt' ich da sein! — Glück nach all' dem, was ich durch¬
2524 2637 4290 2780 gemacht habe! — Gustav, Gustav, wie kannst Du das
2530 2751 2791 2871 glauben?
2679 2767 4287 2893 Gustav. Nicht ein Glück, wie Du es erlebt hast. Ich
4186 2849 4287 2919 an
2535 2860 4100 2968 denke au irgend 'was sehr stilles — an ein Ausruhen
2539 2917 4294 3076 eine Art von Frieden — den man doch allein nie finden
2533 3034 2698 3114 kann.
2676 3043 4305 3178 Toni. Vor allem hab' ich Angst, Gustav — vor der
2548 3121 4301 3249 Verlassenheit... und auch davor — daß es einmal anders
2557 3180 4307 3337 sein könnte. Es ist schon das Beste, ich bleib hier — sonst ist
2542 3300 3213 3434 es aus — so oder so.
3041 3295 3812 3483 Als Manuscript gedruckt.
