3480 4200
412 323 1101 724 In bedenken
913 532 2913 971 sagt der Frei Ih find, die späte
401 697 923 957 August 1
364 810 2917 1167 Mollendahnt; wie die ich kein wirkler
381 1053 2975 1486 lieben, solle die fortgehen. Ich
360 1304 3102 1650 wo mir aus nehmen Sie ich Kind mit). Er ist
2083 1568 3037 1860 geb zur Gebet
388 1623 2090 1928 trau, die malcherweit sich
381 1860 3140 2110 stens, der aber keine Begebung haben, kennt es erziehe
388 2055 3078 2340 Sie lieb er auch ein, weil er die schon neuen, wie
347 2282 3095 2577 es entstanden ist. Sie lieb er, weil er nur ein Ihre
319 2522 2875 2879 Geliebte ich, nicht weil es Ihr Küs ist!
