4664 4136
447 679 925 804 Betty. Emma!
449 708 2064 909 Adolf. Komm, Betty, oder hast Du vielleicht Lust, sie
305 850 596 975 zu bitten?
975 964 1398 1091 11. Auftritt.
425 1043 1948 1218 Adolf. Betty. Emma. Ferdinand. Agnes (tritt ein).
447 1177 1142 1299 Agnes. Guten Abend
454 1242 2064 1361 Adolf. Du, liebes Kind, wirst uns immer willkommen
502 1324 1806 1420 Adieu. — Komm, Betty! (Adolf und Betty ab.)
331 1308 449 1437 sein.
458 1398 1608 1475 Agnes. Was soll denn das bedeuten?
456 1433 2071 1565 Emma. Mein liebes Kind, Toni verläßt dieses Haus
313 1532 1039 1632 und wird bei uns leben.
462 1604 1271 1709 Agnes (zuckt zusammen). So.
469 1637 2079 1757 Ferdinand (auf einen fragenden Blick Agnes"). So will es
320 1746 883 1847 Ihre Frau Mama.
465 1762 2073 1895 Agnes. Warum sagte Onkel Adolf, ich wäre ihm auch
320 1880 969 1966 weiterhin willkommen:
456 1924 2079 2062 Ferdinand. Weil wir alle das Haus Ihrer Frau
324 1996 1521 2126 Mama keineswegs mehr betreten werden.
469 2093 1348 2176 Agnes (sieht ängstlich hin und her).
469 2128 2077 2233 Emma. Du siehst, Agnes, daß auch von Dir ein ge¬
329 2209 2082 2318 wisser Grad von Opfermuth gefordert wird. — Es ist nicht
324 2283 1473 2399 immer ganz leicht, das Rechte zu thun.
469 2367 2093 2509 Agnes. Du bist ja so gut, aber was soll sie denn bei
329 2450 649 2548 uns thun?
478 2489 1488 2630 Emma. Ein Heim soll sie haben.
473 2577 1100 2695 Agnes. Für lange?
482 2671 2090 2779 Emma. Für immer möglicherweise. Du wirst doch
340 2739 1317 2851 nicht mehr lange bei mir bleiben.
478 2792 2088 2928 Agnes. O ja, Mama, ich werde immer bei Dir bleiben.
340 2897 1742 2993 Du glaubst doch nicht, daß ich heirathen werde?
478 2969 1080 3077 Emma. Du Kind!
478 3013 2093 3133 Agnes. Nein, Mama, ich werde immer bei Dir sein!
346 3118 2082 3197 Und wir waren ja so lange allein, Du und ich, nicht wahr
346 3186 2104 3298 Mama, und es w.r so schön, und jetzt soll eine Fremde bei
355 3263 677 3381 uns leben?
489 3287 2106 3418 Emma. Fremd nennst Du sie heut'? Es ist noch nicht
344 3399 1735 3515 lang, daß Du sie Deine Freundin genannt hast.
2437 554 3186 706 Agnes. Das ist vorbei.
2450 666 2989 760 Emma. Warum
2445 649 4084 815 Agnes. Ja, weißt Du, Mama, so lang ich sie immer
2327 747 4087 901 mit dem süßen kleinen Buben zusammen gesehen hab', da ist
2408 826 4082 966 mir ganz anders vorgekommen als jetzt — ich verstehe
2345 909 4030 1045 selber nicht, wie das war; aber jetzt ist das alles vorbei.
2441 971 4098 1161 finde nicht mehr hin zu ihr, Mama, sie ist nicht, mehr die
2476 1050 4089 1258 Emma. Ja, was hat sich denn geändert? Ich begreife
2334 1098 2676 1188 sie war...
2336 1216 2991 1337 Dich nicht, mein Kind
2483 1225 4104 1365 Agnes. Ich muß jetzt an so vieles denken, was mir früher
2342 1317 3778 1492 nicht eingefallen ist, an alles, was sie gethan...
2489 1356 4115 1516 Emma. Agnes, Agnes! Kannst Du wissen, was aus
2353 1444 3988 1600 Dir geworden wäre, wenn Du mich nicht gehabt hättest?
2485 1525 4124 1692 Agnes. Ich bin Dir ja so dankbar, Mama, und ich
2360 1589 4122 1775 will auch wirklich nicht stolz sein; — ich verachte sie ja nicht
2459 1670 4102 1803 aber ich kann nicht, Mama, ick kann, nicht mit ihr zu
2371 1749 4076 1887 sammen leben unter einem Dache — bei Dir... Du, ich
2362 1854 2840 1957 und sie —— nein
2507 1830 4069 2036 Ferdinand. Es giebt doch Grenzen, gnädige Frau.
2502 1955 4012 2082 Emma (nach einer Pause). So gehen wir, mein Kind.
2507 2003 4150 2169 Agnes. Ich bitt' Dich, Mama, sei nicht bös. Ich will
2384 2145 3399 2283 sie ja gern von Zeit zu Zeit sehen.
2513 2189 3751 2334 Emma. Das verlang ich nicht von Dir.
2520 2259 4155 2397 Agnes. Wir wollen auch so viel für sie thun, als
2386 2329 4146 2485 möglich ist. Aber, liebe Mama, nimm sie nicht ins Haus!
2388 2445 3166 2577 Nimm sie nicht ins Haus!
2531 2441 4159 2634 Emma. Ich bin Dir nicht bös. Gegen Deinen Willen
2393 2553 4152 2706 kann ich sie nicht zu mir nehmen. — (Wartet auf eine Antwort.)
2399 2665 3052 2783 Sage, Du willst nicht.
2548 2658 4166 2855 Agnes (nimmt die Hand ihrer Mama, küßt sie). Ich kann nicht.
2404 2818 3087 2941 Mich schaudert vor ihr
2548 2866 3436 3009 Emma (hart). Komm, Agnes.
2553 2938 4080 3129 Agnes. Mama — ich will Dich auch so lieb haben
2413 3074 2542 3173 wie
2555 3087 3394 3258 Emma. Komm, es ist gut.
2910 3204 3688 3405 Als Manuscript gedruckt.
2509 3344 2897 3495 Das Vermächtnis.
