4808 4072
692 577 2309 703 Emma (sich auf den Divan setzend). Da ist es wenigstens
548 678 2305 785 kühl und dämmerig. Es ist unangenehm, daß die Häuser Euch
566 754 1971 846 gegenüber so weiß sind. Man ist ganz geblendet
698 811 2305 906 Betty. Lulu, geh' hinein und leiste den Damen Ge-
566 862 818 983 sellschaft.
698 930 1386 1048 Lulu. Das ist so fad.
692 1021 1112 1112 Emma (lacht).
692 1063 2197 1154 Betty. Außerdem steht noch Dein Gefrorenes drin
685 1151 1505 1264 Lulu. Richtig. (Läuft ab.)
1238 1288 1607 1392 4. Auftritt.
1207 1383 1653 1501 Betty. Emma.
681 1492 2292 1580 Emma. Ich überlege eben, ob ich nicht doch endlich meine
555 1562 2287 1653 Wohnung kündigen und auch in eine so belebte Straße ziehen
555 1624 950 1719 soll wie Ihr.
685 1673 2126 1766 Betty. Weshalb? Du liebst ja den Lärm nicht.
681 1770 2292 1845 Emma. Es hat doch manches für sich. Ich würde ja
537 1837 2281 1923 höher wohnen, wo man durch den Lärm wenig gestört wird,
537 1905 2292 2000 aber ich möchte auf ein bischen Leben hinab schauen können.
555 1974 2113 2049 (Lächelnd.) Das ist offenbar das Alter, das sich meldet.
681 2044 1951 2115 Betty. Du sprichst auch schon vom Alter?
685 2104 2283 2210 Emma. Ach ja — ich hab ein gewisses Recht dazu.
524 2170 1744 2250 Ich fange an, mich recht allein zu fühlen.
667 2241 2290 2358 Betty. Wie kannst Du das sagen? Hast Du nicht Agnes?
667 2307 1642 2411 Emma. Nein, ich hab' sie nicht.
667 2380 1463 2473 Betty (ganz erstaunt). Wie?
681 2435 2292 2528 Emma. Ach Gott wir haben doch überhaupt unsere
544 2513 2292 2599 Kinder nicht, wenn sie in ein gewisses Alter kommen. Wenn
544 2588 2287 2667 man ihr heute sagte, daß sie entweder auf mich — oder auf
537 2654 2274 2732 ihn verzichten müsse: - wen würde sie aufgeben, was meinst Du
674 2729 2192 2829 Betty. Auf wen verzichten? — Meinst Du Hugo?
665 2787 1653 2871 Emma. Freilich mein ich Hugo.
674 2853 2287 2939 Betty. Unter uns — ich glaube nicht, daß das etwas
537 2913 1459 3006 Ernsthaftes ist. — Schwärmerei
674 2986 2287 3085 Emma. Das ist ganz schön. Ich hätte garnichts da-
537 3054 2274 3151 gegen. Einer wird sie mir doch wegnehmen: Hugo ist, jeden¬
530 3145 2274 3224 falls der Beste. Es ist ganz merkwürdig, wie er mich manch¬
524 3211 2303 3297 mal, besonders in seiner Art zu schauen und zu lächeln, au
524 3280 1406 3381 meinen armen Mann erinnert.
2579 550 3388 694 Betty. Ja, Du hast recht.
2579 619 4199 743 Emma (steht auf). Ach Gott, Betty, ist das nicht die
2435 687 4170 835 dümmste Lüge, die es giebt, daß die Zeit vergessen macht? —
2440 769 4201 899 An manchem Tag ist's mir doch, als ob ich ihn gestern ver-
2446 827 4199 957 loren hätte! — Und es sind vierzehn Jahre! Vierzehn Jahre!
2435 930 3202 1039 Nein es wird nicht besser!
2579 961 4142 1118 Betty. Man wird älter. Das ist auch schon ein Glück!
2595 1070 3883 1200 Emma. Du findest, daß das ein Glück ist?
2595 1134 4223 1275 Betty. Oh ja, man kommt über vieles weg. Ich
2453 1257 3328 1375 möchte nicht wieder jung sein.
2588 1339 3023 1434 Emma. So?
2588 1337 4232 1492 Betty. Ich denke an die Jugend eigentlich wie an eine
2475 1425 4217 1571 schreckliche Verwirrung zurück — ich erinnere mich kaum deut-
2471 1487 4232 1629 lich — nur die Zeiten, in denen die Kinder kamen, erscheinen
2477 1587 3706 1726 mir wie etwas sehr Ruhiges und Schönes
2608 1631 4243 1772 Emma. Das ist ganz natürlich, wenn man zu seinem
2464 1728 3799 1861 Manne in keinen wirklichen Beziehungen steht.
2628 1825 3114 1940 Betty (Bewegung).
3551 1823 4241 1993 Du leidest heute doch
2612 1878 3459 1996 Emma. Es ist ja vorüber.
2477 1958 3474 2088 nicht mehr im geringsten darunter.
2608 2002 4254 2148 Betty. Ich habe nie gelitten, (Pause.) Wollen wir
2493 2126 3178 2245 wieder zu den Kindern?
2625 2144 4259 2294 Emma (sich erhebend). Ja... Wie kommt's denn, daß
2482 2261 3609 2380 der Doctor Schmidt noch nicht da ist?
2628 2314 3879 2442 Betty. Er hat jetzt ziemlich viel zu thun.
2641 2429 3185 2533 Emma. Nun —
2639 2482 3238 2595 Betty. Was denn?
2643 2495 4272 2656 Emma. Wann wird er Dir denn Deine Franziska davon-
2506 2639 2718 2756 führen?
2639 2637 4272 2791 Betty (lächelnd). Du hast eine komische Art, von solchen
2502 2785 3017 2877 Dingen zu reden.
2639 2789 4279 2935 Emma. Da paßt's ganz gut. Der wird sie weit
2502 2924 2888 3028 davonführen.
2656 2915 4276 3063 Betty. Wenn ich das glaubte, würde ich sie ihm nicht
2522 3006 4285 3154 geben. — Ich begreife auch nicht ganz, wie Du das meinst.
2522 3070 4296 3218 Ich denke, gerade bei einem Menschen, der doch seit vielen
2519 3143 4294 3288 Jahren im Hause ein- und ausgeht, wäre das, was Du
2519 3222 3861 3375 „Davonführen" nennst, beinahe ausgeschlossen.
3012 3300 3810 3448 Als Manuscript gedruckt.
