4760 4040
3275 429 3390 548 11
1429 434 1510 542 10
2582 537 4220 685 Betty (lächelnd). Du weißt ja, er ist jeden Herbst auf
722 555 2336 689 Emma. Er geht ein und aus — aber doch seid Ihr
2454 656 3865 784 mindestens einem Dutzend Schlössern eingeladen.
579 676 2283 757 einander nicht nahe gekommen. Und was mich anbekangt
581 726 2325 828 mich fängt's immer zu frieren an, wenn er in der Nähe ist.
2586 737 3372 856 Agnes. Er ist so beliebt.
3192 792 3489 892 (Alle lachen.
715 801 2331 918 Betty. So will ich's Dir lieber gleich sagen. Sie
2595 834 3980 975 Agnes. Nun ja. Ich versteh' das ganz gut.
575 878 1470 966 werden sich sehr bald verloben.
3077 920 3610 1041 (Man lacht noch mehr.)
726 927 2331 1052 Emma. So? Bist Du ganz überzeugt, daß ihn
2595 940 4130 1136 Agnes (ärgerlich). Da giebt's doch nichts zu lachen.
583 995 1076 1116 Franzi gern hat?
984 1046 2280 1149 Gern hat? Du weißt, Franzi ist nicht so.
3203 1079 3502 1175 (Es klopft.)
715 1079 925 1164 Betty.
999 1136 2331 1235 Was heißt das „ist nicht so?“ Jedes Mädel
726 1142 944 1235 Emma.
2597 1138 3095 1290 Betty. Herein!
572 1195 1805 1321 ist „so". Es muß nur der Rechte kommen
1002 1259 2331 1374 Sie kennen sich so lange — überall hält man
733 1279 949 1371 Betty.
3159 1248 3540 1400 6. Auftritt.
1057 1349 2333 1466 — und mein Mann möchte sehr gern, daß die
575 1343 991 1440 sie für verlobt
2549 1365 4185 1499 Frau Betty. Frau Emma. Franziska. Agnes. Doctor
579 1413 1440 1528 Sache endlich offiziell wird —
3007 1453 3806 1558 Ferdinand Schmidt (tritt ein).
1008 1453 1997 1596 Freilich, wenn's Dein Mann will.
709 1484 942 1576 Emma.
2628 1519 4266 1677 Ferdinand. Guten Tag, meine Damen. Lulu sagt
715 1541 1233 1647 Betty. Auch ich
709 1589 2030 1699 Emma. Du willst Ruh haben, das ist alles
2476 1627 3168 1752 mir, daß Sie hier sind
2635 1660 3714 1794 Betty. Guten Abend, Herr Doctor.
709 1684 2316 1772 Betty. Ist es nicht natürlich, das man sein Kind ver¬
2628 1695 4156 1860 Ferdinand. Wie geht's Ihnen, Fräulein Franzi?
564 1752 2316 1836 sorgt haben möchte, und noch dazu so gut und sicher?
2635 1834 3795 1942 Franziska. Danke sehr, Herr Doctor.
581 1818 1889 1935 Schmidt hat eine glänzende Carrière vor sich.
2639 1864 4262 2019 Betty. Wir dachten Sie heute schon früher zu sehen.
709 1897 940 1983 Emma.
999 1891 1195 1981 Gewiß.
700 1964 909 2063 Betty.
973 1935 2309 2074 Gestern Abend hat der Doctor mit uns ge¬
2501 1972 3075 2085 An einem Feiertage
2650 1972 4268 2151 Ferdinand. Das hat für mich keine Bedeutung,
572 2034 2225 2155 sprochen. Es wäre nicht unmöglich, daß noch heute
2516 2082 4262 2230 gnädige Frau. Für einen Arzt existirt so etwas nicht, be¬
1253 2113 1629 2252 5. Auftritt.
2516 2181 3249 2311 sonders für einen jungen.
2653 2197 3868 2360 Agnes. Die alten haben es nicht besser.
605 2197 2261 2340 Frau Betty. Frau Emma. Franziska (und) Agnes (treten ein).
2655 2247 4290 2404 Ferdinand. Man kann sich immerhin mehr Freiheiten
704 2305 2314 2395 Agnes, Wo seid Ihr denn. Mamas? — Wie in eine
2520 2349 4286 2487 erlauben, wenn man einmal so weit ist. (Zu Betty.) Nicht
568 2384 1942 2465 Höhle kommt man da aus dem lichten Zimmer.
2527 2443 3143 2586 wahr, gnädige Frau?
698 2454 2309 2529 Franziska (geht zum Fenster links und läßt, indem sie die
2664 2470 4292 2633 Betty. Gewiß. — Bleiben Sie bei uns? Wollen
568 2514 2305 2615 Jalousien anders stellt, etwas Licht hineinfallen). Nun, ist's freundlicher.
2534 2553 4288 2686 Sie eine Tasse Thee nehmen, oder darf ich Ihnen vielleicht
700 2597 2307 2699 Agnes. So viel habt Ihr versäumt. Zwei Erzherzoge
2523 2657 3154 2780 ein Eis holen lassen?
566 2653 1118 2767 sind vorbeigefahren.
2670 2664 4297 2848 Ferdinand. Besten Dank, gnädige Frau, ich habe
698 2714 1345 2829 Betty. Welche denn?
2527 2758 4295 2881 noch zwei Besuche zu machen — alle ziemlich in der Nähe.
704 2774 2298 2895 Agnes. Ja, das weiß ich nicht... und den persischen
2529 2846 3625 2980 Wenn ich Abends wiederkommen darf
557 2868 2305 2956 Gesandten haben wir auch gesehen. — Und einen prachtvollen
2996 2868 4306 3040 Sie wissen, daß Sie uns immer will¬
564 2934 2303 3031 Viererzug mit einer ganzen Gesellschaft Herren und Damen;
2670 2945 2881 3033 Betty.
564 3003 1618 3108 wahrscheinlich ungarische Aristokraten.
2531 2998 2912 3121 kommen sind.
2679 3029 3828 3157 Ferdinand. Wo ist denn der Hugo?
696 3042 2038 3176 Betty. Warum denn ungarische Aristokraten?
2681 3126 3498 3245 Betty. Spazieren geritten.
696 3148 1682 3238 Agnes. Ich glaub' halt...
1721 3148 2303 3249 Es war auch ein
2686 3205 3337 3313 Ferdinand. Ach so!
550 3192 2300 3295 Husarenoberst dabei, darum denke ich, ungarische. (Het schon längere
2683 3234 3894 3381 Agnes. Reiten Sie auch, Herr Doctor?
550 3293 2294 3386 Zeit die Flinten betrachtet.) Geht denn der Hugo viel auf die Jagd?
3031 3326 3826 3465 Als Manuscript gedruckt.
