3368 4152
2870 195 3007 443 et
260 624 3154 919 Er am Kleden. In seiner Familie: Unhaut sich nie¬
634 883 3043 1139 es mir unser, ihr Rund. - Man mich
187 973 602 1164 auf,
209 1143 2974 1446 sie auf. Große Rischelichkeit. Dann stiebt das
166 1435 2967 1691 kind - und über ist noch ein Sie wird als Lacht
169 1629 2985 1961 empfunden, sucht nur mehr herab.... Der ist das
173 1961 3071 2224 umhört, den Geleibt der verstorbenen Breiter im Feurselen
2448 2235 3126 2405 Verendt: da ist seh
245 2271 2138 2538 Theile Geraulizam der Schwester.
2441 2365 3115 2502 lefür, das das den gelbst
2437 2462 3089 2628 haben. - Getrattet etc.
2419 2556 2646 2722 Ein.)
184 2599 1327 2826 Ged. ist vom Pfarr gestürzt.
335 2725 3104 3079 besteht darauf, sie muss gleich geholt werde u. sonst mit
270 3028 1691 3255 man der Wort nicht halten...
306 3162 2985 3497 4 in järger Miethen, die Ihre im Kilt geben u den
288 3493 1986 3684 die Partei der Geliebte nimmt.
263 3623 2927 3893 Regium: Gespräch den 2 Jämmelhen die nicht ihn heimler.
