3368 4136
260 215 1832 520 Dienstigung beidesche¬
316 385 2141 739 Drilgige, getan sich sehr einblatt.
316 625 1981 871 Fauger' Nein Ernst Mann.
319 812 1555 1062 Hie ist der Zimmer..
357 819 3095 1249 Wirch je, das d gan so bis ein sehr werde der
291 1156 760 1374 kurzten.
364 1256 1246 1530 Man sie aus Leben.
319 1343 3109 1728 2) auch ihm alte verzeihr. Och t auch nicht sin¬
226 1586 2998 1860 bfeld - zu übrige waren wissen wäre. Ich
222 1787 1267 2040 sal ein junge Fiste
375 1985 1097 2210 Phologie
371 2016 2578 2373 Aber die sehr miß alle gehabt. Diese
385 2235 1600 2502 sel er sich wolleit?
409 2280 3057 2682 ohn. - Wenn nicht we zweit im, ich habe
371 2578 1832 2825 mich sich in ihn verlielt.
514 2769 1742 3012 Schmul.. Tonste auch
493 2842 2651 3137 Meyenvolle. Wie wir d Tafde
468 3036 2557 3352 tätigkeit. will mich mit
468 3286 1645 3508 alle treie Chibr.
420 3480 1721 3775 Er wird herengebracht.
548 3637 3071 3907 Nach eenig fort Münt in geschloß Fakon¬
