4776 4072
660 633 2277 758 Lulu. Es ist niemand zu Hause als die Wama und die
537 745 2281 848 Franzi; und die Tante Emma und die Agnes sind natürlich da.
671 813 1457 903 Gustav. Und die Bibers?
671 846 2285 960 Lulu. Die Bibermädeln mit der Alten sind schon fort-
530 929 2283 1063 gegangen. Die waren auch da und haben sich die Menschen
539 1026 1771 1109 angeschaut, die vom Rennen zurückkommen.
677 1100 1817 1170 Gustav. So ein Mensch bin ich auch.
675 1126 2296 1242 Lulu. Wie ist's Dir denn heut gegangen? Haft Du
530 1229 975 1319 viel gewonnen?
679 1258 2303 1359 Gustav. Möchtest mich anpumpen, was? -Umsonst! Na,
546 1352 2285 1433 Servus! Empfiehl mich den Damen, und den Hugo laß' ich grüßen.
675 1413 2285 1512 Lulu. Kann ich ihm nichts ausrichten? Soll er irgend
546 1483 2292 1593 wohin kommen? Mir kannst Du's schon sagen. Wir sind
546 1567 1409 1663 sehr intim, der Hugo und ich,
1229 1703 1600 1821 2. Auftritt.
760 1790 2095 1909 Frau Betty Losatti (von links). Gustav. Lulu.
686 1895 1871 1977 Gustav. Küß' die Hand, gnädige Frau.
679 1966 2301 2079 Betty. Ah, Sie sind's, Gustav? Geh', Lulu, warum
565 2020 1797 2145 führst Du den Herrn Brander nicht weiter?
688 2088 1981 2196 Lulu. Der Herr Brander hat nicht wollen.
1849 2154 2299 2253 Nein, gnädige
692 2176 1648 2270 Gustav (lächelnd). Du bist ein
774 2218 2296 2331 ich will wirklich nicht stören, ich hätte nur dem
554 2244 727 2342 Frau,
561 2316 1304 2419 Hugo ein Wort zu sagen.
692 2358 2307 2459 Betty. Der Hugo ist in den Prater geritten — aber
554 2441 2316 2546 ich glaube, er muß bald wieder da sein. Wollen Sie nicht
561 2520 1306 2619 vielleicht so lange warten?
699 2590 2307 2671 Gustav. Ich bedauere wirklich sehr, gnädige Frau.
563 2651 2253 2737 Der Misotzki wartet im Wagen unten auf mich... und.
692 2708 2307 2827 Betty. Kann ich ihm vielleicht 'was ausrichten, dem Hugo?
692 2796 1122 2886 Lulu. Haha!
695 2855 1586 2949 Betty. Was lachst Du denn?
701 2899 2314 3006 Gustav. Ein so blöder Jüngling, ist mir noch nie vor-
565 3002 868 3107 gekommen.
692 3044 1764 3149 Betty. Nicht wahr, Herr Brander?
701 3098 2316 3212 Gustav. Also... ganz einfach, wir haben nämlich
563 3208 2316 3289 den Hugo abholen wollen... es ist wegen eines kleinen
561 3261 2316 3368 Festes, das der Misotzki heute Abend giebt, weil seine geliebte
568 3337 1806 3460 „lessica" ihren ersten Preis gewonnen hat.
3195 416 3375 535 7
2573 583 3068 697 Betty. Endlich!
3158 598 4071 738 Sehr richtig, gnädige Frau,
2579 664 3077 782 Gustav (lachend).
2722 697 4076 811 - ein schäbiges Verkaufsrennen — unter uns
2434 752 2667 846 endlich!
2443 787 3418 901 Aber es ist immerhin ein Anfang.
2586 795 3815 962 Lulu. Wie viel ist denn gezahlt worden?
2594 868 4201 1036 Gustav. Aber, Lulu, Du bist ja ein ganz gewöhnlicher
2450 1017 2809 1131 Geldmensch!
2590 1028 3846 1166 Lulu. Mit sechzig Kreuzern in der Woche.
2597 1089 4194 1240 Gustav. Also, gnädige Frau, wenn Sie so freundlich
2472 1155 4177 1319 sein wollen — der Hugo möchte in die „Ungarische Krone“
2465 1216 4212 1385 kommen. Es wär mir sehr lieb, wenn er heute bestimmt
2472 1291 4212 1468 käme; morgen fahr’ ich fort, und da möcht' ich ihn gern
2474 1433 2796 1523 noch sehen.
2612 1446 3587 1584 Betty. Bleiben Sie lange weg?
2621 1494 4227 1632 Gustav. Oh nein, gnädige Frau, in zehn Tagen muß
2476 1567 4231 1718 ich wieder da sein. Ich fahr' nur nach Hause, weil die
2485 1674 3346 1797 Mama ein bischen leidend ist.
2619 1718 3951 1847 Betty. Doch nichts Ernstes, will ich hoffen!
3247 1764 4233 1889 :. Es schadet auch nichts, wenn
2630 1821 3204 1937 Gustav. Oh nein
2491 1841 4045 1992 der Hugo erst um zwölf kommt — er trifft uns noch.
2634 1895 4247 2053 Betty. Er kann ja auch früher kommen - zu Hause
2496 2025 3190 2139 soupirt er ja doch nicht.
2634 2077 3324 2202 Lulu. Der hat's gut!
2643 2099 4251 2268 Gustav. Also, küss die Hand, gnädige Frau, bitte,
2500 2193 4255 2334 empfehlen Sie mich den Damen. (Zu Lulu.) Adien — na,
2509 2290 3405 2410 giebst Du mir nicht die Hand?
2649 2334 4273 2459 Lulu. Ich bin beleidigt... „Blöder Jüngling" hast Du
2513 2417 3681 2559 gesagt! — Das mußt Du zurücknehmen.
2658 2443 4271 2599 Gustav. Also, weißt was, den Jüngling werd' ich
2522 2524 4273 2715 zurücknehmen! Servus! Küss' die Hand, gnädige Frau (ab).
3197 2726 3594 2855 3. Auftritt.
2890 2805 3942 2978 Betty. Lulu. Frau Emma Winter.
2660 2936 4076 3094 Betty (lächelnd). Wie Du Dich benimmst, Lulu!
2680 3006 4293 3140 Emma (tritt von links ein). Ich will mich nur ein paar
2540 3083 4113 3232 Minuten von dem Lärm erholen... Oder stört man?
2680 3147 4308 3289 Betty. Was fällt Dir denn ein! Entschuldige, daß
2544 3234 3769 3377 ich Dich allein gelassen; Brander war da.
3037 3311 3811 3451 As Manuscript gedruckt.
