4760 4056
1627 451 1713 590 P.
1395 431 1580 568 — 16
2446 526 4214 703 weiß gewiß von allen denen, wer sie sind. — Diese ver¬
787 601 2398 740 Agnes (lächelt selig; dann) Und wohin wird er heute
2455 648 2968 771 dammten Weiber!
648 687 1045 780 Abend gehen?
2597 652 4214 809 Franziska (hat beide Fenster geöffnet; steht an dem Fenster links.)
2460 762 4219 884 Gar keine Sonne ist mehr! Und aus mit der Praterfahrt!
785 729 1746 849 Franziska (zuckt lächelnd die Achseln).
787 807 2393 908 Agnes. Siehst Du, das ist das Schreckliche! Drum
2621 829 4219 981 Agnes (nahe bei Franziska). Er müßte mir auch alles
643 880 2393 983 wár' es das gescheidteste, wir wären verlobt; da wär' er
2460 933 2749 1050 verzeihen.
641 966 2393 1085 Abends bei uns oder ich bei Euch. Das wäre höchst be¬
2612 944 4226 1092 Franziska (lächelt).] Komm, jetzt ist's erst recht luftig.
641 1025 922 1120 ruhigend.
2617 1056 3563 1162 [Agnes. Ich verdien's, Franzi.
785 1065 2391 1204 Franziska. Oder gar verheirathet. Das wäre ja
2610 1103 4237 1244 Franziska (schlingt ihren linken Arm um Agnes Hals und zieht
639 1156 1167 1262 noch beruhigender.
2477 1178 4232 1337 sie so an's Fenster). (Ich weiß, ichweiß, und jetzt reden wir
787 1222 2382 1324 Agnes. Ach Gott, daran denk' ich noch nicht. Wenn
2469 1275 3048 1383 nichts mehr drüber.
639 1302 2378 1386 wir nur erst verlobt wären, das wär' schon genug. Und
2610 1299 3596 1450 Agnes. Du bist so kalt, Franzi.
652 1370 2009 1472 siehst Du, sofort würd' ich ihm alles verzeih'n.
2608 1403 3218 1514 Franziska. Nein.
769 1434 1799 1529 Franziska. Was Du nicht sagst!
2619 1419 4252 1576 Agnes. Was soll man denn jetzt noch seh'n? Die
778 1507 2320 1589 Agnes. Denn nicht wahr, diese alten Geschichten
2486 1538 3366 1649 „schönen" Leute sind alle fort.
636 1562 2387 1699 Das geht nun einmal nicht anders. Wir haben alle unsere
2621 1551 3998 1715 Franziska. Ein Schöner kommt gewiß noch.
632 1646 1726 1766 dunklen Punkte in der Vergangenheit.
2933 1673 3806 1792 (Sie schauen zum Fenster hinaus.)
769 1711 1337 1790 Franziska. Wir?
769 1786 2139 1890 Agnes. Wir auch! Es geht nur anders aus
3171 1783 3565 1914 8. Auftritt.
769 1843 1474 1929 Franziska. Nun also.
2997 1878 3757 2031 Franziska. Agnes. Lulu.
769 1872 2374 2016 Agnes. Ja, weil wir Mädchen sind, junge Damen.
630 1978 1178 2082 Aber wer weiß. —
2628 1969 4268 2106 Lilu (kommt, und wie er sie sieht, läuft er zu ihnen, steckt den Kopf
1227 1980 2376 2115 — Siehst Du, ich bin gar nicht stolz, daß
628 2042 1014 2148 ich brav bin.
2491 2088 3008 2217 zwischen beiden durch).
2650 2077 4279 2279 Franziska (beinahe erschrocken). Was ist denn? Was isi
767 2102 2376 2219 Franziska. Das soll man auch nicht. Wie könnt's
619 2183 1132 2281 denn anders sein.
2493 2212 2687 2336 denn?
2648 2248 4274 2378 Lulu. Ich hab genug von den älteren Damen. Kinder,
787 2248 2376 2343 Agnes. Und außerdem — ich war ja schon einmal
614 2336 2362 2440 als ganz kleines Mädel verliebt — in unseren Geographie¬
2517 2358 3017 2473 spielen wir 'was.
614 2393 793 2504 lehrer
2645 2367 3881 2513 Agnes. So ein großer Bub' spielt noch.
2652 2435 4290 2581 Lulu. Ah, nicht wie Du meinst... Ringer ringer
749 2427 1675 2559 Franziska (lächelnd). Ich weiß.
2517 2526 4276 2639 Reiher meint sie, oder so 'was!... Wir spielen etwas mit
765 2513 2358 2628 Agnes. Ja, heute lach' ich auch drüber! Aber es war
2517 2606 4287 2723 Wetten. Paßt auf. Zum Beispiel... siehst Du, Agnes,
632 2601 2062 2703 sehr arg! Freilich, dann ist — Er — gekommen!
2071 2610 2267 2701 — Er!
2524 2670 4294 2780 dort kommen zwei Wagen unterm Viaduct hervor... welcher
756 2661 1328 2762 Franziska (lächelt).
2526 2743 4303 2860 früher bei uns ist, hat gewonnen. (Auf die Straße weisend.) Da
749 2701 2367 2838 Agnes. Wenn ich so zurückdenke, wie oft er früher bei
608 2816 2267 2911 uns war! Und jetzt muß man ihn immer extra einladen
2530 2829 3693 2939 ist das Ziel. Ich wette auf den linken.
751 2866 2365 2977 Franziska. Er geht so wenig in Gesellschaft in den
2667 2906 3249 3008 Agnes. Ich auch.
606 2930 1025 3030 letzten Jahren.
2661 2906 4285 3076 Lulu. Aber Du mußt ja auf den anderen wetten, Du.
751 3014 2369 3096 Agnes. Sind wir denn eine Gesellschaft? — Die Mama
2676 3037 3249 3145 Agnes. Also gut.
603 3076 2360 3174 und ich? - In früheren Jahren, gerade, wie ich noch ein
2672 3105 3412 3209 Lulu. Da ist das Ziel.
597 3163 2354 3249 Kind war, ist er stundenlang bei uns gesessen. Die Mama
2674 3180 3288 3308 Agnes. Wo denn?
606 3218 2354 3308 war ja seine Vertraute. Ja, Du, das ist ganz bestimmt so.
3039 3218 3803 3361 Als Manuscript gedruckt.
606 3288 2362 3430 Er hat ihr sicher alle seine Abenteuer erzählt! Die Wama
2630 3339 2997 3461 Das Vermächtnis.
