4696 4024
1263 455 1430 579 46
636 574 1463 746 Franziska. Warum nicht?
627 662 1960 781 Toni. Ich könnte es nicht ertragen. (Pause).
636 728 2244 827 Betty. Was mir eben wieder eingefallen ist, Toni,
502 814 2242 906 Sie müssen doch bald einmal in Ihre alte Wohnung hier in
495 880 1034 990 der Stadt schauen.
629 942 1296 1058 Toni. Nein, nein
631 981 2246 1104 Betty. Es wird doch nothwendig sein. Die Zimmer
495 1096 2244 1177 könnten weiter vermiethet werden, während wir auf dem
493 1151 2213 1252 Lande sind. Oder soll ich hinschicken, alles abholen lassen?
631 1239 2253 1316 Toni. Nein, gnädige Frau, ich danke sehr Da
497 1291 2237 1397 geh' ich doch lieber selbst hin. Es ist noch manches dort
493 1366 1549 1483 das ich gerne bei mir haben möchte.
638 1399 2255 1562 Franziska (von dem Kinde weg, herzlich). Wenn ich Sie be¬
493 1511 1109 1606 gleiten würde, Toni?
627 1553 1478 1676 Toni. Sie wollen mit mir?
634 1593 2244 1740 Franziska. Ich denke, wenn Sie nicht allein hin
488 1723 1531 1808 müssen, wird es Ihnen leichter sein.
629 1782 1529 1872 Toni. Das ist schon möglich.
640 1817 2251 1938 Franziska. Wenn es Dir recht ist, Mama, wollen wir
488 1927 1074 2020 das gleich besorgen.
631 1949 2244 2088 Betty. Ich habe nichts dagegen. Nur möchte ich nicht,
488 2046 1973 2156 daß Du lange fortbleibst. Doctor Ferdinand wird
638 2110 2244 2235 Franziska (leicht verlegen). Wenn er mich sehen will,
488 2200 1404 2288 wird er schon auf mich warten.
638 2257 1582 2361 Gustav (wirft einen Blick auf Emma)
631 2319 2253 2440 Toni. So wollen wir also gleich gehen, Fräulein
493 2396 821 2508 Franziska?
640 2433 2255 2594 Franziska. Sagen Sie mir doch „Franzi", wie die
502 2541 1474 2649 andern — wozu das „Fräulein"
629 2616 1195 2710 Toni. Wie gerne!
640 2682 1395 2779 Franziska. Also adieu!
645 2750 2253 2831 Gustav. Ich begleite die Damen — wenigstens die
502 2818 2251 2908 Stiege hinunter. Ich komme direct von der Bahn und war
497 2891 2253 2981 noch nicht zu Hause. — Sie erlauben mir doch, bald wieder
506 2959 2248 3054 zu kommen, gnädige Frau. Ich glaube auch im Sinne Hugos
497 3040 2251 3120 zu handeln, wenn ich mich manchmal nach dem Kleinen
504 3095 783 3221 umschaue.
645 3135 1542 3249 Betty. Kommen Sie nur oft.
638 3234 1569 3324 Gustav. Also auf Wiedersehen
636 3293 2251 3417 Betty (zu Toni). Den Kleinen lassen Sie uns da, Toni.
3135 436 3373 546 — 47
2552 552 4167 711 Gustav. Pah, Franzerl, morgen sehen wir uns wie-
2416 673 2655 772 der, ja?
2554 700 4173 821 Toni. Freust Du Dich denn nicht, daß morgen der
2413 803 3238 906 Onkel Gustav wiederkommt?
2563 845 4002 950 Emma. Wie Sie gekommen sind, hat er gelacht.
2552 922 4169 1023 Toni. Jetzt lacht er auch. Er hat ein eigenes Lachen
2526 1008 4167 1129 das ist anders wie sonst bei Kindern - das kenn' eigent-
2418 1080 3403 1179 lich nur ich — (Pause der Bewegung)
2552 1144 3608 1241 Franziska. Adieu, Tante Emma.
2567 1210 3777 1311 Gustav. Küß' die Hand, meine Damen!
2926 1280 3685 1393 (Gustav, Franziska, Toni ab).
3100 1408 3496 1527 8. Auftritt.
2972 1511 3634 1646 Betty. Emma. Kind.
2550 1604 4173 1714 Betty (zu dem Kinde). Mein süßer Bub! (zu Emma). Wenn
3755 1681 4176 1811 und ich wüßte
2418 1712 3623 1806 ich denke, der könnte auf der Welt sein
2427 1773 2829 1868 nichts davon!
2576 1797 3564 1925 Emma. Das wäre auch möglich.
2559 1907 3159 2000 Kind. Großmama.
2561 1971 3419 2077 Betty. Was denn, Franzl?
2563 2013 4176 2125 Kind. Wirst Du auch mit uns im Garten spielen, wenn
2420 2110 3113 2209 der Papa zurückkommt?
2563 2171 4184 2279 Betty. Freilich, Franzl, freilich. — (Sie entfernt sich von dem
2427 2244 4187 2328 Kinde — ist sehr bewegt. Pause.) Ach Gott, wie wenig von seinem
2427 2319 4066 2396 Leben hat uns gehört. Ich darf garnicht daran denken.
2570 2376 3890 2475 Emma. Hast Du's nicht manchmal gefühlt?
2563 2416 4193 2543 Betty. Das mag wohl sein. Wenn man einen Sohn
2429 2508 4182 2614 in dem Alter hat, — muß man ja an Manches denken. Aber
2431 2565 4092 2673 daß er ganz wo anders daheim ist als bei uns, Emma!
2427 2651 4094 2754 daß es etwas giebt, was ihm theurer war, als wir Alle
2427 2717 3802 2836 als ich — — nein, das hab' ich nicht geahnt.
2563 2805 3056 2900 Emma (schweigt).
2563 2838 4191 2957 Betty (mit Blick auf das Kind). Hätt’ ich's nur früher ge-
2427 2919 4191 3023 wußt! Mir kommen jetzt diese letzten Jahre so entsetzlich
2435 2990 4189 3095 fremd - so — ich weiß gar nicht, wie ich Dir das sagen
2442 3058 4198 3177 soll — ganz unheimlich kommen sie mir vor. Jetzt weiß ich
2446 3122 4195 3238 ja erst, wie viel, wir unendlich viel er... mir schuldig ge¬
2438 3219 2746 3318 blieben ist.
2576 3249 4019 3377 Emma. Du bekommst doch vieles wieder zurück.
2941 3340 3692 3483 Als Manuscript gedruckt.
