4840 4152
1323 522 1540 667 40 —
673 665 1913 805 Agnes. Was haben sie Dir denn gesagt?
673 746 2282 878 Lulu. Also, der Papa hat mir gesagt — (winkt sie näher)
533 809 2262 952 der Hugo war mit ihr im Geheimen verheirathet. Jetzt frag
542 888 2262 1042 ich Dich, Agnes, warum erzählt man mir solche Geschichten
680 970 1582 1095 Agnes. Es ist doch dasselbe.
671 992 2282 1154 Lulu. Na eben. - Also, grüß' Dich Gott, Agnes
540 1103 2073 1244 (Zurück.) Pah, Bubi - Adieu, Tante Toni... (Ab.)
1215 1231 1612 1373 3. Auftritt.
1103 1340 1735 1457 Toni. Kind. Agnes.
1323 1433 1538 1536 (Pause.)
691 1468 1812 1628 Agnes (leise). Also hier wohnen Sie?
698 1558 2310 1691 Toni. Wohnen — das eigentlich nicht. Dort (nach der
564 1639 2301 1781 Thür rechts hinten weisend) ist unser Zimmer. Aber wir sind beinah
564 1762 867 1856 immer da.
700 1784 1101 1913 Agnes. So.
691 1799 2310 1963 Toni. Anfangs haben sie das Zimmer ganz absperren
559 1930 1867 2038 wollen. Aber so ist es besser — glaub' ich.
709 1957 2317 2102 Agnes (nickt, betrachtet das Kind). Ja. (Sie kniet, wie einen
570 2049 2323 2174 plötzlichen Eingebung folgend, neben dem Kinde nieder und küßt es
575 2152 932 2240 mit Inbrunst.)
726 2145 2183 2288 Toni (mild). Deswegen sind Sie heut gekommen.
720 2235 2336 2352 Agnes. Ja... (Erhebt sich). Ich war schon ein paar
584 2295 2343 2426 Mal auf dem Weg hierher; — aber ich hab mich nicht herauf
595 2369 2347 2503 getraut. Es hat mich so schrecklich erschüttert. Wir waren
595 2428 2330 2584 ja... so nahe verwandt. Es war beinah', als wenn ich
581 2505 2347 2650 einen Bruder verloren hätte. (Sie ist ins Schluchzen gekommen und
588 2615 1189 2727 fällt Toni in die Arme.)
724 2639 2012 2771 Toni. Sie haben ihn — sehr lieb gehabt.
739 2727 2018 2845 Agnes (aufschauend). Hat er's denn gewußt?
726 2790 2231 2900 Toni. Er vielleicht nicht — Aber ich. — (Pause.)
746 2874 1856 2981 Agnes. Hat er von mir gesprochen?
737 2905 2365 3045 Toni. Natürlich. Er hat zu mir von allen Menschen
608 2981 2371 3122 gesprochen, die er gekannt hat, das können Sie sich wohl
608 3093 1321 3203 denken, Fräulein Agnes.
737 3093 2371 3260 Agnes. Jetzt kann ich mir vieles denken. Und daß
625 3194 2382 3319 Jemand auf der Welt sein muß, dem er Alles sagt — das
638 3266 2374 3396 hab' ich schon lang gewußt. Wenn er zu Hause oder bei uns
636 3330 2374 3475 war, hab’ ich oft genug gemerkt, daß er eigentlich lieber wo
638 3438 1202 3560 anders sein möchte.
2591 555 3749 733 Toni (das Kind an sich drückend). Bei uns
2593 641 4096 788 Agnes (ausbrechend). Oh Gott, wie beneid' ich Sie!
2593 772 3084 880 Toni (schaut auf).
2606 803 3947 941 Agnes (wie beschämt). Sie haben ja... den
2615 904 3642 1027 Toni (leise). Gott erhalte ihn mir.
2611 946 4225 1095 Agnes. Sie müssen nicht böse sein, daß ich so rede.
2466 1027 4227 1165 Aber das Herz thut mir so weh, ich kann's gar nicht sagen
2613 1086 4232 1242 Toni (in tiefstem, aber unterdrücktem Schmerz). Liebes Fräulein
2475 1198 3012 1332 Agnes, mir auch!
2624 1220 4245 1411 Agnes. Fräulein Toni, ich möchte so gern Ihre
2490 1358 2922 1474 Freundin sein!
3192 1448 3567 1595 4. Auftritt.
2613 1536 4137 1702 Toni. Das Kind. Agnes. Emma (tritt ein, rechts vor).
2648 1676 3659 1814 Emma (lächelt leicht, wie sie Agnes sieht).
2639 1775 3497 1893 Agnes (ihr entgegen). Mama
2648 1784 4273 1966 Emma. Grüß' Sie Gott, Toni! Was macht denn der
2505 1944 2738 2067 Kleine?
2665 1939 3666 2097 Toni. Ich danke, gnädige Frau.
2665 2064 3139 2185 Emma. Blaß!
2661 2108 4052 2246 Toni. Ja, aber er hat nie viel Farbe gehabt.
2661 2181 4287 2358 Emma. Jedenfalls ist es gut, daß Sie bald aufs Land
2529 2284 2718 2439 gehen.
2670 2325 3157 2483 Toni. Freilich.
2672 2411 3392 2549 Emma. Auch für Sie!
2681 2503 3521 2628 Toni (abwehrend). Ach Gott
2683 2503 4241 2683 Emma (zu Agnes). Warst Du schon bei Tante Betty?
2696 2604 4311 2775 Agnes. Nein, Mama, ich will jetzt auch nicht. Ich bin
2564 2685 4322 2856 so. Ich geh' jetzt lieber nach Hause, Mama, wenn Du
2554 2830 2812 2929 erlaubst.
2711 2810 3784 2992 Emma. Wie Du willst, mein Kind.
2701 2863 4324 3067 Agnes (zu Toni). Jetzt werd' ich oft wiederkommen.
2569 2979 4333 3177 Jeden Tag will ich kommen, ja? Wir sind Freundinen,
2564 3124 2810 3227 Mama.
2729 3166 3141 3275 Emma. So?
2727 3126 4350 3345 Agnes (beugt sich und küßt die Haare des Kindes. Sie reicht Toni
2589 3321 3056 3440 die Hand und geht).
3078 3310 3900 3506 Als Manuscript gedruckt.
