4792 4152
3250 443 3366 574 15
1453 482 1578 609 14
2568 614 3232 752 Agnes (ernst). Sicher.
2573 592 4124 811 Franziska (lacht). Wie wär's dann mit uns zweien?
780 598 2204 730 Franziska (erröthend, lächelnd). Bist Du dagegen?
2581 684 4209 883 Agnes. Wir würden uns doch gerne haben. Er müßte
778 710 2384 824 Agnes. Na... Uebrigens kenn' ich ihn noch immer nicht.
2459 776 4209 960 sich entscheiden. (Sie ist bei den Bildern.) Diese Sachen machen
787 774 1930 868 Franziska. Er ist ein ernster Mensch.
787 850 1773 955 Agnes. Stimme Deines Vaters.
787 901 1887 1010 Franziska. Findest Du nicht auch?
2448 927 2814 1045 mich rasend.
2597 951 3410 1078 Franziska. Welche denn?
2597 947 4216 1150 Agnes. Die da, und die da, uud... glaubst Du,
791 995 2393 1107 Agnes. Ja ja... (Sie öffnet die Jalousien des anderen
2454 1047 4218 1242 daß er die alle gern gehabt hat? (Sie nimmt aufs Gerathewohl
646 1058 1775 1183 Fensters.) Sonst wird es gar zu dunkel
787 1076 2226 1240 Franziska. Komm, wir wollen... Ach so...
2614 1166 4225 1348 Franziska. Wie kannst Du Dir nur so was denken!
2465 1188 3061 1315 eine Photographie hervor.
787 1194 1556 1288 Agnes. Wie meinst Du?
2485 1240 4242 1444 Siehst Du, von der weiß ich sogar zufällig, wer sie ist. Das
791 1225 1937 1363 Franziska. Lieber hier bleiben, was?
787 1326 2384 1440 Agnes. Ja. (Sieht sich fast zärtlich im Zimmer um.) Ja. Er
2478 1370 3662 1514 ist eine gewesene Freundin von Brander.
2627 1359 4249 1551 Agnes. Das möcht' ich mir ausbitten, wenn ich der
635 1402 1420 1505 ist zwar kein ernster Mann
2491 1448 4249 1632 Brander wäre, daß meine gewesenen Freundinnen da im
793 1429 2391 1582 Franziska. Da irrst Du Dich. In den letzten Jahren
646 1527 1315 1639 ist er so reif geworden.
2500 1565 3429 1707 Paravent stecken. Und das da?
2645 1567 4258 1760 Franziska. Schau, was Du für ein Kind bist! Das
787 1567 2393 1703 Agnes. In den letzten Jahren — das ist möglich.
646 1678 2395 1755 Ich weiß eigentlich nicht viel von ihm — in den letzten Jahren.
2647 1700 4190 1889 Agnes. Was beweist das? Weil sie Schröder heißt
2500 1738 2991 1858 ist die Schröder.
660 1751 2393 1856 Gekannt habe ich ihn doch nur, wie ich ein kleines Mädel war.
2656 1766 4273 1972 Franziska. Nicht deswegen. Aber sie ist im Jahre
784 1812 1582 1915 Franziska (lächelud). So?
795 1884 2397 1966 Agnes. Ja, wie er so oft bei uns gewesen ist, immer
2522 1887 3982 2053 1787 geboren. War eine berühmte Schauspielerin
662 1937 2393 2040 stundenlang bei uns gesessen und Klavier gespielt hat. Damals
2660 1987 3359 2115 Agnes. Lebt sie noch?
2669 1959 4284 2185 Franziska. Nein. Uebrigens wäre sie dann 110
660 2020 2104 2106 war er sehr lustig. Er ist es gewiß noch immer
2163 2007 2402 2099 nur sitzt
660 2093 2399 2167 er wahrscheinlich irgend wo anders als bei uns. Aber er
2676 2115 4295 2307 Agnes. Was haben diese todten Weiber da hinter dem
657 2152 2393 2261 wird schon zu uns zurückkommen — und dann — (glücklich)
2531 2143 2838 2272 Jahre alt.
651 2229 1558 2316 wird er bleiben — nicht wahr'
2695 2231 4304 2452 Franziska. Komm, Kind, schauen wir lieber zum
2544 2266 3197 2402 Schreibtisch zu suchen?
793 2290 1560 2388 Franziska. Hoffen wir!
800 2303 2410 2463 Agnes. Hoffen wir — freilich, hoffen wtr. — Das ist
1792 2415 2415 2516 Ah, ich hab' ihn so
2544 2417 3004 2555 Fenster hinaus.
2695 2402 3883 2597 Agnes (droht ihr beinahe ernst mit dem Finger).
651 2419 1648 2529 doch mein ganzes Leben, Franzi!
890 2502 2402 2616 So lieb hab ich ihn! — Weißt Du, ich könnte
660 2498 795 2581 lieb!
2702 2518 3613 2654 Franziska. Nun, was denn?
2706 2553 3933 2713 Agnes. Es giebt auch lebendige Damen.
653 2568 949 2660 weinen..
2713 2603 3992 2785 Franziska. Dagegen ist nichts zu machen.
795 2599 1725 2737 Franziska (streichelt ihr die Haare).
2719 2632 4323 2849 Agnes, Leider, leider... (Als wenn sie eine Neuigkeit er¬
793 2706 1411 2800 Agnes. Weiß er’s?
795 2765 1576 2875 Franziska (zuckt die Achseln).
2570 2816 3318 2960 zählte.) Er ist auch schön.
800 2792 2413 2958 Agnes. Oh, wenn ich einen Bruder hätte, wüßt ich
2728 2853 4347 3055 Agnes (vor sich hin). Und nichts weiß man von so einem
2726 2888 3245 3002 Franziska (nickt).
660 2892 1089 3004 alles von ihm.
2592 2949 4345 3133 Menschen! Da rennt er davon, und... Wo ist er jetzt
791 2943 1757 3079 Franziska. Ich weiß manches.
793 3013 2402 3171 Agnes. Glaubst Du... hab ich.. (zögernd) hab' ich
2743 3081 4352 3285 Franziska. Das kann ich Dir sogar ganz genau
2590 3105 2998 3241 zum Beispiel?
655 3109 1994 3210 Chancen bei ihm? Ach Gott, lach doch nicht.
2605 3162 4358 3355 sagen: Zwischen dem Lusthaus und dem Rondeau. Und in
795 3158 2415 3267 Franziska. Ich versteh' Dich ja so gut, Kind. Wenn
660 3254 2413 3372 er nicht mein Bruder wär’, hätt’ ich mich wahrscheinlich selbst
2605 3256 3832 3436 einer Viertelstunde wird er zu Hause sein.
649 3326 1098 3442 in ihn verliebt.
3105 3326 3868 3491 Als Manuscript gedruckt.
