4824 4104
2594 555 3656 697 Adolf (plötzlich, fast schreiend). Was?)
706 634 1121 754 Arzt. Nein.
2591 682 3188 776 Toni (schreit leise auf).
2605 710 4202 857 Ferdinand (rasch hin. Zu Toni.) Ich bitte Sie, Fräulein,
721 717 1141 815 Toni. Hugo!
2460 780 4208 902 in Ihrem Interesse und dem der hier versammelten Familie,
721 782 1160 883 Kind. Papa!
1455 765 2347 929 Ich bin einfach empört, daß
2476 852 4210 990 sich zu beruhigen. Ich hielte es für das weitaus Vernünf¬
712 841 1361 964 Ferdinand (zu Adolf).
597 887 2349 1036 man in so ernsten Momenten hysterische Weiber zu einem
2460 929 3922 1073 tigste, wenn Sie sich — für einige Zeit entfernten.
2598 972 4005 1110 Emma (stark). Lassen Sie sie; sie gehört hieher.
597 990 981 1121 Kranken läßt.
732 1044 1366 1158 Adolf. Fräulein...
2600 1062 3898 1167 Betty (zum Arzt). Kann er mich noch hören?
730 1049 2353 1226 Toni (zu ihrem Kinde). Sag' dem Papa was, bitt' ihn,
2600 1099 4232 1235 Arzt (leise). Was wissen wir von diesen Augenblicken?
2615 1186 4228 1315 Betty (mit einem Blick nach oben). Vielleicht hört er mich
594 1178 1634 1287 daß er zu Dir spricht, sag' ihm...
730 1224 2281 1390 Kind. Papa! Papa! Gieb mir einen Kuß, Papa!
2487 1252 4232 1390 noch. (Zu ihm gebeugt.) Sei ruhig, mein Kind, sei ruhig, die
2487 1361 3236 1479 Zwei da haben ihr Heim!
2615 1409 4243 1523 Agnes (hat mit großen Augen hingesehen; keiner bemerkt sie,
1269 1394 1713 1521 18. Auftritt.
2487 1492 3653 1582 wie sie still weinend zur Thüre hinausschleicht).
828 1499 2168 1632 (In der Thür ist Agnes erschienen. Emma mit ihr.)
2629 1525 4250 1652 Adolf (sieht alle Leute ohne Fassung an, weiß nicht, wo er
739 1597 1547 1724 Agnes. Franzi! Franzi!
2500 1615 3236 1722 einen Blick ruhen lassen soll).
2624 1641 4250 1785 Ferdinand (steht zu Häupten des Sterbenden mit vollkommen
752 1652 2244 1785 Franziska (zu ihr bin, den Schmerz vorbeißend.) Agnes!
756 1715 2364 1844 Agnes (wie verloren). Also bitte, wie geht es dem Hugo?
2491 1744 3042 1866 regungslosem Gesicht).
2635 1798 3832 1892 Franziska (küßt die Hand des Sterbenden).
752 1814 1488 1934 Franziska (athmet schwer).
763 1844 2375 2023 Agnes (sieht plötzlich Toni und das Kind; große Augen; fragend
2622 1859 3489 1991 Lulu (sängt laut zu weinen an).
625 1966 977 2080 auf Franziska).
3190 1962 3581 2080 (Vorhang.)
763 2006 1698 2133 Franziska. Es steht schlimm.
760 2058 2388 2231 Agnes (steht eine Weile; hat einen Schritt hingethan, bleibt aber fern
636 2174 1436 2272 stehen an den Schreibtisch gelehnt).
1759 2176 2373 2336 Ich will ihn sehen.
763 2227 1523 2320 Voni. Lichter! Lichten!
631 2294 1873 2414 (Sie ist aufgesprungen und eilt vom Divan fort.)
773 2334 2384 2458 Ferdinand. Fräutein, Fräulein, bitte, beruhigen Sie
647 2408 2395 2535 sich doch. Sie sind in einem Hause, das vielleicht in wenigen
629 2513 1545 2615 Minuten ein Haus der Trauer
3052 2454 3725 2637 Zweiter Akt.
776 2550 1977 2655 Toni. Was wollen Sie denn von mir?
776 2567 2386 2738 Ferdinand. Achten Sie doch den Schmerz der Ange¬
2993 2626 3784 2751 Acht Tage nach dem ersten Akt.
649 2679 2393 2816 hörigen. Ihr Rasen hilft ja nichts. Was wollen Sie denn
2532 2661 4294 2849 Dasselbe Zimmer wie im ersten Akt. Die Einrichtung kaum verändert.
647 2749 2393 2882 mit den Lichtern? Lassen Sie die Lichter gefälligst stehen
2812 2766 3999 2875 Der Divan ist etwas mehr nach hinten gerückt.
649 2856 1058 2961 wo sie stehen.
3232 2862 3588 2996 1. Auftritt.
784 2897 1578 3015 Arzt (hält immerfort den Puls).
793 2954 1929 3092 Adolf. Er athmet ruhig, ganz ruhig.
3048 2976 3778 3107 Toni. Das Kind. Lulu.
800 3057 1324 3151 Arzt. Zu ruhig.
2683 3083 3891 3188 Toni (sitzt auf dem Lehnsessel vor dem Schreibtisch)
804 3125 1350 3216 Betty. Er schläft.
2672 3111 4309 3280 Das Kind (vor ihr, sitzt auf einem Schemel, hat Spielsachen vor
784 3192 1235 3286 Kind. Papa
2541 3232 3256 3350 sich liegen, spielt aber nicht).
800 3229 1739 3361 Betty. Nicht wahr, er schläft?
3046 3253 3813 3374 (Es ist ganz still im Zimmer.)
802 3297 1905 3450 Arzt. Er wird nicht mehr erwachen.
3055 3339 3852 3476 Als Manuscript gedruckt.
