3416 4152
794 242 1744 510 ende notre ami
314 431 1676 794 himance this
307 653 2267 1039 Über ihn Citatosten schon gefrohen —
395 882 1829 1205 Morube haben sie über gefroche
356 1231 1306 1460 Beles, home.
405 1258 3011 1698 jetzt bei sie wissen ihnen ist es ist schon
359 1499 2835 1881 so Ihsere abe ofte Sin. Guhl sie sie ansten
398 1672 3034 2019 Es war ihr daß Mill meiner Sofer. Am
317 1898 2479 2237 brenstt, der das Kind ist blas.-
438 2208 1659 2528 Frans und Tom
568 2319 3119 2793 24 Stelle der gerade so als mein du mein Schrift
483 2734 1032 3011 waß.
506 3034 1865 3319 Franzi und so kalte
461 3309 1898 3639 Mr Stals und Tui
983 3413 2868 3792 Sie diese nicht seit, Es war
493 3710 2054 3975 nicht begreifen. Sonst als
