4744 4008
1287 375 1464 481 54
673 494 2287 616 Ferdinand (zuckt zusammen). Mit ihr? Halten Sie das
521 598 1424 678 für unerläßlich, gnädige Frau?
671 667 2296 775 Adolf. Was hab' ich gesagt, Betty? Der Doctor findet
528 733 1448 832 das auch nicht in der Ordnung.
662 806 2287 921 Betty. Lieber Doctor, sie ist doch nun. einmal unsere
521 865 921 971 Hausgenossin.
660 907 2283 1040 Ferdinand. Ich denke, nachdem die ersten fürchterlichen
517 1018 2287 1102 Tage vorüber sind, in denen wir alle wie niedergeschmettert
517 1086 2278 1183 waren, — ist es nun endlich an der Zeit, über diese ganze
523 1155 2278 1241 Angelegenheit ins Klare zu kommen. Ich bitte Sie, ich be¬
528 1223 2278 1311 schwöre Sie — bedenken Sie doch endlich, wen Sie in dieses
517 1291 2280 1373 Haus aufgenommen haben, wer mit Ihnen an einem Tische
525 1373 2276 1470 sitzt, wem Sie erlaubt haben, mit uns Allen am Grabe Ihres
528 1422 1024 1512 Sohnes zu beten.
642 1466 1909 1576 Emma. Die Mutter seines Kindes ist sie!
636 1550 1792 1645 Betty. Ja, die Mutter seines Kindes
636 1627 2272 1733 Ferdinand. Seine Maitresse ist sie gewesen, das steht
510 1706 2267 1804 jedenfalls fest, also eines von den Weibern, die man sonst in
514 1775 1817 1868 solchen Häusern nicht über die Schwelle läßt.
642 1834 2272 1929 Emma. Lernen Sie sie doch erst kennen, bevor Sie sic
503 1912 1583 1987 mit einem Worte abzuthun versuchen.
634 1958 2267 2066 Ferdinand. Ich bin nicht danach begierig. [Sie haben
503 2040 2258 2132 ja alle irgend eine Entschuldigung — das ist nichts Neues!
508 2119 2269 2216 Die ist gut für die nächsten Liebhaber — bei uns hier hat
508 2177 1038 2276 sie nicht zu gelten.
629 2249 2263 2344 Adolf. Lieber Doctor, [Ihre Ansichten sind die eines
486 2311 2254 2419 rechtlichen Mannes, und es ist für mich besonders erfreulich,
492 2380 2258 2477 daß gerade der Mann solche Ansichten hegt, dem ich das
492 2455 2236 2550 Glück meiner einzigen Tochter anzuvertrauen gesonnen bin.
492 2528 2249 2629 Wir wissen alle, daß dieses junge Wesen gefehlt hat, und ich
492 2581 2252 2695 bin, wie ich vielleicht als bekannt annehmen darf, sehr ferne
483 2658 2245 2757 davon, in dieser Hinsicht lax zu denken. Aber wir haben ein
490 2737 2258 2845 Recht gegenüber solchen Geschöpfen, das wir gelegentlich in
488 2808 2243 2903 Anspruch nehmen dürfen; das Recht: zu verzeihen. Und
486 2861 1667 2954 das wollen wir thun. Ich verzeihe ihr!
627 2927 2150 3042 Emma. Verzeihen? — Du sprichst von Verzeihen?
481 2996 2236 3115 Was hast Du! (Stark. Pause.) was hat überhaupt ein Mensch
483 3084 2245 3179 dem andern zu verzeihen? — Vermessenheit ist das! Strafen
486 3143 2243 3256 dürfen wir, — und rächen meinethalben — damit bleiben wir
479 3212 2245 3371 doch unter uns sozusagen. Aber zum Verzeihen ist doch keiner
3313 415 3424 534 55
2497 521 4241 680 gut genug. Ihr habt einfach den letzten Willen Eures Sohnes
2501 616 3327 724 zu erfüllen — das ist Alles.
2631 664 4247 788 Adolf. Das thun wir ja. Ich weiß nicht, was Du
2492 781 4245 881 willst. Wenn es mir — abgesehen davon — auch noch be-
2488 839 3854 923 liebt, ihr zu verzeihen, so ist das meine Sache.
2631 907 3823 987 Ferdinand. Der letzte Wille Hugo's?
3861 892 4236 1000 — Wissen Sie,
2492 998 4238 1066 was sein letzter Wille war? — Seine letzten Worte kennen
2492 1051 4245 1152 wir, die er gesprochen hat, als schon die Schatten des Todes
2492 1117 3377 1192 über seinem Bewußtsein lagen.
2618 1172 4241 1276 Betty (fast erschrocken). Nein, Doctor, sagen Sie das nicht.
2492 1249 3517 1347 Er wußte, was er wollte. Oh ja.
2629 1291 4241 1406 Ferdinand. Wenn ich auch das annehmen will, eine
2490 1382 4238 1464 Frage bleibt jedenfalls offen — ob er das Recht hatte, Ver¬
2501 1468 4243 1556 fügungen zu treffen, die so tief die Existenzbedingungen seiner
2488 1525 3402 1616 nächsten Angehörigen berühren?
2631 1581 4241 1715 Emma. Wie können Sie es wagen, über ihn zu ur-
2488 1660 2700 1766 theilen!
2634 1706 4243 1810 Ferdinand. Damit maße ich mir keinerlei Urtheil an.
2623 1804 4241 1890 Emma. Sie haben ihn ja nie begriffen, Sie halen ihn
2490 1870 3327 1967 überhaupt nie leiden können.
2625 1907 4234 2057 Adolf (ernst). Emma, Du sprichst zu dem Lehrer und
2492 2022 3344 2108 Freund unseres armen Hugo.
2625 2060 4249 2159 Ferdinand. Ich hab' ihn lieb gehabt — und glaube
2483 2148 4238 2247 ihn auch genügend begriffen zu haben — das war nicht so
2499 2216 4243 2311 schwer. Er war jung, liebenswürdig und gut — aber die
2490 2302 3393 2397 Menschen hat er nicht gekannt.
2625 2362 3921 2437 Adolf. Ja, er war zu gut für diese Welt!
2631 2422 4241 2510 Emma. Ja! zu gut für diese Welt. Besser als Ihr
2501 2512 4243 2585 Alle ahnen könnt, ist er gewesen — und darum hat er noch im
2492 2563 4245 2662 letzten Augenblick seines Leben das Beste gethan, was er
2497 2631 4249 2722 thun konnte, und Euch die Sorge um diese zwei Geschöpfe
2497 2695 4241 2777 an's Herz gelegt, die ohne Euch wahrscheinlich verloren wären.
2627 2770 4241 2865 Betty. Und ich danke Gott, daß er noch die Kraft ge¬
2492 2848 4247 2925 habt hat, diese Worte zu sprechen. — Auch wenn ich von
2497 2905 4243 3007 anderer Seite erfahren hätte, daß ein Kind meines Hugo
2492 2982 3631 3071 existirt, ich hätte es zu uns genommen!
2627 3040 4157 3132 Ferdinand. Das Kind ja — aber seine Mutter
2614 3099 4243 3205 Betty. Ich hätte sie doch nicht von ihrem Kinde getrennt.
2625 3190 4254 3289 Adolf. Das hatten wir nicht gethan. Nein, das hätten
3038 3256 4254 3360 — Und mit einem Worte, Doctor, werde
2497 3260 2996 3369 wir nicht gethan!
2985 3324 3773 3453 Als Manuscript gedruckt.
2517 3468 2616 3623 G.C.P.
