4600 4120
1117 569 1218 649 86
427 690 2056 805 Adolf. Kinder, was Ihr noch für eine Art habt, mit
292 767 2045 869 einander zu reden. Hat man das je erlebt, daß Brautleute
284 851 945 950 einander „Sie" sagen?
418 923 2051 1009 Ferdinand (mit ungeschickter Zärtlichkeit). Es wird schon
288 972 919 1088 später anders werden.
435 1009 2043 1146 Franziska. Ja. — Mama, mir ist im Nachhause-
286 1126 2045 1240 gehen etwas eingefallen — in Hinsicht auf die Eintheilung
292 1194 587 1293 der Villa.
418 1258 1209 1357 Betty. Was, mein Kind?
429 1299 2047 1414 Franziska. Ich meine nämlich — wegen des Zimmers
301 1383 2049 1486 für Toni. (Vlick der andern.) Es wäre vielleicht doch das Beste, wir
288 1482 2051 1555 würden das eine Fremdenzimmer mit der Aussicht auf den
292 1528 2054 1623 Garten für sie bestimmen, das ja ohnehin heuer sonst keinen
292 1603 2054 1686 Zweck hätte.... (Da nicht geantwortet wird.) Das andere ist zu
292 1678 2056 1785 klein und auch zu düster. Bei trübem Wetter ist es fast
292 1748 497 1865 dunkel.
422 1779 1233 1909 Betty. Mein liebes Kind.
431 1887 1530 1968 Franziska. Was ist denn, Mama?
429 1955 1445 2060 Betty. Toni — kommt nicht mit.
431 2012 2056 2135 Franziska (nicht allzu erregt). Nicht mit uns? — Will
295 2089 552 2190 sie nicht?
429 2137 1609 2241 Betty. Es ist anders bestimmt worden.
427 2203 2051 2326 Adolf. Ja, mein Kind, — und unser Entschluß wird
284 2293 1436 2397 Dir nicht gar zu überraschend kommen.
869 2344 2056 2469 Wir hoffen sogar, er wird Ihnen nicht
438 2368 809 2456 Ferdinand.
288 2421 1335 2544 ganz unwillkommen sein, Franziska.
847 2507 1011 2608 Nun?
420 2507 803 2612 Franziska.
860 2573 1264 2696 Sie geht fort.
422 2588 800 2704 Ferdinaud.
862 2660 2065 2801 Sie geht fort? Ja was will sie denn
429 2667 787 2810 Franziska.
279 2718 466 2847 thun?
427 2790 2051 2929 Adolf. Mein Kind, es ist ausreichend für sie gesorgt.
427 2898 2051 2997 Franziska. Für immer geht sie fort? — Das ist
284 2957 2043 3076 doch nicht möglich.... Habt Ihr vergessen, was Hugo ge-
295 3041 602 3149 wollt hat?
435 3098 2051 3212 Ferdinand. Liebe Franziska, wenn unser armer Hugo
295 3162 2051 3272 alles hätte voraussehen können, hatte er keine andere Ver¬
297 3259 2045 3373 fügung getroffen, als die, welche jetzt Ihre Eltern für richtig
292 3333 488 3428 finden.
413 3366 1675 3522 Franziska. Wie können wir das wissen?
3045 387 3201 561 87
2346 543 3958 706 Ferdinand. Wir wissen es — auch Sie, Franziska.
2214 640 3960 785 Was hält Sie heute noch an diese Person. Sie versuchen
2212 712 3692 847 nur, sie zu lieben — es gelingt Ihnen nicht mehr.
2353 789 3863 934 Franziska. Ich hab' sie lieb — ich hab’ sielieb.
2364 849 3969 1009 Ferdinand. Nicht mehr wie früher — und Sie fühlen
2223 952 3975 1073 selbst, daß alle Fäden allmählich zerrissen sind, seit das arme
2223 1000 3975 1132 Kind todt ist. Schämen Sie sich dessen nicht, Franziska.
2227 1077 3969 1220 Etwas in Ihnen hat schon längst begonnen, sich gegen diese
2230 1150 3975 1286 aufgezwungene Schwesterschaft zu wehren. Ihre — (erfaßt
2221 1251 2931 1359 ihre Hand) Ihre Reinheit
2355 1293 3876 1423 Adolf. Ich möchte sagen: das sittliche Bewußtsein.
2361 1363 3982 1493 Franziska (schwächer). Aber es ist vollkommen un-
3879 1425 3989 1513 Er
2230 1440 3817 1579 möglich, sie wegzuschicken. Hugo hat sie doch geliebt.
2236 1530 3001 1653 würde sie auch heute noch
2361 1581 3993 1711 Adolf. Mein gutes Kind, Du kennst die Welt nicht.
2236 1656 3991 1781 Als junger Mensch wird man in sonderbare Abenteuer hin¬
2236 1728 3991 1858 eingezogen. Sprechen wir es endlich aus. Wäre unser Hugo
2243 1774 4000 1937 am Leben geblieben, er hätte dieses Verhältnis sicher selbst
2252 1858 4000 2018 gelöst. Er hätte eine Frau genommen aus unserem Kreise
2339 1922 4013 2056 aus der anständigen Gesellschaft, zu der wir gehören, wie
2254 1990 4013 2124 es schließlich fast alle jungen Männer thun, die ihre Eltern
2252 2067 4004 2194 lieb haben und in der Welt und mit der Wett leben wollen
2397 2137 4015 2278 Franziska. Und sie — was hätte sie dann gethan?
2405 2203 4017 2348 Ferdinand. Was diese Geschöpfe gewöhnlich thun,
2258 2315 3133 2452 wenn ein Verhältnis aus ist.
2405 2361 3630 2480 Franziska (versteht nicht gleich, zuckt zusammen).
2412 2377 4035 2559 Adolf. Du bist ein kluges Kind, Franziska, Du wirst
2271 2504 2984 2641 sie bald vergessen haben.
2847 2502 4035 2669 Warum denn vergessen? Wir werden
2419 2606 2784 2702 Franziska.
2269 2645 3964 2759 einander doch noch sehen? Sie wird doch zu uns kommen
2278 2737 2753 2841 oder ich zu ihr?
2432 2724 4048 2907 Ferdinand. Franziska — Sie beide werden nicht lange
2282 2872 3032 2988 Sehnsucht darnach haben.
2843 2861 4057 3054 Oas wird sich zeigen. Ist sie schon fort?
2427 2946 2792 3056 Franziska.
2430 3006 2856 3118 Betty. Nein.
2850 3012 3848 3184 So will ich sie noch einmal sehen
2436 3083 2803 3184 Franziska.
2867 3122 3450 3239 Fräulein Franziska!
2443 3155 2808 3256 Ferdinand.
2443 3212 3450 3320 Franziska (geht ab nach rechts hinten).
2430 3261 3527 3404 Adolf. Sie hat sich brav gehalten.
2777 3344 3555 3465 Als Manuscript gedruckt.
