4680 4072
1383 419 1613 527 60 —
709 553 2300 676 Franziska. Ja — gesehnt. — Wenn Sie wüßten
566 639 2305 738 Ferdinand, mit welcher Andacht ich diese Wohnung betreten
573 720 2298 817 habe! — Es war eine tiefere Andacht als draußen, au
584 788 2307 887 seinem Grab... Dort, wo er mit ihr gelebt hat, wo ei
579 867 2303 953 glücklich gewesen ist, hab’ ich mich besser seiner erinnern
571 937 2307 1018 können, als dort, wo er (schaudert) langsam zu Staub wird
566 1014 2309 1087 Wären Sie doch mit mir dort gewesen! — Hätten Sie sie
575 1076 2311 1172 gesehen, wie ich sie gesehen habe! - Sie würden verstehen,
573 1141 1806 1238 daß ich sie lieben darf, wie eine Schwester.
713 1170 2305 1288 Ferdinand (hart). Entweihen Sie diesen heiligen Namen
564 1269 2307 1367 nicht! Diese Person — Ihre Schwester! Was für ein Zauber
566 1346 2309 1436 geht von solchen Wesen aus, daß selbst ein Mädchen wie Sie
573 1414 2044 1534 Franziska, vergessen kann, was es für Wesen sind.
716 1490 2305 1580 Franziska. Was hätte ich denn vergessen sollen? Hug
564 1545 2298 1624 hat sie lieb gehabt, und sie ist die Mutter seines Kindes
571 1618 2305 1710 das ist der ganze Zauber, den sie für mich hat. Ich wollte
571 1690 1853 1793 Ferdinand, Sie könnten ihn auch empfinden.
3084 500 3260 599 61
2357 586 4089 762 Mama nach Haus kommt, soll's Franzl wieder frisch und
2353 718 3082 845 munter sein, nicht wahr?
2456 762 3451 918 Kind. Wo ist denn die Mama?
2724 814 3716 942 (Franziska und Kind rechts hinten ab.)
2467 922 3984 1025 Adolf. Das gute Kind!... Sie ahnt noch nichts.
2474 990 3459 1095 Ferdinand. Was giebt's denn?
2472 1021 4109 1148 Adolf. Es war ein Abschiedsbesuch in aller Form, den
2360 1137 3330 1251 uns Professor Biber gemacht hat.
2487 1157 4107 1317 Ferdinand. Ach so. Freilich; er hat eine Frau und
2355 1262 2566 1398 Töchter.
2480 1306 4109 1442 Franziska (kommt wieder). So abgespannt hab' ich den
2362 1398 4048 1521 Kleinen noch nie gesehen. Wär nur Toni schon zu Haus.
2480 1468 3699 1572 Betty. Die Mädeln lassen Dich grüßen.
2483 1497 4118 1684 Adolf. Nimm es als letzten Gruß. Du wirst sie nicht
2366 1640 2689 1727 wiedersehen.
2487 1677 3642 1791 Franziska (erschrocken). Was ist denn?
3751 1712 4124 1831 Auch Bibers
2491 1747 3672 1848 Adolf. Mein Kind, wir stehen allein.
2364 1824 3457 1943 werden nicht mehr mit uns verkehren.
1231 1813 1657 1958 17. Auftritt.
2489 1894 3130 2004 Franziska. Ach so.
700 1923 2191 2074 Ferdinand. Franziska. Adolf. Betty. Das Kind.
2491 1923 3745 2052 Betty. Das hat Biber doch nicht gesagt.
2496 1991 4129 2129 Adolf. Meine liebe Betty, für mich war es deutlich
705 2030 1975 2147 Franziska (gleich auf das Kind zu). Franzerl!
2586 2087 4140 2195 Vor allem ist er allein gekommen. Es war ein
705 2107 2316 2226 Adolf. Meine liebe Franzi! Weißt Du, wer eben
2375 2112 2542 2219 genug.
2373 2147 4122 2267 Abschiedsbesuch für immer. Meine Aufforderung, uns auf
562 2182 977 2298 dagewesen ist.
2368 2235 3589 2338 dem Lande zu besuchen, hat er abgelehnt.
713 2208 2314 2338 Franziska (mit dem Kind beschäftigt). Professor Biber, wie
2502 2307 3451 2419 Franziska. Wie denn, Papa?
1058 2320 2245 2439 Was hast Du denn, Bubi? Warum ist
564 2309 838 2417 ich höre?
2498 2346 4138 2478 Adolf. Ausflüchte... sie werden im August in die
571 2386 966 2507 denn so still?
2379 2436 4129 2537 Schweiz reisen — als wenn bis dahin nicht noch Zeit genug
713 2450 1798 2570 Adolf (blickt scheinbar gerührt auf Franziska).
2390 2509 4138 2621 väre. Ja, meine Lieben, wir werden auf uns selbst ange-
705 2529 1407 2623 Betty. Er ist so müd'.
2382 2577 4146 2684 wiesen sein, (Faßt Ferdinand's Hand.) und müssen uns um so fester
709 2588 2243 2687 Franziska. Was habt Ihr denn mit ihm gemacht:
2388 2632 4140 2753 anemander schließen. Es ist ja ganz natürlich, daß gerade
700 2658 2307 2764 Betty. Papa wollte ihn durchaus dem Biber vorstellen
2397 2702 4138 2827 etzt, nach so unsäglich trauriger Zeit die Sehnsucht nach
674 2737 2318 2827 da mußt' ich ihn Nachmittags aus dem Schlaf aufwecken.
2388 2774 4140 2891 besseren Tagen uns alle um so heißer überkommt. Es liegt
716 2803 2219 2897 Franziska. Das allein kann's doch nicht sein.
2390 2849 4138 2961 vielleicht auch von unserer Seite, Betty, mehr Pietät darin,
573 2860 1526 2981 Schau' ihn doch nur an Mama.
2388 2913 4142 3029 an das Glück der Kinder zu denken, die uns Gott noch ge¬
709 2919 2303 3060 Betty. Es ist gewiß nichts — rege Dich doch nicht
2388 2976 4146 3091 lassen hat — als sich einer unfruchtbaren Trauer hinzugeben,
573 2996 928 3119 auf, Franzi.
2388 3060 3753 3178 die uns ja doch die Todten nicht wiederbringt.
709 3040 2221 3176 Adolf. Das Mädel ist in einer Weise übertrieben.
716 3145 2307 3231 Franziska. Herr Doctor! — (Ferdinand steht fern und hört
2524 3148 2987 3253 Betty. Adolf!
2529 3189 3161 3321 Franziska. Papa!
575 3227 2307 3319 nicht auf sie. — Sie wendet sich wieder zu dem Kind.) Da wird sich
2531 3257 4162 3380 Adolf. Ihr versteht mich ja. Ich fände es dem Ernst
1820 3290 2307 3404 — ja? wenn die
575 3290 1780 3409 der Franzl aber gleich wieder hinlegen
2399 3334 4149 3477 unserer gegenwärtigen Lage durchaus nicht widersprechend,
2878 3413 3663 3556 Als Manuscript gedruckt.
