3048 3640
2389 254 2635 445 907n
655 507 2195 686 Jedesmal von neuem erlebt man dasselbe.
647 619 2731 818 Man erwidert nichts. Man hat lite nihtwnder.
2379 735 2586 821 dnt
655 774 2571 966 Aus der Empfindung theraus, der andre behält das
655 922 1157 1098 letzte wort.
658 1004 2664 1212 Man fräut sich, dass man es nicht getan.. e t
865 1134 1794 1240 lube weile partentet
655 1173 2615 1357 Immer ist man erstaunt (über Leichtfertigkeit, Ver-
650 1289 1439 1489 stocktheit und Lüge.
2327 1372 2615 1486 uteest
658 1411 2615 1626 Inmar wieder schrankt man selbst. Nicht nur etwa,
655 1564 2560 1763 ob etwas misslungen, sondern ob man nicht irgend
650 1719 1618 1895 ein Verbrochen begangen.
655 1859 2558 2019 Man besinnt sich, man fühlt, dass man selbst im
655 1983 2420 2154 Fall des wisslingens kein Schuft gewesen ist.
1465 2092 1678 2172 werl
645 2102 2107 2294 Man geht der Sache in die Tiefe nach.
650 2257 1489 2431 Ein ich empfindlich.
650 2397 1566 2550 Ist der andre gehässtigt
650 2475 2659 2695 man fühlt sich genötigt, sowohl die scheinbare Ge-
645 2630 2488 2811 hässigkeit, als die schelnbare Empfindlichkeit,
650 2762 2726 2959 aus der Lieferder Gegensätze, aus dem Wesen von Kunsl
642 2925 1566 3088 und Kritik zu erklären.
