3400 3704
1736 291 2424 503 Über die Kritck
621 448 3033 730 In ruhigen Zeiten will Jeder nach seiner Weise leben,
583 650 3087 942 der Bürger sein Gewirb, sein Geschäft trehen und sich
586 842 2930 1105 nachher vergnügen: so mag auch der Schriftsteller
580 1031 3151 1259 gern etwas verfassen, seine Arbeiten bekannt machen
2383 1220 3283 1390 utr
144 1207 1825 1448 .
1646 1230 2271 1441 ich Lob dahür
2444 1307 3030 1444 enn, weil er
586 1355 3142 1681 glaubt, etwas Gutes und Nützliches gethan zu haben.
560 1566 3014 1829 In dieser Riche wird der Bürger durch den Sativi
567 1752 3020 2040 ker, der Autor durch den Aritiker gestört und
580 1922 3078 2239 so die fridliche Gesellschaft in eine unangenehme
576 2130 1476 2405 Bewegung gesetzt.
1701 2155 3062 2476 Gälte (Wahrheite dihl, E. buch.
772 2440 1063 2636 (Ginle.)
