3400 4392
1401 1381 2996 1537 collin noch reden wird zu einer Zeit, wo
1417 1466 2925 1655 nach Ihrem Herrn Luclus kein Hahn mehr
1419 1599 2998 1791 kräht. Aber schreiben Sie nur das Gegen-
1423 1729 2992 1920 tell: Schreiben Sie nur: collin war ein
2571 1856 2983 1987 Zucius ist
1441 2029 2918 2181 der neue Shakespeare. Aber ich möchte
1450 2129 3034 2321 dann nicht in Ihrer Haut stecken und hö-
1446 2234 2998 2457 ren, was man morgen über Ihre Besprech-
1459 2401 2976 2651 ung sagt. Nicht Jeder kennt sie so gut
1475 2559 2978 2713 wie ich, mein junger Freund, nicht Je-
1477 2675 2873 2862 der ist überzäugt.... Schreiben Sie
1479 2840 2493 2994 übrigens, was Sie wollen.
1381 2894 2931 3123 Der junge: Sie glauben, man könnte mir
1495 3087 2346 3228 Motive unterschiebene
1408 3125 3123 3364 Der alte: Glauben ist gutt Wenn man es den
1510 3301 3007 3490 Leuten so leicht macht, darf man sich
1530 3426 2974 3620 nicht wundern. Mein Lieber, wenn man
1535 3564 2900 3747 über mittlere Talente in einem Ton-
1553 3689 3032 3851 schreibt wie über dentes, wenn dieses
1541 3796 3110 4059 mittlere Talent überdies ein liebensnür-
