3400 4440
1409 1278 2825 1418 Ist etwas durchgefallen, so ist das
1257 1401 2900 1592 Verfahren einfach: es war schlecht, darum
1251 1521 2979 1731 fiel es durch-Kehre Dich nicht daran, dass
1268 1660 2941 1828 Du bei den letzten erfolgreichen Stück des
1278 1819 2898 1997 Autors seinen Arfolg durch die Minderwer-
1306 1982 2121 2098 tigkeit erklärt hast.
1450 2042 2915 2222 Ist ein unbestreitbarer Erfolg da, so
1373 2196 2336 2357 lebt es verschiedene Art:
1414 2375 1997 2499 Hinwegleugnen.
1459 2437 2921 2636 Zu behaupten, gute Freunde haben ihn
1313 2645 1658 2769 gemacht.
1467 2688 3029 2887 Gerade diesen Erfolg als Beweis für die
1319 2838 2842 3018 Minderwertigkeit des Werkes ausnützen.
1358 2958 2825 3160 (:Ordinärer Geschmack des Publikums.:)
1489 3093 2829 3278 Man verkleinere die Bedeutung des
1347 3282 1650 3436 Stücks.
1495 3316 3001 3531 Bei kleinern Stücken erleichtert sich
1362 3471 2999 3666 die Sachs von selbst: Hippes, Sächelchen,
1366 3621 2853 3801 dranatlsche Kurtatmigkeit des Autore.
1540 3726 2997 3938 Unkontrollierbare und selbst kontrol-
