3320 4424
842 1410 1278 1636 er wira aus
1391 1430 2885 1613 jeden Augenblick darüber hinaus wollen,
1331 1588 2818 1757 Begriff "Grenze“ nicht gewachsen ist.
997 1731 1354 1880 Es wird
1244 1723 2838 1892 d sich also empfehlen, den Begriff eines
873 1838 3136 2032 Ideal-Kritikers festzustellen und dann sich zu
898 2038 1053 2182 gen:
1019 2077 2897 2269 1.) ob das Wesen der Kritik die Feststellung XI
873 2263 2142 2432 von grenzen überhaupt gestattet,
1019 2336 2922 2556 2.( ob der Ideal-Kritiker verhalten werden kann,
890 2514 2455 2666 sich innerhalb dieser Grenze zu bewegen.
1019 2618 2843 2795 Der Ideal-Kritiker wäre derjenige, dem die Fä-
890 2762 2908 2950 higkeit eingeboren ist, ein Kunstwerk so vollkommen
904 2894 2736 3068 zu verstehen, dass er l.( dessen Schönheit oder
898 3037 2798 3189 Hässlichkeit als Ganzes, und 2.) seine einzelnen
906 3130 2947 3344 Schönheiten und Hässlichkeiten mit absoluter Schärfe
909 3291 2995 3465 zu sehen vermag, und der zugleich die Gabe hat, seine
898 3384 2990 3583 Eindrücke in eine vollkommen kläre Sprache zu fassen.
