3304 4440
878 3172 1125 3360 Gefollen
1926 1372 2131 1609 Morhe
2245 1479 2790 1616 t. Ganz stille
1099 1507 1975 1651 sichtlso und übel verm
1108 1591 2769 1779 halten sis, wern sie verleundet werden, ob
1106 1716 2846 1900 nun aus Rassenhass, Partei-Politik oder aus
1122 1835 2732 2000 purer Lust an der Sache. Sie mucken nicht
1153 1972 2846 2124 auf, wenn bei jedem neuen Werk, mit dem sie
1153 2082 2801 2252 vor die Menge treten, dup mirpt alle vor-
1120 2222 2769 2368 hergehenden als nicht vorhanden betrachtet
1127 2315 2804 2503 werder,. Bie lassen sich Reminiszenzen nach,
1125 2457 2708 2627 weisen an Autoren, die sie nicht kennen.
1132 2576 2764 2753 Sie lassen sich Spekulanten heissen, wenn
1136 2692 2771 2876 ihnen ein Aktschluss gelingt, lassen sich
1141 2788 2895 2981 das einsmal abtun, weil sie erbärmlich geniug
1155 2939 2932 3109 sind dem Publikum zu gefallen, und das päcste
1148 3020 3020 3235 mal wieder, weil nicht einmal das Publikumkein
1164 3190 2927 3344 . Sie lächeln, wenn sie erfahren,
1153 3284 2769 3472 dass innen, wern sie etwa Juden sind, die
1169 3423 2825 3586 seels eines christlichen Greisslers zu er-
1493 3540 1837 3635 porcit
1211 3526 2764 3749 gründen und gebrandmarkt schleichen sie
1178 3631 2927 3845 durch die Menge, wern sieh mit eiremmat durch
1178 3782 2871 3968 verräterische Mitteilungen über den Verkehr
