<?xml version="1.0" encoding="UTF-8" standalone="yes"?>
<PcGts xmlns="http://schema.primaresearch.org/PAGE/gts/pagecontent/2013-07-15" xmlns:xsi="http://www.w3.org/2001/XMLSchema-instance" xsi:schemaLocation="http://schema.primaresearch.org/PAGE/gts/pagecontent/2013-07-15 http://schema.primaresearch.org/PAGE/gts/pagecontent/2013-07-15/pagecontent.xsd">
    <Metadata>
        <Creator>prov=READ-COOP:name=PyLaia@TranskribusPlatform:version=2.7.0:model_id=50870:lm=none:date=22_01_2024_21:05</Creator>
        <Created>2023-09-27T14:41:08.932+02:00</Created>
        <LastChange>2024-01-22T21:05:40.825+01:00</LastChange>
        <TranskribusMetadata docId="1589066" pageId="60126488" pageNr="75" tsid="145641878" status="IN_PROGRESS" userId="40391" imgUrl="https://files.transkribus.eu/Get?id=OEXJRIPYRVLXMSSJKEDCKVOO&amp;fileType=view" xmlUrl="https://files.transkribus.eu/Get?id=TZSSJYHJKZJMNLZUUXUBIJJA" imageId="48551565"/>
    </Metadata>
    <Page imageFilename="1589066_0075.jpg" imageWidth="3080" imageHeight="3704">
        <ReadingOrder>
            <OrderedGroup id="ro_1711788152997" caption="Regions reading order">
                <RegionRefIndexed index="0" regionRef="tr_1"/>
            </OrderedGroup>
        </ReadingOrder>
        <TextRegion orientation="0.0" id="tr_1" custom="readingOrder {index:0;}">
            <Coords points="1104,716 1104,3113 2868,3113 2868,716"/>
            <TextLine id="tr_1_tl_1" custom="readingOrder {index:0;}">
                <Coords points="1223,843 1399,881 1636,817 2316,826 2368,791 2494,834 2673,798 2678,687 2293,734 2134,676 1966,712 1700,684 1533,764 1226,768"/>
                <Baseline points="1238,817 1310,815 1382,817 1454,815 1526,813 1598,811 1670,807 1742,805 1814,803 1886,804 1959,799 2031,797 2103,793 2175,791 2247,790 2319,787 2391,785 2463,784 2535,782 2607,779 2680,773"/>
                <TextEquiv>
                    <Unicode>Ee glebt auch eine objektire anomme</Unicode>
                </TextEquiv>
            </TextLine>
            <TextLine id="tr_1_tl_2" custom="readingOrder {index:1;}">
                <Coords points="1091,988 1155,1027 1570,1029 1764,939 2552,950 2665,909 2667,821 2203,800 1625,911 1519,868 1347,907 1095,888"/>
                <Baseline points="1104,946 1182,950 1260,950 1338,951 1416,946 1495,944 1573,940 1651,937 1729,934 1807,931 1886,928 1964,927 2042,925 2120,922 2198,919 2277,915 2355,913 2433,911 2511,910 2589,906 2668,907"/>
                <TextEquiv>
                    <Unicode>Eritik; nicht mar eine solche, die sich</Unicode>
                </TextEquiv>
            </TextLine>
            <TextLine id="tr_1_tl_3" custom="readingOrder {index:2;}">
                <Coords points="1093,1131 1399,1142 1461,1095 1662,1080 1968,1112 2413,1046 2738,1082 2757,965 2293,988 2087,943 1876,1018 1095,1039"/>
                <Baseline points="1107,1080 1189,1080 1272,1078 1354,1075 1437,1074 1520,1071 1602,1068 1685,1062 1768,1059 1850,1057 1933,1053 2016,1053 2098,1049 2181,1047 2264,1044 2346,1042 2429,1035 2512,1034 2594,1031 2677,1025 2760,1014"/>
                <TextEquiv>
                    <Unicode>nicht nennt, sondern eine solche, die die-</Unicode>
                </TextEquiv>
            </TextLine>
            <TextLine id="tr_1_tl_4" custom="readingOrder {index:3;}">
                <Coords points="1095,1240 1328,1266 1397,1213 2177,1217 2404,1176 2669,1223 2673,1106 2573,1091 2203,1144 1963,1119 1897,1163 1807,1123 1099,1149"/>
                <Baseline points="1107,1217 1185,1215 1264,1213 1342,1210 1421,1208 1499,1205 1578,1201 1656,1198 1735,1196 1813,1193 1892,1190 1970,1186 2049,1184 2127,1179 2206,1174 2284,1172 2363,1169 2441,1167 2520,1166 2598,1163 2677,1158"/>
                <TextEquiv>
                    <Unicode>jenigen nicht nennt, die sie beschiupft.</Unicode>
                </TextEquiv>
            </TextLine>
            <TextLine id="tr_1_tl_5" custom="readingOrder {index:4;}">
                <Coords points="1101,1341 2049,1324 2205,1362 2479,1324 2693,1360 2697,1238 2661,1223 2117,1251 1737,1208 1587,1288 1104,1273"/>
                <Baseline points="1113,1331 1192,1335 1271,1334 1351,1328 1430,1328 1510,1327 1589,1322 1668,1319 1748,1317 1827,1313 1907,1310 1986,1310 2065,1310 2145,1304 2224,1304 2304,1301 2383,1298 2462,1295 2542,1291 2621,1289 2701,1289"/>
                <TextEquiv>
                    <Unicode>Sie spricht so von ihnen, dass Jeder mit</Unicode>
                </TextEquiv>
            </TextLine>
            <TextLine id="tr_1_tl_6" custom="readingOrder {index:5;}">
                <Coords points="1095,1489 1854,1489 1910,1452 2211,1469 2511,1422 2699,1467 2735,1358 2177,1390 1931,1337 1651,1356 1568,1420 1097,1416"/>
                <Baseline points="1107,1468 1188,1468 1270,1468 1351,1465 1433,1462 1515,1459 1596,1455 1678,1452 1759,1447 1841,1447 1923,1445 2004,1441 2086,1438 2167,1435 2249,1435 2331,1427 2412,1426 2494,1423 2575,1420 2657,1420 2739,1417"/>
                <TextEquiv>
                    <Unicode>Eingern auf sie weisen könnte, aber nennt</Unicode>
                </TextEquiv>
            </TextLine>
            <TextLine id="tr_1_tl_7" custom="readingOrder {index:6;}">
                <Coords points="1114,1621 1433,1640 2186,1570 2286,1617 2423,1568 2793,1604 2815,1491 2579,1474 2303,1521 2209,1480 1786,1546 1632,1486 1480,1540 1116,1553"/>
                <Baseline points="1125,1602 1209,1601 1294,1596 1378,1593 1463,1590 1548,1587 1632,1585 1717,1581 1801,1578 1886,1577 1971,1575 2055,1569 2140,1566 2224,1563 2309,1559 2394,1558 2478,1555 2563,1551 2647,1549 2732,1549 2817,1543"/>
                <TextEquiv>
                    <Unicode>ihre Namen nicht. Wollten sich diese wehren</Unicode>
                </TextEquiv>
            </TextLine>
            <TextLine id="tr_1_tl_8" custom="readingOrder {index:7;}">
                <Coords points="1119,1758 1211,1788 1439,1735 1769,1726 1897,1767 2057,1707 2162,1739 2284,1700 2427,1739 2524,1696 2701,1713 2703,1598 1121,1670"/>
                <Baseline points="1131,1731 1209,1726 1288,1724 1367,1722 1446,1719 1525,1715 1603,1713 1682,1713 1761,1710 1840,1708 1919,1703 1997,1701 2076,1698 2155,1696 2234,1694 2313,1691 2391,1689 2470,1687 2549,1685 2628,1684 2707,1683"/>
                <TextEquiv>
                    <Unicode>so kann der Kritiker hähnisch rufen: Bi,</Unicode>
                </TextEquiv>
            </TextLine>
            <TextLine id="tr_1_tl_9" custom="readingOrder {index:8;}">
                <Coords points="1123,1914 1251,1869 1352,1903 2624,1837 2757,1820 2759,1737 2145,1799 1570,1777 1125,1818"/>
                <Baseline points="1134,1868 1215,1867 1296,1865 1378,1862 1459,1859 1541,1854 1622,1853 1704,1849 1785,1847 1867,1844 1948,1839 2029,1836 2111,1834 2192,1829 2274,1826 2355,1821 2437,1820 2518,1817 2600,1813 2681,1808 2763,1802"/>
                <TextEquiv>
                    <Unicode>Ihr fühlt Ruch getroffen, so werdet Ihrs</Unicode>
                </TextEquiv>
            </TextLine>
            <TextLine id="tr_1_tl_10" custom="readingOrder {index:9;}">
                <Coords points="1131,2030 2214,1966 2812,1987 2802,1856 2545,1899 2207,1865 1640,1944 1136,1908"/>
                <Baseline points="1143,1999 1226,2001 1310,1996 1394,1993 1478,1990 1562,1987 1646,1982 1729,1975 1813,1973 1897,1971 1981,1966 2065,1963 2149,1960 2233,1957 2316,1952 2400,1952 2484,1950 2568,1946 2652,1942 2736,1940 2820,1937"/>
                <TextEquiv>
                    <Unicode>wol sein! Aber nicht ich habe Buch genannt,</Unicode>
                </TextEquiv>
            </TextLine>
            <TextLine id="tr_1_tl_11" custom="readingOrder {index:10;}">
                <Coords points="1131,2158 1529,2124 1826,2154 2239,2100 2457,2130 2532,2085 2849,2120 2847,1983 2246,2043 2017,1995 1544,2079 1136,2090"/>
                <Baseline points="1146,2134 1231,2131 1317,2128 1402,2122 1488,2119 1573,2115 1659,2112 1744,2107 1830,2107 1915,2101 2001,2098 2086,2095 2172,2092 2257,2087 2343,2081 2428,2077 2514,2073 2599,2071 2685,2068 2770,2065 2856,2053"/>
                <TextEquiv>
                    <Unicode>sondern Ir Buch selbst. Ich habe vielleich</Unicode>
                </TextEquiv>
            </TextLine>
            <TextLine id="tr_1_tl_12" custom="readingOrder {index:11;}">
                <Coords points="1138,2316 1371,2265 1617,2301 1717,2261 2105,2252 2139,2179 1867,2145 1142,2218"/>
                <Baseline points="1152,2272 1201,2268 1250,2265 1300,2264 1349,2261 1399,2256 1448,2251 1497,2250 1547,2248 1596,2244 1646,2241 1695,2241 1744,2238 1794,2236 1843,2231 1893,2229 1942,2229 1991,2227 2041,2226 2090,2226 2140,2220"/>
                <TextEquiv>
                    <Unicode>garnicht an Ruch gedacht.</Unicode>
                </TextEquiv>
            </TextLine>
            <TextLine id="tr_1_tl_13" custom="readingOrder {index:12;}">
                <Coords points="1493,2402 2034,2363 2173,2395 2460,2336 2810,2372 2817,2231 2498,2284 2391,2254 2342,2295 1497,2295"/>
                <Baseline points="1507,2366 1572,2369 1638,2369 1703,2366 1769,2364 1834,2360 1900,2357 1965,2354 2031,2353 2096,2346 2162,2345 2227,2343 2293,2341 2358,2338 2424,2334 2489,2334 2555,2331 2620,2327 2686,2325 2751,2323 2817,2319"/>
                <TextEquiv>
                    <Unicode>Vorteile dieser objektiv anonvmen</Unicode>
                </TextEquiv>
            </TextLine>
            <TextLine id="tr_1_tl_14" custom="readingOrder {index:13;}">
                <Coords points="1144,2543 2566,2470 2738,2509 2744,2393 1634,2432 1557,2468 1367,2408 1268,2451 1149,2436"/>
                <Baseline points="1155,2519 1234,2516 1314,2516 1393,2511 1473,2507 1553,2503 1632,2501 1712,2495 1792,2488 1871,2486 1951,2483 2031,2483 2110,2478 2190,2472 2270,2470 2349,2465 2429,2462 2509,2460 2588,2455 2668,2452 2748,2447"/>
                <TextEquiv>
                    <Unicode>Kritik: Erstens: in abstragte läast sich</Unicode>
                </TextEquiv>
            </TextLine>
            <TextLine id="tr_1_tl_15" custom="readingOrder {index:14;}">
                <Coords points="1151,2701 1273,2652 1476,2678 1566,2637 1948,2622 2068,2654 2220,2603 2286,2650 2806,2588 2808,2522 2714,2496 2154,2560 1923,2537 1317,2594 1157,2564"/>
                <Baseline points="1164,2638 1246,2644 1329,2639 1411,2633 1494,2632 1576,2628 1659,2623 1741,2617 1824,2617 1906,2615 1989,2608 2071,2604 2154,2602 2236,2599 2319,2593 2401,2590 2484,2588 2566,2586 2649,2581 2731,2581 2814,2566"/>
                <TextEquiv>
                    <Unicode>allerhand erweisen, was sich in einem kon-</Unicode>
                </TextEquiv>
            </TextLine>
            <TextLine id="tr_1_tl_16" custom="readingOrder {index:15;}">
                <Coords points="1161,2793 2436,2725 2534,2755 2830,2708 2832,2646 2588,2633 2496,2691 2137,2633 1856,2691 1743,2663 1166,2712"/>
                <Baseline points="1175,2766 1258,2766 1341,2762 1424,2759 1507,2754 1590,2750 1673,2745 1756,2742 1839,2740 1922,2739 2005,2735 2088,2732 2171,2730 2254,2728 2337,2722 2420,2721 2503,2717 2586,2715 2669,2710 2752,2707 2835,2698"/>
                <TextEquiv>
                    <Unicode>kreten Falle nicht so leicht oder garnicht</Unicode>
                </TextEquiv>
            </TextLine>
            <TextLine id="tr_1_tl_17" custom="readingOrder {index:16;}">
                <Coords points="1155,2900 1264,2928 1337,2896 1882,2881 1871,2802 1705,2827 1632,2804 1493,2847 1397,2823 1159,2836"/>
                <Baseline points="1169,2889 1204,2894 1240,2893 1276,2891 1312,2889 1348,2889 1384,2887 1419,2884 1455,2882 1491,2879 1527,2877 1563,2877 1599,2875 1635,2874 1670,2874 1706,2874 1742,2872 1778,2869 1814,2868 1850,2868 1886,2868"/>
                <TextEquiv>
                    <Unicode>durchführen liesse</Unicode>
                </TextEquiv>
            </TextLine>
            <TextLine id="tr_1_tl_18" custom="readingOrder {index:17;}">
                <Coords points="1315,2981 2772,2922 2800,2827 1317,2896"/>
                <Baseline points="1328,2948 1401,2951 1475,2948 1549,2945 1622,2940 1696,2935 1770,2933 1843,2930 1917,2926 1991,2924 2065,2923 2138,2921 2212,2916 2286,2915 2359,2910 2433,2910 2507,2907 2580,2904 2654,2905 2728,2900 2802,2895"/>
                <TextEquiv>
                    <Unicode>zweitens: ein ordnungsgemässer Beweis</Unicode>
                </TextEquiv>
            </TextLine>
            <TextLine id="tr_1_tl_19" custom="readingOrder {index:18;}">
                <Coords points="1181,3103 1803,3071 2000,3108 2137,3056 2344,3090 2455,3058 2699,3116 2860,3078 2862,2969 2800,2958 2393,3007 2154,2975 1794,2981 1621,3031 1538,2994 1442,3035 1183,3020"/>
                <Baseline points="1193,3083 1276,3085 1360,3081 1444,3080 1528,3077 1611,3074 1695,3069 1779,3065 1863,3064 1946,3064 2030,3061 2114,3056 2198,3056 2281,3053 2365,3048 2449,3044 2533,3041 2616,3038 2700,3034 2784,3029 2868,3020"/>
                <TextEquiv>
                    <Unicode>ist nicht einmal notwendig, da sich Niemand</Unicode>
                </TextEquiv>
            </TextLine>
            <TextEquiv>
                <Unicode></Unicode>
            </TextEquiv>
        </TextRegion>
    </Page>
</PcGts>
