3304 4456
2709 1021 2855 1198 21
469 1203 2413 1436 an ihm nehmen, und ihre Freude
484 1366 2435 1623 an seinem Alltäglichen ist die Sih¬
493 1511 2449 1745 ne die er ihnen für sein Unsterb¬
520 1662 2401 1898 liches schuldig ist. Auch der Pöbel
544 1835 2469 2068 will seinen Theil an dem Großen
377 1942 537 2119 ren
2168 2048 2863 2155 il
561 2155 2413 2381 das Kleine an ihnen sein. Am
598 2323 2415 2571 nachstliegenden ist dieser Vor¬
605 2488 2364 2763 gang der Kritik gegenüber
610 2639 2464 2850 dem Vertreter der Schauspiel
627 2816 2491 3057 kunst, welche ja durch die Eigen¬
637 2984 2493 3195 art der Kunst perso im regsten
685 3152 2440 3370 persönlichen Contact mit dem
651 3293 2447 3536 Pöbel des Parquetts und der
644 3455 2578 3718 Gallerien stehen und hiersieht
