3368 4408
539 3755 904 3948 em Menme
1350 1482 2812 1622 Sie haben sich um das zu kümmern, was
1337 1636 2797 1753 Sie heute sahen, und um den Eindruck,
1344 1764 2906 1887 den es auf Sie und das Publikum gemacht
1354 1942 1541 2046 hat.
1240 2008 2844 2182 Der junge: Auf das Publikum hat's einen
1361 2120 2787 2284 ausserordentlichen Kindruck gemacht.
1367 2250 2974 2403 Es war & in Bombenerfolg. Nach jedem Stück
1371 2392 2519 2545 wurde Lucius hervorgejubelt.
1259 2505 2910 2674 Der alte: Sol... Na, das stimmt ja zu der
1388 2651 2969 2808 ganzen Sache, das stimmt mir zu dem Bild,
1382 2802 2957 2961 das ich mir von Herrn Lucius gemacht ha-
1282 3101 2167 3211 Der junge: Inwiefern?
1282 3199 2978 3332 Der alte: Er trifftt den Geschmack der Vie-
1401 3296 2972 3453 len, der Vielzuvielen - Premidrenpäbels.
1293 3441 2882 3610 Der junge: Aber das ist doch keineswegs
1416 3615 1798 3708 der Fall.
1310 3700 3016 3833 Der alte: Sie sagen doch eben, dass es ein
1951 3795 2260 3908 e
1350 3823 1641 3910 e  a
1422 3812 1953 4007 Jubel war...3
1307 3935 1929 4094 Der junge: Ja.
