3288 4456
606 1232 2472 1481 sönlichkeit des Künstless aus¬
610 1406 2364 1634 geht, viel wichtiger zu sein
629 1521 2387 1819 pflegt, als die Merke. Aber
629 1681 2451 1944 auch für die moderne Keitik
620 1855 2465 2073 wird es zuweilen kaun mög-
650 1927 2540 2251 lich sein von der Person des Küns¬
657 2117 2514 2340 lers vollkommen abzusehen.
662 2268 2376 2531 Ist doch das wahre Kunstwerk
688 2413 2486 2678 meist so sehr in die Indiutia-
667 2568 2455 2803 lität des Künstlers getaucht,
690 2728 2526 2986 daß auch der Kritiker sich kanm
674 2887 2455 3174 dem Einfluß der Atmosphäre
688 3047 2528 3340 entziehen kann, die der Schöpfen
688 3202 2517 3465 bewußt oder unbewußt sei¬
718 3359 2514 3613 nem Werko mitgetheilt hat.
