3416 4408
2769 1228 2893 1354 14
1272 1404 2960 1562 Der alte: Nun, haben Sie nicht selbst neu-
1383 1550 2937 1701 lich anlässlich der Posse von Horst und
1379 1667 2908 1821 stein gefunden, dass sie dem Geschmack
1396 1819 2929 1972 des Premiörenpöbels entspracht Und heu-
1398 1936 2857 2115 te, weil es sich um Herrn Lucius han-
1402 2073 2906 2241 delt, Itökt stellt der Pöbel die Erle-
1404 2206 2885 2378 gensten der Nation vor? Neulich waren
1411 2311 2992 2512 es Trotteln, Cretins - heute sind es t
1392 2420 2996 2622 Philosophenz Neul ich hätten die Leute Un-
1430 2590 2628 2769 recht - heute haben sie Rechtz
1308 2721 2946 2901 Der junge: Zuweilen trifft der Geschmack
1438 2834 2702 3025 des Publikums auch das Richtige.
1316 2956 2952 3129 Der alte: Zweifellös. Nur möchte ich mir
1442 3105 2935 3253 zu bemerken erlauben, dass die Stunde
1455 3227 3023 3389 nach der Première etwas zu früh ist, um
1455 3370 2935 3511 danach zu urteilen und dass Sie wahr-
1463 3488 3065 3675 scheinlich nicht der Mann sind; es schon
1463 3625 2319 3747 heute zu entscheiden.
1356 3742 2946 3888 Der junge: Von diesem standpunkt bliebe
1463 3864 3030 4020 mir nichts Anderes übrig, als die Feder
