3096 3688
949 554 1733 694 Irrtümer der Kritik.
792 758 2631 914 Sie haben einen Gegensatz aufgestellt zwischen
631 877 2613 1052 der grossen und der sogenannten Kleinkunst. Lieder
639 1026 2735 1158 von Heine und der "Zerbrochene Krug“ sind Kleinkunst,
633 1140 2759 1306 das "Weisse Rössel" und der Herr von Abadessa grose
631 1306 888 1447 Kunst.
768 1540 2740 1730 Dann reden sie von kraft und Weitanschauung, wenn
636 1693 2692 1879 es sich um die sogenannte söziale Frage handelt, und
639 1836 2690 2003 reden von Schwächlichkeit und Beschränkung, wenn die
636 1969 2674 2136 ewigen Fragen des Todes und der Liebe gehandelt wer-
644 2096 2658 2263 den. Konklusion: Der "Letzte Knopf“ ist ein starkes
1847 2245 2748 2382 "Romeo und Julie“ sind
639 2237 1807 2404 Stück, die "Jüdin von Toledo“,
641 2382 1444 2539 schwächliche Stücke.
