3304 4456
506 1233 2569 1461 Werk kannte und darüber plau¬
509 1422 2467 1629 derte, freundlich und Prenge-
521 1539 2482 1790 doch nahm hiur auch das herbste
539 1703 2640 1904 Urtheil den Ton intimen Verstand¬
545 1835 2629 2075 nisses an, und so hat hier den Künck
2518 1928 2916 2078 .
563 1976 2626 2206 ler und sein Werk noch der letzte
596 2129 2712 2350 Zauber der Heimat umgeben. Nun
560 2257 2721 2491 aber verschwand auch dieser und seine
1215 2401 1548 2521 fähgliche
557 2371 2889 2646 neue gethörlige Welt ist es in sat
566 2542 2970 2781 welcher der Künstler sein Werk entlassen
542 2694 2554 2937 ließ: es ist die Welt der völlig
949 2838 1165 2955 und
518 2841 2587 3066 andern und diese andern alle
521 2976 2673 3233 haben ein unrfaßliches tgranisches
548 3140 2569 3383 Recht über das Werk gewonnen
518 3293 2506 3545 Nicht allein höheren hören, sehen
536 3440 2479 3700 genießen. Dürfen sie es; nicht
572 3566 2518 3787 allein darüber weinen, lächeln
