3400 4408
1381 1390 2888 1517 und der sich nicht wenig wundern wird,
1392 1498 2990 1653 dass er gerade diesmal, wo er von seinen
1386 1629 2867 1795 lächerlichen Versuchen auf dem Gebiet
1398 1756 3004 1937 des höheren Dramas zu den feullletonisti
1377 1943 1504 1998 4
1409 1926 2939 2038 schen Pläudeiegfahrt,— dass er ge-
1413 2023 2949 2184 rade jetzt als grosser Dichter ausgeru-
1413 2201 1763 2341 Fenaund!
1297 2263 2865 2460 Der junge: Aber... meiner Ansicht nach
1430 2424 2975 2568 sind diese Versuche durchaus nicht mis-
1432 2534 2945 2716 glückt, und ich glaube verpflichtet zu
1437 2642 2977 2837 se in, das bei dieser Gelegenheit zu er-
1443 2865 1752 3007 wännen.
1328 2943 3028 3121 Der alte: Was - Sie sind verpflichtet) Ha-
1460 3062 2928 3252 ben Sie die Absicht, heute Abend eine
1462 3170 2977 3382 Littsraturgeschichte zu schreiben,oder
1470 3307 3091 3494 eins Theaterkritikt Was Interessierg dem
1487 3445 3013 3627 Ihre Leser, die morgen sich bei den Al-
1479 3551 2981 3750 bernheiten Ihres geliebten Lucius amü-
1492 3693 2922 3877 sieren wollen, seine anderen Stücket
1496 3850 3000 4047 sie sind Theakerkritiker, mein Lleber,
