3320 4440
731 1209 2652 1417 Olokanson hier als neue Kritik
702 1376 2606 1574 proklamirt, nichts anderes ist, als
712 1514 2544 1696 das Urteil eines außerordent
719 1648 2620 1870 lich sein empfindenden Künstlers
743 1813 2501 1997 über ain Kunstwerk durchaus
690 1959 2585 2150 aber kein kritisches Urtheil im
738 2100 2637 2312 höchsten Sinne. Denn der höchsten
724 2255 2554 2496 Senfibilität ist etwas zu eigen.
748 2370 2458 2666 was sie vor Allen zur Kritik
709 2558 2566 2766 in jenem höchsten Sinne untang
709 2699 2599 2919 lich macht: Die Ungerechtigkeit.
853 2843 2556 3041 ist das AmusantaAtarakte¬
731 2991 2551 3187 ristische, wohl auch das Liebens¬
729 3115 2441 3337 würdige der Sonfibilität.
755 3280 2520 3454 Nun wird es uns immer lieb
724 3457 2625 3640 sein zu erfahren, was ein Künst¬
709 3595 2503 3803 ler über den andere denkt
