3320 4456
515 1203 2486 1412 steckt, sondern schon dem Künstler
572 1350 2527 1566 betrifft. Darf es zu errathen suchen
567 1528 2566 1729 was für Schaffer hinter dem Ge¬
670 1687 2535 1894 chafsenen steht und wenn er
386 1814 618 2004 eene
577 1829 2646 2040 es zufällin werst, dahe es
585 2002 2605 2221 verrathen. Diejenige Kaitik, die
618 2154 2602 2388 dies alles nicht nur darf, sondern
631 2280 2625 2532 sogar muß, ist ein Theil der Kul¬
621 2445 2625 2695 turgeschichti, ist historische Kritik.
611 2638 2620 2852 Sie ist in ihren letzten Conseqnen¬
672 2759 2553 3030 zen die Phylosophie der Kunst.
660 2921 2684 3166 der Geschichte ist es natürlich un-
675 3084 2594 3334 möglich von der Persönlichkeit
711 3238 2623 3491 des Künstlers abzusehen, umso¬
706 3419 2620 3645 mehr als für die Geschichte gera¬
724 3550 2692 3805 de der Einfluß der von der Per¬
