3320 4456
611 1255 2475 1449 Jenes Individuelle also, das im
591 1400 2528 1642 Werke steckt gehört auch der Köi¬
626 1563 2503 1757 tik: das rein Persönliche aber¬
637 1729 2516 1925 das Alltägliche, alles was nicht
677 1879 2521 2126 mehr der Künstler ist geht dem
654 2040 2628 2269 Kritiker nichts an und hir ist
667 2203 2567 2434 es, wo die Grenzen so oft über¬
675 2365 2556 2595 schritten werden. Die Gelegen¬
662 2521 2498 2750 heiten sind zu verlockend. Es
659 2714 2635 2938 gibt nichts, das wohlseiler, nichts
659 2837 2656 3061 als das Interesses des Publikimns
654 3007 2694 3224 und seines Beihalles sicherer wäre¬
588 3180 2600 3412 als persönliche Kritik. Der glatte¬
616 3353 2628 3560 str Journalist bekommt Witz und
649 3509 2562 3748 Schwung bei nahe, wenn er persönlich
