2920 3496
2170 539 2376 638 Worte.
1002 575 2472 755 der niemals mit Entsetzen auf Letteen
552 737 2553 833 tarrte, deren Sinn seinem eigenen Geist entsprungen,
487 872 630 955 und
580 835 2522 1028 la die ihm plötzlich in regungslosen schwarzen Let-
513 973 1351 1119 tern entgegengrinsten,
643 1101 2454 1265 für den, der nie angetvoll den Tönen lauschte,
492 1231 2428 1382 die unwiederbringlich, uneinholbar seinem eigenen
487 1351 2142 1494 Mund entflossen und in die Menge strömten,
625 1483 2457 1614 für den, der niemals mit Bestürzung gestalten,
481 1621 2537 1764 die er selbst erfunden, in unbegreiflicher Wesenheit
474 1746 2566 1905 zwischen gemalten Bäumen und papierenen Wänden herum
481 1866 1772 2048 spazieren sah und sprechen hörte,
627 1996 2532 2157 für den sind die hier fölgenden Zeilen nicht ge-
479 2139 887 2269 schrieben.
619 2228 2532 2423 Auch nicht für diejenigen, die alles dies erlebt
474 2397 1975 2561 haben, aber ohne Betonung des Grauens.
