3352 4440
871 1331 2906 1564 der seine Kritiken fühlen, aber nicht herausbringen
884 1588 1109 1678 kann.
2106 1588 2297 1707 kunt
1029 1604 2898 1805 Künstlernatur ist nicht mit Dilettanten zu ver-
884 1749 2884 1969 wechsein, wie Kritikernatur nicht mit kritindiflet-
897 1934 1215 2083 tanten
1051 2043 2940 2181 Der kritische Dilettant schwerer zu erkennen als
894 2204 1979 2331 der dilettierende Künstler.
1037 2284 2797 2437 Der dilettierende Künstler im danzen weniger
908 2419 2924 2583 schädlich. Der kritische Dilettant von unheilvollem
886 2556 2869 2757 Einfluse, indem er die Stimmungen des grossen Pub-
910 2683 2929 2842 likums (:diejenigen, welche weder etwas können noch
908 2787 2948 2985 etwas verstehen:) verwirrt, falsch leitet und Falen-
913 2929 3041 3099 te, wenn auch nicht zugrunde richtet, wenigstens durch
905 3054 2612 3234 Beeinflussung der Laune hommt und schädigt.
1066 3128 2935 3350 Diese Kritiker aus den Kreis dieser Betrachtung
916 3310 2861 3504 auszuschliessen. Dieser sorte Menschen könnte man
921 3451 2961 3641 den Begriffrarenze der Kritik“ so wenig klar machen,
924 3596 2964 3763 als man einem Idioten, den man innerhalb eines Krei-
921 3715 2959 3893 ses stellt, beibringen kann, dass er sich nur inner-
931 3864 2908 4028 halb dieser Linie bewegen müsse. Er wird nicht nur
918 3988 3014 4213 Plandos innerhalt der Kreislinie hin- und hertorkeln,
