3320 4456
534 1233 2557 1443 wird; denn er hört ja das Murmeln
566 1361 2604 1595 des Beifalls schon während er schreibt:
577 1520 2602 1757 Er weiß: jetzt spricht er zu Alle, zum
625 1698 2575 1913 Volke, jetzt wird er verstanden.
640 1855 2559 2054 denn alle die vielen Tausen-
579 2009 2711 2214 de, denen das Kunfteskchs
635 2187 2525 2397 sagt, beginnen aufmerksam zu
627 2323 2607 2519 werden, wenn man ihnen den
632 2482 2626 2703 Künstler zeigt„so weit er keiner
667 2655 930 2828 ist
970 2652 2583 2865 sie sehnen sich ja nach dem
654 2777 2567 3024 Versanndtten in ihm, nachdem
662 2974 2599 3178 was er mit ihnen allen theilt.
635 3117 2509 3322 sie wollen wissen, was an ihm
632 3271 2498 3511 menschlich und gemein ist. Es
632 3426 2618 3670 ist die unbewußte Rache die sie
2777 1013 2923 1183 20
