2936 3512
785 570 1540 698 Grenzen der Kritik.
615 743 2398 934 Eine Geschichte der Grenzüberschreitungen der
2474 858 2686 1012 e. eoeaan
554 928 2437 1072 itik wäre ein Stück Kulturgeschichtt, Uetleicht
471 1062 2416 1187 auch eine Philosophie oder eine Kritik der Kritik.
622 1203 2440 1334 Kritik üben, ist der Versuch, mit Hilfe seiner
1755 1287 1938 1368 über
465 1315 2565 1470 eigenen Individual ität und Erfahrung die Aeusserungen
479 1446 2542 1608 und Leistungen anderer Menschen ein Urteil auszuspre-
476 1619 703 1723 chen.
615 1621 2440 1841 Wohor ormächst das Recht zu diesem Urtelle Aus
481 1812 2105 1966 der Fähigkeit des betreffenden kritikere.
635 1961 2445 2176 kann es ein solches Recht, kann es eine solche
465 2105 1132 2241 Fähigkeit geben?
633 2223 2408 2395 Was wissen wir denn überhaupt von den Anderne
635 2372 2453 2489 Dieser Gedanke ist a priori auszuschalten. Man
479 2521 2526 2673 hat sich darüber geeifnigt, dass die Menschen einan
481 2644 1917 2751 der im Grossen und Ganzen verstehen.
633 2754 2411 2916 Wie es Künstler giebt, denen zum Schaffen des
486 2837 2453 2994 Kunstwerke nichts weiter fehlt, als das Finden des
497 2973 2448 3162 richtigen Ausdrucke, so giebt es manchen kritiker,
