3096 3736
490 639 628 782 X
2363 348 2661 576 190418
890 662 2659 917 priofe sinss alten Kritikers an sinen jurgen.
892 822 2476 1001 Ich lese Deine Kritiken ier das schwache
894 946 1994 1111 Werk eines bekannten Autors.
940 1089 1348 1236 gefremden.
1936 1159 2128 1285 ehen.
935 1181 1859 1360 So wird das nicht weitg
901 1303 2640 1493 Du bist kein Genie, hast nicht das Recht der
915 1470 1441 1615 Sachlichkeit.
949 1561 2528 1748 Musst Deine Stellung auf andre Weise be-
926 1730 1301 1870 festigen.
931 1780 2681 1976 Du löhst und tadelst in ruhigen Wortmr. Ich
940 1924 2485 2107 vermisse die veiun Töne der Verzweif-
937 2019 2758 2234 lung, der Ertrüstung, des Hohns, des Schmerzes
2035 2121 2638 2214 eei Aulere e¬
969 2166 2640 2345 Du hast einen Ton, als wäreser auf Deinem
937 2254 2690 2476 Wivsau. Vergiss nicht, Du hist Vorgesetzter.
