3320 4440
682 1223 2598 1442 wir von ihm zufordern. So mag
655 1371 2628 1561 den einem die völlig letzte Klar¬
687 1519 2601 1734 heit der Auffassung, dem andern
667 1662 2554 1880 die Gabe der Mittheilung, dem
684 1801 2579 1976 Dritten die höchste Unabhängig¬
1037 1929 1875 2025 d
2532 1919 3006 2045 Ehe e. Aon. e. 11 d.18.
711 1954 2645 2198 keit mangeln. ein Vierter end¬
714 2095 2648 2329 lich wird vielleicht all diese Eigen¬
714 2255 2500 2433 arten in sich vereinigen und
692 2376 2673 2596 iirgend wo im weiten Weltmeer
657 2519 2626 2734 als Schiffslieutenant herumsegeln,
694 2682 2640 2882 ohne je das Kunstwerk gesehen zu
682 2806 2621 3053 haben, zu dessen Kritiker er ge¬
684 2969 2534 3167 boren war. Denn der wahre
679 3092 2514 3300 Kritiker wird geboren, und so
684 3228 2569 3456 viel Ernst und Pfeiß es zur voll
684 3367 2586 3619 schönen Entwickfung auch brauchen
655 3520 2561 3757 mag erlernen läßt sich auch das
