3304 4424
1038 1227 2640 1526 Oeforber nist da dir Deinet getten kögitio
1053 1502 1618 1657 nicht hemusst.
1088 1546 2605 1766 vereiest vor sllen, dass der Rutor. PI
1062 1648 2819 1892 nicht antworten derE, auch nenn du offontere
1075 1857 1733 2027 tügen mitteilst.
1116 1903 2756 2165 Das Work hat Dir missfalten, absr nur der
1112 2099 1912 2250 Fachmarn bemerkt es.
1114 2143 2736 2400 Welche Wirkung hettest du erzielen känen,
1138 2256 2775 2492 gere sä den Srhalt falsch orräntt, höltssl.
1140 2444 1936 2629 Du nerst langweilie.
1188 2516 2921 2734 ao pe tee. do de otnnt s inn. 11. pr. 1.
1173 2609 2832 2871 Eer da schoinet in beitse inser Reiritgits
1188 2849 1687 3006 zu arbeiten.
1197 2845 2860 3124 eit es acl. Roi sind Sotiss. Di Karstrits
1206 3065 2154 3235 Reireit nichtsanfangen.
1245 3107 2827 3364 toets Doiter. der körnen ihrs Mirkeig Mer
1230 3322 2228 3497 aus ihren Fehler zichen.
1232 3375 2775 3638 teh gote dir Relschlöge, sis vorden ait
1262 3532 2258 3745 Eraehtheren toden fällen.
1254 3601 2936 3880 vorgids nidn, dass auch de stirel dienen
