3112 3688
2628 428 2898 556 1968
825 678 2716 880 Verrohung der Kritik, darum handelt ss sich gar-
667 836 2620 1005 nicht. Seid roh, aber seid wahr: Mit Anderen wäre
651 940 2716 1152 abzurechnen: mit den Neidischen und mit den Lügnern.
646 1054 2833 1261 Und über Diese iet Kiar Einige.
782 1231 2699 1395 Aus welchen Gründen wendet man sich irgend einem
624 1346 2751 1563 Berufe zuf Aus Neigung oder aus Zwang, das heisst, aus
624 1476 2212 1645 äusserer oder aus innerer Notwendigkeit.
768 1634 2707 1798 Welche Berufsarten sind im allgemeinen bevorzugt?
602 1732 2713 1937 Diejenigen, welche mit dem möglichst geringen Aufwand
607 1893 2672 2054 von Mühe einen Lebensunterhalt gewähren und zugleich
594 1999 2615 2182 die Möglichkeit in Aussicht stellen, die Thranf ei-
591 2111 2650 2334 nes Rekannten oder Grossen, geachteten oder gefürch-
599 2258 1637 2391 teten Namens einzuhe imsen.
733 2386 2642 2571 Der ungeheure Zulauf zur Litteratur in allgemei-
567 2490 2702 2697 nen erklärt sich daraus, dass dieser Beruf tatsächlich
558 2620 2560 2835 die eben angeführten Vorzüge in sich zu vereinigen
561 2756 2541 2953 scheint. Blelstift und Papler sind imner zur Händ.
556 2895 2566 3086 Während aber die Belletristik im allgemeinen wenige
547 3045 2658 3258 stens die Anforderung an ihre Jünger stellt, einen er-
537 3176 2585 3372 sten Einfall oder einer Anregung zu folgen, scheint
