3320 4440
1057 1373 2733 1569 Etiquettieren, immer neue ZeHteen ankleben
1066 1543 1861 1682 nur der letzte gitt.
1096 1639 2729 1803 Alles auszurützen. gegeri den Autor. Dass
1083 1760 2811 1953 etwas dem Publikum gefällt dass es ihm nicht
1074 1938 1453 2078 gefällt..
1089 2003 2621 2200 Eigenart mit Einseitigkeit verwechseln.
1085 2129 2791 2299 Etwas angreifen; was nicht behauptgt worden
1094 2351 1266 2424 ist.
1087 2374 2617 2563 Nicht, naemals vor der Ansicht ausgehen
1111 2482 2832 2690 fiele dem Autor einfach was ein, nein er wil
1111 2596 2798 2813 etwas, er macht eine Mode mit, er sucht Sen
1115 2755 1992 2939 sation, er spekuliert.
1122 2843 2787 3051 leichte antisemitische Bemerkungen, besände
1130 2982 2755 3172 wenn Du selbst ein Jude bist wirken, vor-
1175 3187 1508 3367 züglich.
