3320 4440
2769 1038 2902 1198 15
542 1251 2684 1534 heißt das was wissen wir denn über¬
560 1422 2483 1657 haupt von den ändern? Um es
592 1598 2539 1822 überhaupt für irgend einen Men¬
635 1761 2550 1950 schen möglich ist, sich jemals auch
1003 1891 1168 1961 en
630 1942 2622 2123 nur für die Dauer vollkommen
630 2075 2603 2313 in jene Bedingungen zu versetzen
627 2201 2577 2454 unter welchen ein anderer lebt,
731 2398 2569 2635 hafft, ist kaum zu bejahen und so
632 2561 2523 2809 wird sich in jedes Urtheil ein
640 2708 2518 2961 kleinerer oder größerer Fehler
654 2886 2526 3124 einschleichen, der einfach darin
662 3033 2577 3310 begründet ist, daß der Kritiken
675 3212 2638 3446 eben nothwendigerweise Jemand
651 3377 2433 3644 Anderer ist, als der Künstler¬
