3384 4392
1421 1392 2920 1578 dass Lucius kein Schiller, kein ArAi-
1423 1516 3022 1715 perzer, ja nicht einmal ein Watthäus von
1406 1709 1897 1872 Sollin ist.
1311 1767 2833 1995 Der Junge: Ich kenne Herrn von Pollin
1089 1995 1450 2084 ei
1440 2028 1709 2129 nicht:
1342 2036 3007 2225 Der alte: Sol Sie kennen Herrn von Coliin
1460 2142 3014 2380 nichtt soll ich Ihnen sagen, wer collin
1469 2283 2991 2481 war? Ein Dichter - ein grosser Dichter!
1471 2436 2943 2593 Der Dichter des Regulus, - ein Dichter
1483 2548 2918 2742 ersten Rangen. Jedenfalls im kleinen
1485 2680 2755 2894 Finger mehr als Ir Herr Lusius.
1369 2823 2970 2985 Der junge: Ja, ich bitte sie, sie haben
1495 2958 2968 3134 ja das heutige Stück von Lucius nicht
1508 3092 2943 3254 gesehen, - wie können Sie über ihn ur-
1514 3262 1804 3405 teilent
1396 3331 2947 3505 Der alte: Haben Sie den Regulusr gese-
1512 3502 1713 3621 hend.
1406 3637 2597 3753 Der junge: Ne in allerdinge...
1413 3693 2970 3888 der alte: So wären wir wol guitt, denk
1543 3832 2997 4039 ich. Obzwar ich glaube, dass man von
