3400 4408
1347 1470 1918 1611 text gebracht.
1225 1601 2880 1765 Der altes Sie werden schon wieder ins Ge-
1345 1725 2861 1875 leise kommen. Gewiss. Wenn es wirklich
1341 1862 2876 1979 eine so grosse Sache war, wenn Herr Lu-
1337 2004 2884 2120 eius wirklich den Shakespeare endgiltig
1335 2143 2064 2280 totgemacht hat....
1221 2253 2226 2404 Der junge: Wer sagt das?
1219 2386 2330 2516 Der alte: Sie, mein Lieber.
1225 2516 2761 2664 Der junge: Tch... Ich hätte gesagt -1
1221 2629 2888 2790 Der alte: Auf den Wortlaut kommt es nicht
1343 2768 2820 2928 an. Rs kommt auf den Findruck an, den
1343 2886 2693 3077 die Worte machen, die man spricht.
1345 2998 2857 3191 na, und als Sie da wie ein trreinniger
1345 3156 2874 3303 here ingestürmt kamen, von Bombenerfolg,
1352 3301 2849 3436 grossem Dichter und alleriet Herrlifh
1352 3424 2826 3561 keit faselten - na, da hatt' ich eben
2610 3505 2946 3609 utermuher
1350 3563 2855 3679 den Kindruck: Shakespeare ist ein ver
1347 3658 2759 3833 derener Standpunkt. Sie können sich
1352 3806 2901 3986 drauf verlasgen: wenn Sie so schreiben,
1356 3914 2903 4051 wie Sie eben gesprochen haben, wird je-
