3400 4424
1294 1402 2937 1609 sich. Die Wahrheit ist, dass sie sich wie-
1300 1545 2820 1716 derholen und wiedererkannt werden muss,
1315 1692 2967 1863 insbesondere in Stadien ihrer Entwicklung,
1302 1803 2920 1980 die nahe aneinander gerückt sind. Der Al-
1306 1916 3016 2108 lerweltsaffe freilich wiederholt sich nicht,
1319 2078 2856 2255 denn er kopiert inner einen Andern; der
1317 2185 2937 2374 Seichtlikg wiederholt sich nicht, denn er
1326 2315 2913 2511 hat nie etwas Eigenes gesagt, und es ist
1332 2440 3029 2643 nicht möglich, ein ges icht wiederzuerkennen
1362 2587 1556 2677 den
1334 2572 3048 2771 das man jeden Tag tausendnal auf der Sträse
1353 2728 2246 2892 rieht. Mtt begegnet
1481 2832 2952 3026 Nur eine geringe Anzahl HXEXEEx von
1370 2956 3009 3186 grossen Geistern giebt es, deren eigentli-
1368 3103 3084 3318 ches Wesen eine ungeheure, sozusagen elemen
2072 3193 2404 3289 erstell
1381 3248 2997 3408 täre Objektivität iet /:Shakespeare, Bal-
1383 3363 2696 3551 ras, Goethe der spätem Spoche:).
1528 3491 2928 3670 Ein solcher Vorwurf hoftet sich oft
1394 3595 2967 3821 durch Jahre an das Schaffen eines Künst-
1411 3745 2962 3968 lers und ist mitschuld, dass Mänche aus
