3400 4392
1366 1450 2966 1633 diger, gastfreler, relcher Herr ist, der
1372 1583 2947 1758 eine heiratsfähige Tochter hat und wenn
1372 1716 2934 1886 man selber ein armer Schlucker ist, der
1225 1867 2920 2033 undert Gulden tage hat und davon über-
1391 1998 2934 2166 dies eine alte Mutter ernähren soll....
1280 2113 2943 2318 Der junge: Meine Mutter hat eine Pension.
1282 2238 2970 2425 Der alte: Ah, schreiben Sie übrigens, was
1415 2391 1863 2564 sie wollen.
1301 2473 2989 2684 Der junge: Sie halten es wirklich für mög-
1427 2644 2983 2785 lich, dass auf mich der Verdacht fallen
1427 2791 1850 2930 könnte...2
1314 2882 2903 3046 Der alte: Ich kann ja den Leuten sagen,
1444 3021 2899 3181 dass ich für meinen Teil nicht daran
1452 3204 1745 3339 glaube.
1332 3237 2892 3427 Der junge: Wenn ich die Bemerkung ein-
1474 3395 2907 3547 schöbe... freilich, ein Shakespeare,
1471 3509 3063 3680 ein crillpärzer, ein Collin ist Herr Lyf
1471 3661 2377 3829 eius gerade nicht-1
1366 3804 2964 3945 Der alte: Man tut imner besser, bei der
1486 3917 3080 4044 Wahrheit zu bleiben. Aber bitte, schrei-
