3320 4456
618 1185 2615 1440 sich vielleicht vermißt zur Dakre¬
611 1394 2587 1628 tiren daß Hperr H. welcher für
611 1572 2630 1809 gewöhnlich Herr 2. heit besser bei
657 1762 2571 1940 seinen Jns bleiben selbde als
621 1979 2584 2200 Operetten zu schreiben. Auch hier
621 2105 2605 2360 ist die Grenzüberschreitung leicht
634 2311 2648 2558 nachzuweisen. Gewiß darf der
608 2499 2630 2744 Krikiker Herrn A. das musika-
613 2677 2610 2909 lische Talent absprechen, er darf
626 2875 2602 3125 aber ebenso wenig, der Öfsent¬
660 3066 2584 3305 lichkeit gegenüber wissen, daß
719 3246 2610 3506 Herr H. eigentlich Herr Esei
734 3452 2656 3687 als ei ihn den Rathschlag geben
2726 1010 2885 1170 25
