<?xml version="1.0" encoding="UTF-8" standalone="yes"?>
<PcGts xmlns="http://schema.primaresearch.org/PAGE/gts/pagecontent/2013-07-15" xmlns:xsi="http://www.w3.org/2001/XMLSchema-instance" xsi:schemaLocation="http://schema.primaresearch.org/PAGE/gts/pagecontent/2013-07-15 http://schema.primaresearch.org/PAGE/gts/pagecontent/2013-07-15/pagecontent.xsd">
    <Metadata>
        <Creator>prov=READ-COOP:name=PyLaia@TranskribusPlatform:version=2.7.0:model_id=50870:lm=none:date=22_01_2024_21:05</Creator>
        <Created>2023-09-27T14:41:06.526+02:00</Created>
        <LastChange>2024-01-22T21:05:36.018+01:00</LastChange>
        <TranskribusMetadata docId="1589066" pageId="60126390" pageNr="52" tsid="145641853" status="IN_PROGRESS" userId="40391" imgUrl="https://files.transkribus.eu/Get?id=KJXKGTDWXEQKSJAFVQDJNYOC&amp;fileType=view" xmlUrl="https://files.transkribus.eu/Get?id=MVYJFNNAZGCZHABCUSRIZYYH" imageId="48551467"/>
    </Metadata>
    <Page imageFilename="1589066_0052.jpg" imageWidth="3400" imageHeight="4408">
        <ReadingOrder>
            <OrderedGroup id="ro_1711788112813" caption="Regions reading order">
                <RegionRefIndexed index="0" regionRef="tr_1"/>
            </OrderedGroup>
        </ReadingOrder>
        <TextRegion orientation="0.0" id="tr_1" custom="readingOrder {index:0;}">
            <Coords points="1340,1379 1340,4094 3049,4094 3049,1379"/>
            <TextLine id="tr_1_tl_1" custom="readingOrder {index:0;}">
                <Coords points="1329,1506 2496,1480 2829,1455 2865,1391 2258,1367 2083,1429 1885,1397 1331,1427"/>
                <Baseline points="1340,1499 1416,1494 1492,1493 1568,1493 1645,1490 1721,1486 1797,1481 1874,1481 1950,1478 2026,1474 2103,1472 2179,1467 2255,1465 2331,1463 2408,1458 2484,1455 2560,1450 2637,1445 2713,1443 2789,1439 2866,1442"/>
                <TextEquiv>
                    <Unicode>Kunsthandwerk stets bei einem Publikum</Unicode>
                </TextEquiv>
            </TextLine>
            <TextLine id="tr_1_tl_2" custom="readingOrder {index:1;}">
                <Coords points="1342,1670 1791,1617 1989,1666 2202,1598 2818,1587 2822,1525 1346,1568"/>
                <Baseline points="1355,1633 1428,1633 1502,1627 1575,1624 1649,1624 1722,1621 1796,1615 1869,1614 1943,1609 2016,1606 2090,1603 2163,1599 2237,1597 2310,1594 2384,1588 2457,1585 2531,1579 2604,1576 2678,1576 2751,1572 2825,1570"/>
                <TextEquiv>
                    <Unicode>rechnen darf, das seine Zustimmung re-</Unicode>
                </TextEquiv>
            </TextLine>
            <TextLine id="tr_1_tl_3" custom="readingOrder {index:2;}">
                <Coords points="1348,1785 2939,1706 2942,1644 2573,1634 2256,1687 2009,1653 1742,1715 1353,1713"/>
                <Baseline points="1361,1776 1440,1766 1519,1764 1598,1759 1677,1758 1756,1756 1835,1746 1915,1741 1994,1739 2073,1735 2152,1731 2231,1729 2310,1724 2389,1718 2469,1720 2548,1720 2627,1712 2706,1708 2785,1704 2864,1698 2944,1696"/>
                <TextEquiv>
                    <Unicode>gelmässig jenen Werken versagt, in denen</Unicode>
                </TextEquiv>
            </TextLine>
            <TextLine id="tr_1_tl_4" custom="readingOrder {index:3;}">
                <Coords points="1363,1928 2893,1832 2897,1753 2818,1753 2648,1796 2211,1783 1979,1845 1759,1810 1367,1857"/>
                <Baseline points="1376,1911 1452,1908 1528,1899 1604,1896 1680,1888 1756,1885 1832,1883 1908,1878 1984,1875 2060,1871 2136,1866 2212,1861 2288,1859 2364,1853 2440,1848 2516,1843 2592,1839 2668,1836 2744,1834 2820,1829 2896,1824"/>
                <TextEquiv>
                    <Unicode>irgendetwas wie eine Weltanschauung zu-</Unicode>
                </TextEquiv>
            </TextLine>
            <TextLine id="tr_1_tl_5" custom="readingOrder {index:4;}">
                <Coords points="1365,2047 2471,2013 2890,1945 2820,1898 2631,1930 2358,1902 2147,1955 1372,1972"/>
                <Baseline points="1379,2039 1454,2040 1530,2038 1606,2032 1682,2027 1758,2022 1834,2017 1909,2015 1985,2008 2061,2002 2137,2000 2213,1992 2289,1990 2365,1985 2440,1983 2516,1978 2592,1973 2668,1968 2744,1964 2820,1950 2896,1938"/>
                <TextEquiv>
                    <Unicode>tage tritt. Herr Lucius und seine E</Unicode>
                </TextEquiv>
            </TextLine>
            <TextLine id="tr_1_tl_6" custom="readingOrder {index:5;}">
                <Coords points="1365,2179 2924,2117 2931,2024 2897,2024 1370,2119"/>
                <Baseline points="1376,2174 1453,2174 1531,2169 1608,2163 1686,2161 1764,2156 1841,2149 1919,2143 1997,2137 2074,2135 2152,2130 2230,2125 2307,2123 2385,2115 2463,2112 2540,2107 2618,2099 2696,2097 2773,2091 2851,2086 2929,2087"/>
                <TextEquiv>
                    <Unicode>hörer sind einander wert. Wi e sich das</Unicode>
                </TextEquiv>
            </TextLine>
            <TextLine id="tr_1_tl_7" custom="readingOrder {index:6;}">
                <Coords points="1374,2356 1566,2354 1664,2303 1838,2356 2026,2303 2445,2305 2579,2247 2895,2222 2899,2158 1380,2249"/>
                <Baseline points="1388,2314 1463,2305 1539,2302 1614,2298 1690,2293 1765,2289 1841,2283 1916,2278 1992,2274 2067,2266 2143,2265 2219,2260 2294,2254 2370,2250 2445,2243 2521,2240 2596,2233 2672,2233 2747,2226 2823,2220 2899,2218"/>
                <TextEquiv>
                    <Unicode>Publikum der nächsten Vorstellungen zu</Unicode>
                </TextEquiv>
            </TextLine>
            <TextLine id="tr_1_tl_8" custom="readingOrder {index:7;}">
                <Coords points="1382,2441 1463,2488 1717,2494 1891,2411 2119,2435 2232,2392 2861,2366 2850,2283 1508,2392 1389,2345"/>
                <Baseline points="1394,2439 1467,2437 1541,2435 1615,2427 1689,2425 1762,2421 1836,2413 1910,2410 1984,2406 2057,2398 2131,2398 2205,2391 2279,2386 2352,2382 2426,2377 2500,2369 2574,2367 2647,2365 2721,2357 2795,2352 2869,2350"/>
                <TextEquiv>
                    <Unicode>den grazlösen Nichtigkeiten des Herrn</Unicode>
                </TextEquiv>
            </TextLine>
            <TextLine id="tr_1_tl_9" custom="readingOrder {index:8;}">
                <Coords points="1380,2577 1840,2547 1953,2586 2166,2533 2241,2590 2339,2526 2622,2490 2986,2524 2993,2435 2473,2426 1472,2513 1387,2477"/>
                <Baseline points="1394,2565 1474,2559 1554,2556 1634,2548 1714,2544 1794,2538 1874,2532 1954,2530 2034,2526 2114,2522 2194,2517 2274,2512 2354,2505 2434,2501 2514,2496 2594,2490 2674,2484 2754,2481 2834,2478 2914,2472 2995,2469"/>
                <TextEquiv>
                    <Unicode>Luc ius verhalten wird, bleibt abzuwarten.</Unicode>
                </TextEquiv>
            </TextLine>
            <TextLine id="tr_1_tl_10" custom="readingOrder {index:9;}">
                <Coords points="1395,2690 1747,2707 1949,2652 2882,2618 2848,2541 1399,2609"/>
                <Baseline points="1409,2675 1482,2672 1556,2669 1630,2666 1704,2665 1778,2662 1852,2655 1926,2651 2000,2650 2074,2645 2148,2640 2221,2637 2295,2637 2369,2633 2443,2628 2517,2624 2591,2618 2665,2616 2739,2614 2813,2610 2887,2613"/>
                <TextEquiv>
                    <Unicode>Am heutigen Abend wurde er von seinen</Unicode>
                </TextEquiv>
            </TextLine>
            <TextLine id="tr_1_tl_11" custom="readingOrder {index:10;}">
                <Coords points="1399,2833 2942,2750 2944,2703 2852,2662 2211,2733 1808,2741 1717,2690 1406,2722"/>
                <Baseline points="1412,2819 1488,2810 1565,2807 1642,2801 1719,2796 1795,2797 1872,2792 1949,2787 2026,2782 2102,2779 2179,2774 2256,2771 2333,2765 2409,2762 2486,2759 2563,2755 2640,2752 2716,2744 2793,2741 2870,2740 2947,2741"/>
                <TextEquiv>
                    <Unicode>Freunden ein Dutzend Mal hervorgerufen.</Unicode>
                </TextEquiv>
            </TextLine>
            <TextLine id="tr_1_tl_12" custom="readingOrder {index:11;}">
                <Coords points="1410,2976 2929,2880 2931,2816 2884,2797 1943,2852 1857,2893 1414,2886"/>
                <Baseline points="1424,2944 1499,2944 1575,2937 1650,2934 1726,2932 1801,2927 1877,2922 1952,2920 2028,2914 2103,2910 2179,2905 2255,2900 2330,2901 2406,2895 2481,2890 2557,2885 2632,2880 2708,2875 2783,2873 2859,2872 2935,2869"/>
                <TextEquiv>
                    <Unicode>Wir denken, ein halbes Dutzend Vorstel-</Unicode>
                </TextEquiv>
            </TextLine>
            <TextLine id="tr_1_tl_13" custom="readingOrder {index:12;}">
                <Coords points="1416,3110 2720,3008 2914,3074 2907,2931 2383,3001 2279,2969 1421,3016"/>
                <Baseline points="1430,3079 1504,3075 1579,3073 1653,3068 1728,3066 1803,3058 1877,3053 1952,3051 2027,3046 2101,3041 2176,3038 2251,3034 2325,3032 2400,3026 2475,3022 2549,3017 2624,3014 2699,3010 2773,3005 2848,3003 2923,2998"/>
                <TextEquiv>
                    <Unicode>lungen sind Herrn Luc ius ebenso sicher</Unicode>
                </TextEquiv>
            </TextLine>
            <TextLine id="tr_1_tl_14" custom="readingOrder {index:13;}">
                <Coords points="1412,3216 1879,3189 2068,3274 2914,3223 2922,3076 2858,3067 1416,3146"/>
                <Baseline points="1424,3213 1502,3209 1581,3207 1660,3201 1739,3196 1818,3190 1897,3186 1976,3183 2055,3178 2134,3173 2212,3165 2291,3162 2370,3162 2449,3156 2528,3150 2607,3147 2686,3142 2765,3138 2844,3134 2923,3126"/>
                <TextEquiv>
                    <Unicode>als eine Unsterblichkeit von zehn Jah</Unicode>
                </TextEquiv>
            </TextLine>
            <TextLine id="tr_1_tl_15" custom="readingOrder {index:14;}">
                <Coords points="1433,3353 1485,3353 1491,3361 1519,3353 1531,3361 1549,3348 1570,3346 1595,3363 1617,3363 1619,3319 1578,3295 1572,3299 1538,3284 1517,3295 1506,3282 1495,3287 1480,3276 1433,3282"/>
                <Baseline points="1445,3344 1470,3344 1496,3344 1521,3342 1547,3341 1572,3341 1598,3341 1624,3341"/>
                <TextEquiv>
                    <Unicode>ren.</Unicode>
                </TextEquiv>
            </TextLine>
            <TextLine id="tr_1_tl_16" custom="readingOrder {index:15;}">
                <Coords points="1357,3480 2942,3402 2916,3314 1695,3417 1363,3397"/>
                <Baseline points="1370,3476 1448,3474 1527,3467 1606,3464 1685,3459 1764,3453 1843,3448 1921,3443 2000,3440 2079,3437 2158,3433 2237,3428 2316,3425 2395,3417 2473,3416 2552,3412 2631,3404 2710,3401 2789,3397 2868,3394 2947,3389"/>
                <TextEquiv>
                    <Unicode>der alte: Haben Sie etwas dagegen einzu-</Unicode>
                </TextEquiv>
            </TextLine>
            <TextLine id="tr_1_tl_17" custom="readingOrder {index:16;}">
                <Coords points="1448,3600 2944,3523 2893,3466 2707,3455 1453,3544"/>
                <Baseline points="1460,3598 1534,3595 1609,3592 1683,3589 1758,3582 1832,3580 1907,3575 1981,3571 2056,3568 2130,3564 2205,3561 2279,3559 2354,3554 2428,3546 2503,3544 2577,3537 2652,3535 2726,3532 2801,3527 2875,3523 2950,3521"/>
                <TextEquiv>
                    <Unicode>wendenz Steht in dieser Kritik ein un-</Unicode>
                </TextEquiv>
            </TextLine>
            <TextLine id="tr_1_tl_18" custom="readingOrder {index:17;}">
                <Coords points="1451,3725 1555,3728 1602,3751 1659,3721 1830,3740 1877,3708 1936,3704 1938,3649 1917,3636 1830,3664 1747,3644 1727,3664 1632,3659 1598,3676 1557,3661 1489,3687 1453,3670"/>
                <Baseline points="1463,3724 1488,3726 1513,3726 1538,3724 1563,3724 1588,3724 1613,3722 1639,3720 1664,3719 1689,3717 1714,3715 1739,3714 1764,3712 1790,3712 1815,3711 1840,3710 1865,3708 1890,3706 1915,3703 1941,3700"/>
                <TextEquiv>
                    <Unicode>wahres Wört?</Unicode>
                </TextEquiv>
            </TextLine>
            <TextLine id="tr_1_tl_19" custom="readingOrder {index:18;}">
                <Coords points="1331,3877 1836,3840 1883,3870 1943,3830 2075,3862 2168,3817 2805,3785 3037,3874 3046,3734 2880,3704 2560,3757 1661,3770 1487,3815 1338,3781"/>
                <Baseline points="1346,3864 1431,3861 1516,3860 1601,3850 1686,3847 1771,3840 1856,3836 1942,3830 2027,3830 2112,3822 2197,3816 2282,3810 2367,3807 2452,3804 2538,3802 2623,3795 2708,3788 2793,3785 2878,3786 2963,3783 3049,3783"/>
                <TextEquiv>
                    <Unicode>Der junge: Nein, gewies nicht. Immerhin...</Unicode>
                </TextEquiv>
            </TextLine>
            <TextLine id="tr_1_tl_20" custom="readingOrder {index:19;}">
                <Coords points="1461,3998 2650,3936 2652,3885 2535,3862 1465,3915"/>
                <Baseline points="1472,3974 1531,3974 1590,3970 1649,3967 1708,3966 1767,3962 1826,3958 1885,3955 1944,3954 2003,3950 2063,3946 2122,3942 2181,3942 2240,3940 2299,3936 2358,3929 2417,3927 2476,3927 2535,3924 2594,3926 2654,3927"/>
                <TextEquiv>
                    <Unicode>die Stelle mit den Freunden...</Unicode>
                </TextEquiv>
            </TextLine>
            <TextLine id="tr_1_tl_21" custom="readingOrder {index:20;}">
                <Coords points="1338,4070 1549,4111 1834,4058 2081,4102 2307,4047 2528,4102 2584,4068 2771,4102 2907,4053 3029,4073 3033,3887 2995,3879 2460,3962 2162,3940 1340,4007"/>
                <Baseline points="1349,4070 1433,4064 1517,4064 1602,4061 1686,4061 1771,4059 1855,4058 1939,4058 2024,4054 2108,4049 2193,4049 2277,4049 2361,4046 2446,4046 2530,4042 2615,4040 2699,4039 2783,4035 2868,4034 2952,4031 3037,4034"/>
                <TextEquiv>
                    <Unicode>Der alte: Nun, glauben sie, dass es seine</Unicode>
                </TextEquiv>
            </TextLine>
            <TextEquiv>
                <Unicode></Unicode>
            </TextEquiv>
        </TextRegion>
    </Page>
</PcGts>
