3304 4440
1109 1308 2846 1516 gsworbsnässiger Kritiker in deutschen Landen
1111 1457 2699 1672 giht, die Mengung und Färigkeit zugleich
1118 1600 2783 1767 besitzen eine kinstlerische Erscheinung in
1118 1710 2776 1910 ihrer Notalität zu erkermen. Sie wissen es
1118 1830 2744 2020 und haben sich damit ah sfunden. Aber nur
1127 1932 2946 2147 kommt das Sonderbare. Irgend einmal vielleicht
1134 2063 2794 2276 gerade einer vollkormenen Nichtigkeit oder
1136 2192 2885 2405 Läpperei gegenüber verlieren sie ihre Geduld
1181 2353 2584 2532 und schreien ihren Ekel in die Luft
