3320 4440
685 1230 2701 1493 lernaturen nicht mit Diletanten.
1274 1396 1418 1506 die
679 1380 2620 1584 von denen es wie in der Kunst,
660 1527 2554 1747 so auch in der Kritik überreich
660 1665 2657 1884 vertreten sind und es gehört ein
2147 1793 2664 1944 dilettiren
1681 1862 1825 1956 zu
682 1825 1643 1978 seineres Auge da
354 1844 2864 2047 w   d
676 1972 2673 2188 den Kritiker zu erkennen als den
629 2072 2732 2294 dilettirenden Künstler, daher bedeu¬
682 2235 2717 2476 tel jener auch einer ernsteren Ge¬
682 2382 2645 2620 fahr. So muß hier von Allem ab¬
660 2510 2651 2770 gesehen werden, vom Krittler, Kriti¬
626 2676 2623 2914 kasteru, Künstlern die zufällig ein
626 2823 2538 3039 mal kritisiren und es bleibt die
648 2967 2548 3205 Frage übrig ob die Idee der Kei¬
610 3130 2645 3327 tik eine von jenen ist deren Geen¬
607 3258 2548 3499 zen sich überhaupt feststellen las¬
617 3393 2504 3643 sen und dann, ob der Kritiken
595 3540 2554 3819 benogen oder sogar dazu verhalten
