3016 3624
2267 266 2599 430 1907 1
814 448 2574 637 Dichter führen bekanntlich ein gesegnetes Da-
898 596 2490 732 sein. Sie erwerben Millionen, bauen sich
853 678 2517 828 Schlösser oder wenigstens Villen, gehen in
844 807 2656 973 die Unsterblichkeit ein, hören auf der Strasse
844 923 2585 1087 ihren Namen hintersich flüstern, werden in-
855 1053 2447 1203 tervient, haben das Recht Kundfragen zu
884 1171 2547 1328 beantworten und die Marken zu sammeln, die
846 1289 2556 1455 An ihnen van uvorsichtigen Autographensamm-
1210 1398 1432 1478 Oteln
846 1398 2669 1585 lern als Bruekprto eingesandt werden. Hir all
853 1530 2592 1676 das missen sie sich eigentlich nur eine ern-
853 1639 2356 1808 stero Unarnchmlchkeit gefallen lasser!
841 1760 2626 1937 KritikrAlerdinss nicht nur die der vernünfti
848 1896 2503 2053 gen Leute, sondern auch die der Dunmköpfe.
834 2008 2665 2185 Nicht nur die von Leuten, die deutsch schreii-
853 2131 2476 2303 berkännen, sondern auch die von Anafpha-
844 2249 2588 2415 bsten. Nächt fur die von Erfahrenen, sondern
853 2376 2472 2544 auch die von grünen Jungen. Nicht nur von
848 2499 2660 2669 Wohlwollenden, sondern auch von Neidern. Nicht
844 2619 2665 2772 nur von Ehrlichen, sondern auch von Fälschern.
853 2731 2672 2906 Und sie lassen es sich natürlich auch meistens
864 2849 2644 3026 gefallen, weil das Erwidern zeitraubend, aus-
