3320 4440
881 2029 1103 2204 itagar
1159 1368 2888 1532 ton Mann und Weib Pornographen geworden sind.
1126 1498 2835 1700 Sie trafen den Makel gefällige Plauderer zu
1123 1610 2866 1783 heissen; wenn (zufällig einmal amnisieren, sie
1664 1738 1801 1823 er
1157 1749 2729 1902 lassen sichs heudig vorwerfen dass ihner
1132 1908 2698 2025 all zübilliger Ruhm genügt und hörermorge
1135 2014 2662 2142 dass sie nach allzuhohen kränzen langen
1132 2112 2745 2274 lassen sich ins Gesicht fahrn von schmutz
2734 2222 2870 2348 sen
1135 2222 2765 2382 Hä den, die ihnen eine Maske herunterreis
1137 2368 2906 2509 wollen, sei es von Suakespeare oder von Ibsen
1135 2460 2684 2619 irgend eine Mäske, die sie nie getragen
1144 2586 2810 2754 ohne mit der Wimper zu zucken lesensie den
1150 2702 2805 2857 Bericht eines Gesinnungstüchtigen über ihr
1153 2873 2792 3009 Werk, der genau, das Gegenteil von dem ent-
1157 2958 2855 3119 hält, was der Gesirnungstüchtige ihnen tags
1157 3068 2828 3240 vorher über dasselbe Werk geschrieben oder
1159 3214 2902 3375 gesagt hat, mit glächer Restgnation lauschen
1175 3305 2911 3476 sie den Ausbrüchen verlogener Entrüstung wie
1166 3444 2866 3601 denen der versteckten Schadenfreude und la-
1177 3548 2978 3727 chen nicht eirmalant, wenn irgend in frender-
1177 3669 2888 3853 Herr, der von ihrer Seele geradesoviel weiss
1189 3792 2810 3983 wie von der eines Fitschlinsulaners ihnen
