3400 4424
1250 1271 2880 1482 tor bisher geschrieben hat,- wie das über
1253 1365 2862 1591 haupt die bequemste Art ist, einen Autor
1265 1476 2919 1708 herabzusatzen, ohne direkten Widerspruche
1271 1726 1964 1856 gewärtig zu sein.
575 1744 2997 2024 u isdes Verkleinerne unter der
1286 1931 2970 2112 Maske des Wohlwollens ist, das Loben eines
1295 2009 2940 2286 Frühern Merks des selben Autore (:dar man
1310 2181 2693 2365 fmiiher auch verriesen haben kann:).
1476 2293 2946 2527 Primitives, aber noch immer wirksames
1313 2425 3000 2651 Mittel ist das Vergleichen mit Grossen und
1329 2564 2865 2756 Grössten. Wenn man sagt: Freilich, ein
1326 2702 2940 2931 Shakespeare ist Herr X. nicht,- so liegt
1335 2790 2961 3055 nierin nicht nur eine Verweisung auf den
1353 2937 3085 3181 gebührenden niedern Platz, sondern zugleich
1359 3064 3031 3287 die Voraussetzung, dass Herr K. blödsinnig
1374 3226 2976 3425 senng war, sich für einen Snakespedre zu
1389 3443 1687 3576 halten.
1542 3440 3000 3660 und insbesondere wird in diesem Fall
1392 3537 3040 3811 der leser der betreffenden Krktik nie auf
1401 3736 3088 3961 den Einfall kommen, dass der KrX Verfasser
