<?xml version="1.0" encoding="UTF-8" standalone="yes"?>
<PcGts xmlns="http://schema.primaresearch.org/PAGE/gts/pagecontent/2013-07-15" xmlns:xsi="http://www.w3.org/2001/XMLSchema-instance" xsi:schemaLocation="http://schema.primaresearch.org/PAGE/gts/pagecontent/2013-07-15 http://schema.primaresearch.org/PAGE/gts/pagecontent/2013-07-15/pagecontent.xsd">
    <Metadata>
        <Creator>prov=READ-COOP:name=PyLaia@TranskribusPlatform:version=2.7.0:model_id=50870:lm=none:date=22_01_2024_21:05</Creator>
        <Created>2023-09-27T14:41:04.902+02:00</Created>
        <LastChange>2024-01-22T21:05:33.410+01:00</LastChange>
        <TranskribusMetadata docId="1589066" pageId="60126312" pageNr="36" tsid="145641835" status="IN_PROGRESS" userId="40391" imgUrl="https://files.transkribus.eu/Get?id=SEJCTCIWMCYZTVEAHJGVGXHQ&amp;fileType=view" xmlUrl="https://files.transkribus.eu/Get?id=CUPWNNQTELEBZJHZXOETRPMF" imageId="48551389"/>
    </Metadata>
    <Page imageFilename="1589066_0036.jpg" imageWidth="3112" imageHeight="3720">
        <ReadingOrder>
            <OrderedGroup id="ro_1711788081873" caption="Regions reading order">
                <RegionRefIndexed index="0" regionRef="tr_1"/>
            </OrderedGroup>
        </ReadingOrder>
        <TextRegion orientation="0.0" id="tr_1" custom="readingOrder {index:0;}">
            <Coords points="352,581 352,3388 2785,3388 2785,581"/>
            <TextLine id="tr_1_tl_1" custom="readingOrder {index:0;}">
                <Coords points="844,687 1083,650 2763,776 2776,705 2139,674 1748,577 1531,624 1248,616 1117,564 836,587"/>
                <Baseline points="856,635 952,641 1048,646 1145,654 1241,661 1338,667 1434,677 1531,680 1627,684 1724,690 1820,697 1916,702 2013,709 2109,713 2206,719 2302,726 2399,731 2495,736 2592,743 2688,751 2785,755"/>
                <TextEquiv>
                    <Unicode>Viele Künstler, die in die Oeffentlichkeit treten</Unicode>
                </TextEquiv>
            </TextLine>
            <TextLine id="tr_1_tl_2" custom="readingOrder {index:1;}">
                <Coords points="676,768 1096,786 1434,857 1620,818 1756,860 2066,841 2231,904 2333,868 2692,886 2687,784 2569,818 1848,744 1536,763 1329,710 674,718"/>
                <Baseline points="692,758 792,762 892,768 992,776 1093,779 1193,788 1293,795 1394,800 1494,803 1594,812 1695,818 1795,824 1895,829 1995,835 2096,842 2196,849 2296,855 2397,859 2497,867 2597,870 2698,874"/>
                <TextEquiv>
                    <Unicode>werden von einer tiefen Scheu überfallen. Was er in</Unicode>
                </TextEquiv>
            </TextLine>
            <TextLine id="tr_1_tl_3" custom="readingOrder {index:2;}">
                <Coords points="666,915 1156,920 1426,986 1840,959 2076,1025 2126,991 2613,1020 2637,933 2197,938 2026,881 1415,899 1242,844 826,860 752,802 658,820"/>
                <Baseline points="677,886 775,892 874,896 972,904 1071,909 1169,916 1268,920 1366,926 1465,936 1563,939 1662,949 1761,953 1859,959 1958,965 2056,972 2155,973 2253,982 2352,988 2450,993 2549,996 2648,1003"/>
                <TextEquiv>
                    <Unicode>den Stunden seiner Begeisterung gehuf, ist von ihm</Unicode>
                </TextEquiv>
            </TextLine>
            <TextLine id="tr_1_tl_4" custom="readingOrder {index:3;}">
                <Coords points="655,1030 868,1093 1486,1064 2060,1161 2548,1180 2668,1156 2661,1020 2286,1072 1491,1025 1284,962 1185,999 650,946"/>
                <Baseline points="671,1021 771,1026 871,1028 971,1035 1071,1041 1171,1047 1271,1053 1371,1060 1471,1062 1571,1071 1671,1077 1771,1080 1871,1090 1971,1089 2071,1099 2171,1105 2271,1112 2371,1116 2471,1122 2571,1126 2672,1137"/>
                <TextEquiv>
                    <Unicode>losgelöst, steht als etwas Freies, von ihm durchaus</Unicode>
                </TextEquiv>
            </TextLine>
            <TextLine id="tr_1_tl_5" custom="readingOrder {index:4;}">
                <Coords points="655,1195 952,1169 1457,1232 1990,1224 2197,1279 2398,1256 2516,1305 2731,1271 2729,1211 2343,1206 2275,1166 2184,1203 2115,1161 1683,1177 1562,1135 1528,1164 1392,1096 1048,1069 650,1109"/>
                <Baseline points="668,1149 771,1151 874,1157 977,1161 1081,1165 1184,1176 1287,1182 1391,1189 1494,1195 1597,1202 1701,1209 1804,1213 1907,1220 2010,1224 2114,1231 2217,1236 2320,1241 2424,1248 2527,1255 2630,1261 2734,1259"/>
                <TextEquiv>
                    <Unicode>nicht mehr Abhängiges dar. Er hat sich seines Rechtes</Unicode>
                </TextEquiv>
            </TextLine>
            <TextLine id="tr_1_tl_6" custom="readingOrder {index:5;}">
                <Coords points="341,1292 377,1298 446,1237 545,1235 582,1258 668,1237 666,1130 642,1135 600,1177 579,1180 558,1161 509,1193 485,1195 443,1166 393,1198 338,1187"/>
                <Baseline points="352,1209 378,1218 405,1224 432,1224 459,1225 486,1226 513,1224 539,1226 566,1226 593,1224 620,1226 647,1226 674,1221"/>
                <TextEquiv>
                    <Unicode>i</Unicode>
                </TextEquiv>
            </TextLine>
            <TextLine id="tr_1_tl_7" custom="readingOrder {index:6;}">
                <Coords points="726,1237 1169,1245 1169,1198 1140,1203 1101,1180 1012,1193 952,1169 881,1187 855,1172 789,1190 726,1174"/>
                <Baseline points="740,1227 765,1230 790,1230 816,1230 841,1230 867,1229 892,1228 918,1227 943,1227 969,1227 994,1227 1020,1227 1045,1227 1071,1225 1096,1224 1122,1224 1147,1224 1173,1224"/>
                <TextEquiv>
                    <Unicode>1 42. 41  1</Unicode>
                </TextEquiv>
            </TextLine>
            <TextLine id="tr_1_tl_8" custom="readingOrder {index:7;}">
                <Coords points="645,1311 1164,1311 1384,1358 1536,1329 1793,1381 1984,1350 2231,1447 2354,1408 2519,1408 2590,1457 2750,1429 2742,1290 2425,1342 1654,1253 1413,1292 1064,1232 904,1258 702,1222 642,1256"/>
                <Baseline points="656,1277 760,1281 865,1288 970,1295 1075,1299 1180,1306 1284,1316 1389,1322 1494,1325 1599,1331 1704,1336 1808,1340 1913,1349 2018,1355 2123,1363 2228,1370 2332,1374 2437,1381 2542,1385 2647,1392 2752,1406"/>
                <TextEquiv>
                    <Unicode>darüber entäussert, er hat es, dem Urteil; dem Beifall,</Unicode>
                </TextEquiv>
            </TextLine>
            <TextLine id="tr_1_tl_9" custom="readingOrder {index:8;}">
                <Coords points="632,1431 2312,1526 2380,1523 2375,1444 1898,1439 1489,1337 1156,1350 1009,1400 810,1345 626,1358"/>
                <Baseline points="644,1406 730,1412 817,1412 904,1420 991,1426 1078,1432 1165,1436 1252,1439 1339,1444 1426,1448 1513,1454 1599,1458 1686,1465 1773,1469 1860,1475 1947,1480 2034,1483 2121,1489 2208,1495 2295,1501 2382,1507"/>
                <TextEquiv>
                    <Unicode>dem Hohn, der Tücke der Andern ausgellefert.</Unicode>
                </TextEquiv>
            </TextLine>
            <TextLine id="tr_1_tl_10" custom="readingOrder {index:9;}">
                <Coords points="786,1562 1211,1575 1353,1623 1874,1602 2107,1691 2280,1662 2472,1720 2595,1704 2587,1573 2548,1562 1547,1547 870,1465 784,1507"/>
                <Baseline points="797,1543 887,1546 977,1555 1067,1558 1157,1564 1247,1570 1337,1576 1428,1579 1518,1582 1608,1588 1698,1594 1788,1597 1878,1601 1968,1609 2059,1613 2149,1619 2239,1625 2329,1631 2419,1634 2509,1643 2600,1639"/>
                <TextEquiv>
                    <Unicode>Im Augenblick, wo er selbst für sein Werk ein-</Unicode>
                </TextEquiv>
            </TextLine>
            <TextLine id="tr_1_tl_11" custom="readingOrder {index:10;}">
                <Coords points="629,1699 2045,1748 2186,1809 2540,1830 2621,1809 2616,1717 2100,1688 2010,1646 1845,1691 1594,1641 1248,1657 1193,1617 886,1644 621,1565"/>
                <Baseline points="644,1665 743,1669 842,1678 941,1683 1040,1689 1139,1692 1238,1696 1337,1704 1436,1709 1535,1716 1634,1719 1733,1726 1832,1731 1931,1736 2030,1740 2129,1749 2228,1755 2327,1763 2426,1769 2525,1773 2624,1776"/>
                <TextEquiv>
                    <Unicode>tritt, setzt er es in eine falsche Stellung. Es ist</Unicode>
                </TextEquiv>
            </TextLine>
            <TextLine id="tr_1_tl_12" custom="readingOrder {index:11;}">
                <Coords points="611,1803 1358,1882 1767,1858 2031,1948 2312,1966 2603,1934 2600,1835 2414,1864 2155,1801 1712,1819 1549,1738 1248,1756 993,1706 899,1751 716,1717 608,1769"/>
                <Baseline points="623,1797 722,1801 821,1806 920,1811 1020,1815 1119,1821 1218,1828 1318,1833 1417,1839 1516,1845 1616,1851 1715,1857 1814,1861 1913,1867 2013,1874 2112,1878 2211,1883 2311,1892 2410,1895 2509,1902 2609,1913"/>
                <TextEquiv>
                    <Unicode>das Wesen eines Kunstwerks, völlig wehrlos zu sein,</Unicode>
                </TextEquiv>
            </TextLine>
            <TextLine id="tr_1_tl_13" custom="readingOrder {index:12;}">
                <Coords points="606,1966 959,1948 1080,2005 1452,1979 1754,2026 1916,2000 2107,2081 2419,2058 2417,1987 1961,1929 1735,1961 1510,1869 1256,1916 600,1877"/>
                <Baseline points="618,1925 708,1931 798,1937 888,1937 979,1943 1069,1949 1159,1955 1250,1956 1340,1964 1430,1965 1521,1974 1611,1980 1701,1983 1791,1989 1882,1997 1972,2001 2062,2006 2153,2011 2243,2016 2333,2022 2424,2033"/>
                <TextEquiv>
                    <Unicode>resp. seine Mehr nur in sich selbst zu tragen.</Unicode>
                </TextEquiv>
            </TextLine>
            <TextLine id="tr_1_tl_14" custom="readingOrder {index:13;}">
                <Coords points="744,2102 1051,2084 1688,2155 1777,2121 2506,2220 2561,2202 2556,2107 2210,2058 2029,2092 1958,2045 1879,2079 1659,2003 1329,2045 1033,1992 739,2008"/>
                <Baseline points="755,2060 845,2066 935,2071 1026,2077 1116,2080 1207,2086 1297,2092 1388,2098 1478,2101 1569,2108 1659,2114 1749,2117 1840,2125 1930,2128 2021,2133 2111,2141 2202,2144 2292,2149 2383,2152 2473,2158 2564,2152"/>
                <TextEquiv>
                    <Unicode>Mancher erinnert. sich mit Zärtlichkeit des Ur-</Unicode>
                </TextEquiv>
            </TextLine>
            <TextLine id="tr_1_tl_15" custom="readingOrder {index:14;}">
                <Coords points="585,2223 2309,2286 2527,2336 2611,2304 2608,2231 1874,2220 1599,2134 1151,2173 1014,2094 579,2134"/>
                <Baseline points="597,2185 698,2189 799,2194 900,2199 1001,2206 1102,2210 1203,2218 1304,2223 1405,2230 1506,2234 1607,2242 1708,2247 1809,2251 1910,2258 2011,2263 2112,2269 2213,2275 2314,2281 2415,2288 2516,2292 2618,2289"/>
                <TextEquiv>
                    <Unicode>teils im Kreise der Freunde, mag es noch so herb ge-</Unicode>
                </TextEquiv>
            </TextLine>
            <TextLine id="tr_1_tl_16" custom="readingOrder {index:15;}">
                <Coords points="582,2330 1166,2359 1269,2401 1342,2370 1848,2396 1934,2467 2066,2480 2220,2422 2564,2485 2537,2338 2435,2375 1809,2341 1659,2257 1166,2278 996,2223 878,2291 718,2249 579,2278"/>
                <Baseline points="597,2319 695,2320 793,2326 892,2332 990,2334 1088,2340 1187,2349 1285,2350 1383,2358 1482,2363 1580,2367 1678,2376 1777,2383 1875,2387 1973,2393 2072,2397 2170,2404 2268,2409 2367,2414 2465,2422 2564,2427"/>
                <TextEquiv>
                    <Unicode>wesen sein und ihm auch schon einen Vorschmack von</Unicode>
                </TextEquiv>
            </TextLine>
            <TextLine id="tr_1_tl_17" custom="readingOrder {index:16;}">
                <Coords points="558,2467 1245,2522 1418,2495 2005,2577 2273,2553 2469,2619 2585,2598 2579,2488 1874,2474 1733,2388 1617,2377 1455,2417 1237,2380 1088,2419 553,2396"/>
                <Baseline points="573,2448 673,2451 774,2455 874,2460 975,2463 1076,2470 1176,2476 1277,2482 1377,2486 1478,2490 1579,2498 1679,2503 1780,2507 1880,2517 1981,2523 2082,2527 2182,2537 2283,2538 2383,2547 2484,2555 2585,2558"/>
                <TextEquiv>
                    <Unicode>dem gegeben haben, was ihn da draussen erwartet. Re</Unicode>
                </TextEquiv>
            </TextLine>
            <TextLine id="tr_1_tl_18" custom="readingOrder {index:17;}">
                <Coords points="564,2603 1874,2650 1990,2723 2142,2692 2296,2750 2398,2692 2498,2708 2493,2613 1979,2564 1872,2603 1528,2514 1161,2556 1090,2519 1009,2553 836,2511 558,2530"/>
                <Baseline points="576,2573 672,2576 768,2582 865,2588 961,2593 1058,2599 1154,2603 1250,2606 1347,2613 1443,2622 1540,2627 1636,2632 1732,2638 1829,2645 1925,2651 2022,2655 2118,2663 2214,2665 2311,2671 2407,2680 2504,2681"/>
                <TextEquiv>
                    <Unicode>waren doch die bekannten Stimmen, die er hörte. Nr</Unicode>
                </TextEquiv>
            </TextLine>
            <TextLine id="tr_1_tl_19" custom="readingOrder {index:18;}">
                <Coords points="564,2721 1201,2779 1869,2776 2060,2844 2278,2828 2343,2865 2519,2857 2514,2739 1706,2729 1502,2634 1463,2666 1387,2634 561,2668"/>
                <Baseline points="579,2704 676,2710 773,2713 870,2719 967,2725 1064,2730 1161,2734 1259,2741 1356,2747 1453,2754 1550,2758 1647,2766 1744,2770 1841,2774 1939,2780 2036,2787 2133,2793 2230,2797 2327,2803 2424,2807 2522,2809"/>
                <TextEquiv>
                    <Unicode>ist er mit einem Mal unter lauter Fremden. Manchma</Unicode>
                </TextEquiv>
            </TextLine>
            <TextLine id="tr_1_tl_20" custom="readingOrder {index:19;}">
                <Coords points="545,2860 742,2899 862,2847 1198,2917 1316,2883 1429,2920 2000,2915 2388,2986 2472,2962 2467,2889 1505,2841 1292,2763 991,2744 873,2789 540,2799"/>
                <Baseline points="558,2833 654,2839 750,2841 846,2848 942,2856 1038,2861 1134,2863 1230,2869 1326,2875 1422,2880 1518,2885 1614,2890 1710,2897 1806,2901 1902,2907 1998,2913 2094,2919 2190,2925 2286,2929 2382,2937 2478,2940"/>
                <TextEquiv>
                    <Unicode>wird er die Empfindung haben wie Einer, der unter</Unicode>
                </TextEquiv>
            </TextLine>
            <TextLine id="tr_1_tl_21" custom="readingOrder {index:20;}">
                <Coords points="540,2986 1387,3012 1858,3085 2218,3064 2309,3114 2516,3083 2511,2999 535,2910"/>
                <Baseline points="552,2964 650,2970 749,2976 847,2983 946,2987 1044,2991 1143,2995 1241,3001 1340,3007 1438,3011 1537,3015 1635,3024 1734,3025 1832,3033 1931,3038 2029,3045 2128,3051 2226,3056 2325,3065 2423,3068 2522,3072"/>
                <TextEquiv>
                    <Unicode>Wilde gerät, die seine Sprache nicht verstehen, um</Unicode>
                </TextEquiv>
            </TextLine>
            <TextLine id="tr_1_tl_22" custom="readingOrder {index:21;}">
                <Coords points="537,3101 1282,3177 1465,3146 1588,3187 2173,3182 2343,3258 2600,3214 2598,3140 2270,3088 2047,3117 1691,3041 1486,3104 1381,3038 907,2993 532,3035"/>
                <Baseline points="549,3096 651,3097 754,3103 857,3107 959,3113 1062,3120 1165,3127 1267,3131 1370,3137 1473,3142 1576,3146 1678,3153 1781,3158 1884,3166 1986,3173 2089,3177 2192,3183 2294,3191 2397,3196 2500,3202 2603,3203"/>
                <TextEquiv>
                    <Unicode>ihn heruntanzen, heulen und mit Maffen an ihre Schil-</Unicode>
                </TextEquiv>
            </TextLine>
            <TextLine id="tr_1_tl_23" custom="readingOrder {index:22;}">
                <Coords points="519,3216 834,3269 931,3242 2231,3319 2527,3384 2574,3374 2569,3256 1798,3253 1549,3161 1429,3190 1337,3153 1164,3208 1043,3146 836,3130 713,3174 516,3161"/>
                <Baseline points="534,3212 636,3218 738,3223 840,3227 942,3236 1044,3243 1146,3247 1248,3251 1350,3258 1452,3269 1555,3275 1657,3278 1759,3287 1861,3295 1963,3299 2065,3308 2167,3313 2269,3320 2371,3325 2473,3331 2576,3334"/>
                <TextEquiv>
                    <Unicode>de schlagen. Er weise vielleicht nicht einmal, ob es</Unicode>
                </TextEquiv>
            </TextLine>
            <TextLine id="tr_1_tl_24" custom="readingOrder {index:23;}">
                <Coords points="480,3324 640,3347 684,3305 831,3305 1413,3350 1557,3413 1654,3379 1869,3405 1864,3324 1798,3295 936,3240 834,3269 472,3193"/>
                <Baseline points="495,3299 567,3295 640,3296 712,3299 785,3302 857,3302 930,3309 1003,3310 1075,3316 1148,3321 1220,3325 1293,3327 1365,3332 1438,3334 1511,3342 1583,3348 1656,3352 1728,3358 1801,3361 1874,3370"/>
                <TextEquiv>
                    <Unicode>Frieden oder Feindschaft bedeutet.</Unicode>
                </TextEquiv>
            </TextLine>
            <TextEquiv>
                <Unicode></Unicode>
            </TextEquiv>
        </TextRegion>
    </Page>
</PcGts>
