3400 4392
1244 1476 1766 1608 Der junge: 9
1972 1470 2473 1606 verständlicht
1698 1508 1828 1595 Se.
1289 1600 2948 1757 der alte: selbstverständlicht sind Sie mit
1391 1744 1977 1877 ihm befreundet?
1331 1864 2637 2011 e Ih kann ihn garnicht.
1269 2013 2899 2128 Der alte: Wollen Sie seine Tochter heira-
1372 2147 1561 2279 tenz
1244 2258 2469 2390 Der junge: Ich bin ja verlobt.
1250 2396 2965 2537 Der alte: Ja, warum wollen Sie denn das al-
1363 2550 1930 2680 so schreibene
1257 2643 2956 2818 Der junge; Nun, ganz einfach, weil es wahr
1372 2792 2569 2927 und weil es meine Meinung ist.
1265 2916 2102 3059 Der alte: O holohoho!
1436 3029 1661 3103 junge:
1259 3010 2869 3199 Der at. Ja, ich versteh' Sie wirklich
1265 3150 2950 3329 nicht, Herr Martens! Sie machen wieder ein-
1372 3316 1804 3463 mal. Witzè.
1267 3421 2616 3557 Der alte: Fällt mir garnicht ein.
1267 3551 2907 3710 Der junge: Sie wollen sich schlechter ma-
1406 3700 2162 3811 ehen, als Sie sind.
1280 3774 2469 3887 Der aite; Habe keine Ursache.
1278 3847 2942 4004 Der junge: (:vorsucht zu schreiben:) Sie
1397 3996 2929 4113 haben mich währhaftig ganz aus dem Kon-
