3384 4440
1241 1278 2928 1458 ierbare Fälschung ist ein Mittel, das nicht
1248 1410 2868 1598 immer zu entbehren ist, wie auch das Ver-
1251 1538 2911 1725 senweigen von Inhalt, etc., das vielleicht
1251 1672 2194 1835 zum Kapitel Lüge gehört.
1390 1805 2963 1955 Hat man einen Autor seinerzeit wegen Be-
1251 1895 3253 2112 grenzung des- Stoffgebiets bemängeit aff  un
1258 2054 2853 2222 zeigt sich dasselbe im vorliegenden Werk
1268 2184 2938 2376 erweitert, so kann sich der Kritiker gegen
1266 2309 2783 2519 diese Frechheit auf verschiedene Weise
1281 2519 1660 2644 schitzen.
1433 2536 2961 2776 1.(Er leugnet die Erweiterung einfach
1296 2701 2821 2923 weg. (:Auch diesmal ist Herr K. seinem
1308 2886 2267 3033 Thema treu geblieben...:
1373 2948 3003 3178 2. Oder noch besser, nun konstatiert, dass
1308 3065 3025 3308 dem Autor sein Versuch mislungen ist. (:Wot
1323 3218 3005 3415 len des Autors bleibt hinter seinem können
1326 3335 2903 3542 weit zurück.- Bedauerlich, dass sich der
1323 3462 2928 3667 Autor über die Grenzen seines Palents so
1335 3620 2336 3794 sehr täuschen konnte...:)
1490 3739 2903 3932 Auch hier empflehlt es sich, streng
1343 3837 3048 4031 auf alles Uebrige zu vergessen, was der Au-
