3304 4456
611 1254 2482 1527 Hier sind also dem Kritiker na¬
578 1420 2453 1653 türliche Grenzen gegeben über
588 1579 2157 1773 die er nicht hinaus kann.
556 1733 2507 1921 Wie aber hat er sich jenen Greu¬
598 1926 2512 2105 zen Gegenüber zu verhalten die
618 2053 2545 2281 durch die Grenzen des Kunstwerkes
591 2224 2492 2453 selbst gegeben sind? Darf er in
603 2376 2492 2587 seiner Kritik über das Kunst-
601 2550 2530 2751 werk selbst, insoferne hinaus¬
608 2708 2604 2959 gehen, daß er nicht nur in fer¬
596 2890 2500 3113 dessen Tiefen steigt, sondern
616 3049 2535 3274 auch von dessen Peripherio aus
623 3197 2604 3418 auf all dasjenige eingeht das
658 3294 2589 3612 nicht mehr im Kunstwerk selbst
