3304 4456
536 1202 2518 1451 und Hunderttausende über sein
521 1345 2571 1586 Werk weinen, lächeln, oder spot¬
573 1541 1670 1744 ten, oder gähnen.
600 1596 2619 1953 Ich übertreibe affenbar. Die Künst¬
396 1781 2524 2037 ind nicht alle so empfindlich
2125 1897 2513 1982 eh utiies
584 1961 2534 2220 oder diese Empfindlichkeit reicht
584 2096 2566 2341 wenigstens nicht auf lange Zeit.
2059 2217 2563 2373 das Recht
602 2254 2175 2481 Auch hat ja nicht Jedermann
576 2344 2553 2629 und sogar nur Wenige die Mäg¬
595 2539 2431 2793 lichkeit ihr Urtheil über ein
552 2635 2571 2915 Kunstwerk statt jed der Offent¬
568 2793 2547 3100 lichkeit zu übergeben. Und auch
592 2957 2421 3189 von denen, die den Beruf des
613 3100 2553 3324 Kritikers in sich fühlen erhalten
600 3245 2582 3496 nur Wenige das kritische Amt¬
592 3377 2516 3676 Ich will hier auch gar nicht vom
624 3549 2579 3805 Kritikasta sprechen, der sich zum
2627 1831 2806 2053 e
