2936 3528
842 508 1572 684 Grenzen der Krittk.
952 577 2499 779 Kritik hat ihre Grenzen, Ase oft schon
763 738 1940 914 solche für die Kunst diktierts
955 891 2517 1052 tik trägt ihre Grenzen teilweise in sich.
1123 1001 2491 1187 n begründet im Kulturstandpunkt. und
1110 1133 2535 1340 Nation und in der Persönlichkeit des
1174 1412 2504 1600 s sagen, was wahr, einfach woll ee
822 1649 2399 1845 hichte der Arenzüberschreitungen wäre zu
824 1858 2486 2106 irliche Grenze. Ewige Grenze. Die Fremdheit
715 2052 2601 2221 ihen dem Schaffenden und dem, der das Geschaffene
539 2208 1256 2353 in sich aufnimmt.
679 2264 2517 2489 Scheu mancher Leute, die in die Oeffentlichkeit
722 2463 2034 2619 in, plötzliches Ausgeliefertsein.
692 2578 2570 2741 Ist es möglich, dass sich die Kritik nur auf das
666 2718 1912 2872 k bezieht, nicht auf die Persont
687 2810 2624 3025 Tiefer Zusammenhang mäncher Schöpfungen mit Ihrem
549 2956 2550 3140 Schöpfer, Anschauungen, charakter, vielleicht sogar
551 3076 2604 3234 Lebenswandel des Autore werden unwillkürlich mit den
559 3168 2262 3341 Werk zugleich kritisiert, ohne jede Absicht.
