3400 4408
1405 1450 2902 1629 der unbefangene Leser den Findruck ha-
1415 1611 2951 1749 ben, dass Sie Shakespeare und Sophokles
1409 1728 2906 1891 für alte Trottel halten. Von Schiller,
1407 1869 2962 2003 Kleist, Hebbel, Grillparzer garnicht zu-
2492 1974 3265 2100 .
1405 2015 1666 2172 reden.
1299 2124 2859 2277 Der junge: Aber ich habe doch nicht im
1407 2240 2910 2388 entferntesten behauptet, dass Herr Iu-
1425 2370 2947 2508 cius mit Shakespeare, kleist, Grillpar-
1749 2529 2494 2642 zu vergleichen ist!
1291 2568 1460 2739 por
1524 2607 2939 2801 lte: Ja, das sagen Sie jetzt, sagen
1990 2753 2960 2900 vier Augen. Warum schrei-
1543 2888 2978 3040 1 Sie denn das nichtf, - he, Sie, der
1625 3022 2890 3160 nur die Wahrheit schreibt - sie
1431 3129 3011 3292 Ehrenmann! Sie werden mir lang einreden,
1433 3290 2982 3422 dass Sie gestem nicht bei Herrn Lucius
1405 3411 2469 3554 zum Eesen eingeladen waren!
1326 3552 2009 3680 Der junge: Herrl.
1326 3665 2986 3805 Der alte: Nun ja, warum haben Sie die Ab-
1446 3814 2848 3939 sicht,(so(wesentliche Dinge zu ver-
1448 3913 3032 4082 schweigen! Warum sagen Sie es insgeheim,
