3320 4440
660 1089 2390 1405 Kritisiron nicht. densoch aber
616 1233 2483 1561 man die Kritik nicht wie es d
634 1457 2500 1714 geistvolle Olerkanson vor Kunzen
648 1616 2673 1846 gethan, eine Kunst nehmen, wenn
660 1748 2638 1990 sie auch „keine Wissenschaft ist, ab¬
665 1924 2799 2154 sötut nichts was ssch erleen läßt
651 2071 2629 2304 und wozu mai geschult werden
631 2192 2480 2399 kann. ) Wenn Platangon sagt.
654 2318 2511 2540 Kritik ist eine Kunst, wie Dich¬
660 2483 2552 2742 lung eine Kunst ist; wie Malerei
642 2627 2534 2851 eine Kunst ist." So muß ich ihm
662 2771 2589 3012 darauf erwiedern: daß er wohl an
671 2894 2575 3148 Künstler dankt welche kritisiren,
677 3038 2583 3312 und, wenn er grophezeit, das Wesen
648 3197 2529 3427 der neuen Rritik wird Sensibi¬
619 3352 2514 3594 lität sein so finde ich daß was
524 3735 2845 3972 4) Kritik von Olabanson, freie Bühne 189217
