3304 4440
922 1271 2567 1535 Und wenn men fruddert hat fragt man sich.
960 1493 1972 1653 War ich nur ganz ehrlich.
935 1595 1154 1767 Rein.
922 1740 2029 1919 Es blaibt eine halbe Sache.
920 1874 2667 2094 man 체bersetzt Peitsdenhiebe in milde Worte.
925 2044 1413 2178 war es klugt
915 2161 1376 2306 auch nicht.
907 2248 2794 2465 Die Kerle werden toil vor Mut und werden schlim
907 2438 1705 2580 mer f채lschen als je.
905 2600 1715 2692 hat es mich befreit?
870 2707 2724 2859 kaum, denn das n채chstemal geht es von vorne an.
895 2839 2896 3033 man h채tte besser getmn eine neue Novelle zu schrei-
860 2969 1042 3083 ven.
867 3043 1942 3205 Mer tiltene dben
897 3165 1810 3345 ken ietwreigt.
2866 925 3018 1074 104
