3048 3736
2356 428 2663 625 1I1508
738 630 1370 805 Kritikerschule.
745 755 2281 942 zuerst die schlimmen Ruberi unter sich.
762 885 1844 1065 Legen einander was vor..
760 1010 2430 1185 Mephisto Skribifan erscheint als Vertreter
762 1132 1276 1298 des Teufeis.
760 1204 2572 1425 Der Teufel kommt nicht mehr, Ihr seid ihm ein
772 1349 1675 1531 zu schähiges Gesindel.
786 1488 1836 1649 Uns darf man nichts sagen.
784 1586 2272 1752 Also ich war ein verzauberter Mensch.
791 1745 1296 1889 lasst sehen.
796 1844 2046 2065 Also Aufsätze bring ich zurtiek-
810 1918 2596 2175 Ein Aufsatz übel kaust, als wenn er von einem
812 2149 1498 2291 Unbekannten wäre.
808 2147 2495 2385 Oder von einem, der neulich Erfolg hatte.
820 2300 2582 2488 oder von einem Juden. Erstens, wenn ein Jud
824 2416 2757 2656 drüber schreibt, zweitens, wenn ein Christ drüber
832 2610 1219 2762 schreibt.
846 2678 2675 2858 oder von einem Christen., Wenn ein Christ dri
856 2760 2740 2988 ber schreibt, oder wenn ein Jud drüber schreibt.
856 2964 1541 3127 Vertrag. Norüber.
868 3046 2197 3214 beber Unterschlagen und Fälschen.
865 3199 1195 3360 Zeugnen.
