3096 3688
1121 543 2720 786 von vornherein weder Talent noch Stimmung
648 708 818 812 zu f
1220 742 2636 899 gen체gt dem Beflissenen, 체ber irgend
627 844 2709 990 etwas, das nun einmal da ist, irgend ein Wort auszu-
643 982 2743 1178 sprechen, und er ist kritiker gewesen, wie der Andere
627 1045 1134 1220 Dichter war.
465 1152 674 1233 esn
773 1241 2607 1398 Nun denke man sich aber den selben Zustand und
609 1356 2678 1557 die gleiche Meinung auf ein anderes Gebiet der Kunst
609 1471 1084 1601 체bertr채gen.
