3304 4440
299 1913 629 2025 eien
891 1345 2933 1571 In jedem Einzelfall erlebt man neue Ueberraschungen.
2329 1535 2888 1667 fert. cerae
873 1502 2248 1695 Dass die Leute nicht legen wollen.
2329 1627 2941 1746 elebt. eist ces
842 1644 1682 1789 Dass sie alles wagen.
2322 1708 2941 1786 dectargnt lereis
2319 1746 2949 1863 eteur Tilat. trsl.
2322 1794 2786 1878 er.ecidotume
863 1761 2812 1972 Dass sie jede Unwahmeit auf diesem Geistigen ge
863 1911 1906 2053 biete f체r erl채ubt halten.
858 2048 2855 2258 Und immer wieder, dass man zwischen Heiterkeit und
855 2175 2652 2355 Ekel, zwischen Verachtung und Grimm schwankt,
853 2332 2791 2492 zwischen dem Wunsch ruhigweiter zu gehn und sich
850 2431 1779 2609 um nichts zu k체mnern...
850 2570 2045 2746 Und der Sehnsucht dreinzuchaun.
830 2702 2786 2875 Man hat es f체r klug gehalten zu schweigen und war
837 2847 2449 3032 frok, dass man bicher nicht erwidert hat.
827 2949 2723 3174 Denn man weiss ja, dass das Werkkbleibt und die
822 3083 1667 3243 Erteile verschwinden.
797 3248 2710 3431 Man hat es schon oft erlbet, dass schon nach we-
771 3382 2740 3570 nig Jahren an dem Werk die Schmutzflecken der Kri
807 3527 1964 3679 tik nicht mehr zu sehn waren.
2890 924 3030 1089 108
