3128 3720
2413 453 2691 630 20.7.200
1108 696 2583 857 Häufige Erscheinung, dass sehr eigen-
968 862 2649 991 artige dichterische Talente manchmal schon
962 964 2602 1130 nach dem ersten Werke mit dem Vorwurf der
966 1111 2564 1283 Einseitigkeit bedacht werden. So ging es
972 1215 2576 1387 Hebbel nach "Judithr, "Genofeva“, "Maria
955 1347 2549 1540 Magdalena“, So Heyse. So Hauptmann, dem
968 1496 2600 1630 man oft vorwirft, er wiederhole sich, be-
977 1596 2683 1762 handle stets das gleiche Thema. Auch Goethe
991 1749 2574 1923 ist es nicht erspart geblieben zu hören,
981 1868 2655 2062 dass Werther, Tasso, clavigo u.A., auf der
989 1993 2664 2159 andern Seite Mephisto, Carlos u.s.w. immer
1528 2106 1770 2181 haen
989 2134 2668 2319 die gleichen sind, die unter Verkleidungen
991 2298 1528 2468 wiederkehren.
1147 2391 2640 2542 das beruht auf einer Vernsshelung Vor
994 2521 2570 2702 Eigenart und Einseitigkeit. Der Umstand,
1008 2653 2640 2819 dass eine sehr starke Individualität sich
1019 2783 2679 2968 selbst mit Lebhaftigkeit inmer wieder aus-
1011 2874 2679 3108 spricht, so dass sie imner sofort wisderf-
1019 3023 2662 3242 erkannt wird, verführt die Kritik und das
1023 3159 2691 3378 Publikum zu der Behauftung, sie wiederhole
