<?xml version="1.0" encoding="UTF-8" standalone="yes"?>
<PcGts xmlns="http://schema.primaresearch.org/PAGE/gts/pagecontent/2013-07-15" xmlns:xsi="http://www.w3.org/2001/XMLSchema-instance" xsi:schemaLocation="http://schema.primaresearch.org/PAGE/gts/pagecontent/2013-07-15 http://schema.primaresearch.org/PAGE/gts/pagecontent/2013-07-15/pagecontent.xsd">
    <Metadata>
        <Creator>prov=READ-COOP:name=PyLaia@TranskribusPlatform:version=2.7.0:model_id=50870:lm=none:date=22_01_2024_21:05</Creator>
        <Created>2023-09-27T14:41:06.903+02:00</Created>
        <LastChange>2024-01-22T21:05:36.680+01:00</LastChange>
        <TranskribusMetadata docId="1589066" pageId="60126410" pageNr="56" tsid="145641857" status="IN_PROGRESS" userId="40391" imgUrl="https://files.transkribus.eu/Get?id=QXZEPSNNOPSLJAMTZWFYEYLW&amp;fileType=view" xmlUrl="https://files.transkribus.eu/Get?id=XFSEPVFLDQIMITFXQUWYYLJR" imageId="48551487"/>
    </Metadata>
    <Page imageFilename="1589066_0056.jpg" imageWidth="3096" imageHeight="3720">
        <ReadingOrder>
            <OrderedGroup id="ro_1711788120220" caption="Regions reading order">
                <RegionRefIndexed index="0" regionRef="tr_1"/>
            </OrderedGroup>
        </ReadingOrder>
        <TextRegion orientation="0.0" id="tr_1" custom="readingOrder {index:0;}">
            <Coords points="620,326 620,3204 2970,3204 2970,326"/>
            <TextLine id="tr_1_tl_1" custom="readingOrder {index:0;}">
                <Coords points="2369,450 2410,450 2416,458 2459,440 2485,453 2513,442 2531,460 2565,466 2591,296 2562,283 2511,304 2457,293 2392,296"/>
                <Baseline points="2391,406 2418,404 2446,401 2474,394 2501,387 2529,383 2557,382 2585,382"/>
                <TextEquiv>
                    <Unicode>1900</Unicode>
                </TextEquiv>
            </TextLine>
            <TextLine id="tr_1_tl_2" custom="readingOrder {index:1;}">
                <Coords points="2166,551 2212,558 2228,548 2259,569 2272,558 2297,571 2318,563 2318,427 2300,427 2261,445 2215,409 2169,412"/>
                <Baseline points="2179,519 2208,520 2237,516 2266,518 2295,518 2325,516"/>
                <TextEquiv>
                    <Unicode></Unicode>
                </TextEquiv>
            </TextLine>
            <TextLine id="tr_1_tl_3" custom="readingOrder {index:2;}">
                <Coords points="962,805 1731,792 2048,687 2292,651 2400,687 2506,664 2516,558 2153,535 1924,641 1598,682 1384,653 1294,707 1086,723 975,666"/>
                <Baseline points="979,782 1055,778 1132,766 1209,756 1286,753 1363,742 1440,734 1516,727 1593,714 1670,707 1747,699 1824,695 1901,689 1978,674 2054,667 2131,658 2208,649 2285,641 2362,633 2439,627 2516,623"/>
                <TextEquiv>
                    <Unicode>olne vorgeseeste Meinung, dem vor milt</Unicode>
                </TextEquiv>
            </TextLine>
            <TextLine id="tr_1_tl_4" custom="readingOrder {index:3;}">
                <Coords points="1039,859 1068,864 1086,851 1111,854 1119,846 1173,857 1178,795 1163,795 1155,803 1147,795 1134,805 1127,797 1106,813 1096,800 1091,805 1073,792 1044,792"/>
                <Baseline points="1056,841 1081,841 1106,840 1131,838 1156,835 1182,832"/>
                <TextEquiv>
                    <Unicode>anet</Unicode>
                </TextEquiv>
            </TextLine>
            <TextLine id="tr_1_tl_5" custom="readingOrder {index:4;}">
                <Coords points="774,888 839,898 870,885 882,903 908,890 926,900 983,872 1032,908 1039,808 988,797 944,821 911,800 862,826 826,810 800,826 777,821"/>
                <Baseline points="788,886 813,886 838,886 863,886 889,881 914,877 939,875 965,874 990,874 1015,874 1041,874"/>
                <TextEquiv>
                    <Unicode>sister</Unicode>
                </TextEquiv>
            </TextLine>
            <TextLine id="tr_1_tl_6" custom="readingOrder {index:5;}">
                <Coords points="759,947 1116,916 1217,970 1425,875 1790,867 1788,764 1626,805 1435,779 1353,828 926,903 767,888"/>
                <Baseline points="776,940 827,936 878,932 930,925 981,918 1032,914 1084,904 1135,900 1186,895 1238,892 1289,884 1340,877 1392,874 1443,868 1494,864 1546,853 1597,851 1648,845 1700,838 1751,832 1803,829"/>
                <TextEquiv>
                    <Unicode>des sota tonal 8otert pete 1</Unicode>
                </TextEquiv>
            </TextLine>
            <TextLine id="tr_1_tl_7" custom="readingOrder {index:6;}">
                <Coords points="1019,1062 1222,1101 1477,1080 1726,980 2326,929 2310,836 1857,867 1392,967 1029,975"/>
                <Baseline points="1035,1047 1103,1042 1171,1029 1240,1025 1308,1021 1376,1009 1445,997 1513,990 1581,984 1650,980 1718,972 1787,962 1855,954 1923,947 1992,941 2060,932 2128,924 2197,919 2265,912 2334,910"/>
                <TextEquiv>
                    <Unicode>aegecten, Vortoile und Rerkstelite.</Unicode>
                </TextEquiv>
            </TextLine>
            <TextLine id="tr_1_tl_8" custom="readingOrder {index:7;}">
                <Coords points="1626,1140 1999,1158 2261,1065 2593,1137 2614,949 2441,975 2266,916 2040,970 1909,1050 1634,1052"/>
                <Baseline points="1643,1118 1691,1113 1739,1106 1788,1100 1836,1096 1885,1090 1933,1082 1982,1075 2030,1074 2079,1074 2127,1067 2175,1062 2224,1051 2272,1047 2321,1043 2369,1037 2418,1029 2466,1026 2515,1021 2563,1016 2612,1015"/>
                <TextEquiv>
                    <Unicode>2om, Bel, Gedieg</Unicode>
                </TextEquiv>
            </TextLine>
            <TextLine id="tr_1_tl_9" custom="readingOrder {index:8;}">
                <Coords points="1235,1214 1312,1214 1343,1199 1351,1209 1376,1201 1415,1225 1451,1222 1466,1075 1451,1070 1415,1086 1387,1075 1343,1096 1330,1083 1302,1096 1281,1088 1263,1101 1248,1098"/>
                <Baseline points="1253,1161 1279,1159 1306,1156 1333,1152 1360,1149 1387,1145 1414,1141 1441,1140 1468,1140"/>
                <TextEquiv>
                    <Unicode>Aufdet</Unicode>
                </TextEquiv>
            </TextLine>
            <TextLine id="tr_1_tl_10" custom="readingOrder {index:9;}">
                <Coords points="607,1237 633,1230 653,1245 687,1225 697,1235 710,1227 733,1243 774,1217 795,1227 808,1219 823,1225 831,1145 803,1142 746,1163 715,1163 702,1147 684,1152 674,1140 635,1160 612,1155"/>
                <Baseline points="620,1224 646,1224 672,1221 698,1218 724,1214 750,1212 776,1212 802,1211 829,1209"/>
                <TextEquiv>
                    <Unicode>Stadi</Unicode>
                </TextEquiv>
            </TextLine>
            <TextLine id="tr_1_tl_11" custom="readingOrder {index:10;}">
                <Coords points="1688,1327 1778,1297 2009,1348 2529,1276 2886,1315 2961,1299 2964,1209 2853,1237 2554,1191 2482,1232 2287,1158 2112,1227 1855,1163 1690,1188"/>
                <Baseline points="1701,1277 1764,1274 1827,1275 1891,1274 1954,1270 2018,1268 2081,1268 2145,1265 2208,1262 2272,1261 2335,1259 2398,1259 2462,1256 2525,1256 2589,1256 2652,1258 2716,1261 2779,1257 2843,1256 2906,1247 2970,1233"/>
                <TextEquiv>
                    <Unicode>A.</Unicode>
                </TextEquiv>
            </TextLine>
            <TextLine id="tr_1_tl_12" custom="readingOrder {index:11;}">
                <Coords points="620,1358 720,1379 828,1345 898,1369 944,1351 949,1261 851,1286 833,1266 787,1276 759,1266 736,1284 671,1276 623,1299"/>
                <Baseline points="635,1352 661,1354 687,1354 714,1351 740,1348 767,1346 793,1345 819,1343 846,1341 872,1339 899,1338 925,1336 952,1334"/>
                <TextEquiv>
                    <Unicode>tigkeit.</Unicode>
                </TextEquiv>
            </TextLine>
            <TextLine id="tr_1_tl_13" custom="readingOrder {index:12;}">
                <Coords points="641,1574 1492,1474 1587,1497 1724,1448 1999,1469 2215,1394 2593,1366 2601,1291 2531,1276 2171,1345 1986,1315 1744,1384 1587,1345 880,1502 651,1489"/>
                <Baseline points="656,1555 753,1550 850,1538 948,1528 1045,1518 1142,1506 1240,1495 1337,1487 1434,1474 1532,1464 1629,1454 1726,1445 1824,1432 1921,1422 2018,1412 2116,1400 2213,1389 2310,1376 2408,1368 2505,1356 2603,1349"/>
                <TextEquiv>
                    <Unicode>ae at sene 1o das t e s ete 1. 1o a er . 18. 1.</Unicode>
                </TextEquiv>
            </TextLine>
            <TextLine id="tr_1_tl_14" custom="readingOrder {index:13;}">
                <Coords points="656,1700 782,1729 960,1672 1276,1634 1361,1664 1505,1605 1616,1634 2058,1541 2251,1569 2588,1525 2596,1441 2462,1412 2187,1477 1821,1464 1546,1549 1258,1541 1183,1585 664,1621"/>
                <Baseline points="671,1686 767,1683 863,1672 959,1662 1056,1653 1152,1640 1248,1625 1345,1618 1441,1611 1537,1599 1634,1586 1730,1576 1826,1568 1922,1558 2019,1542 2115,1533 2211,1523 2308,1511 2404,1503 2500,1493 2597,1486"/>
                <TextEquiv>
                    <Unicode>gret gest des brstitere an. Sos sied dor 2:</Unicode>
                </TextEquiv>
            </TextLine>
            <TextLine id="tr_1_tl_15" custom="readingOrder {index:14;}">
                <Coords points="669,1826 967,1855 1510,1739 1762,1744 1935,1693 2127,1726 2140,1603 2104,1590 880,1754 682,1713"/>
                <Baseline points="683,1824 755,1821 828,1813 901,1804 973,1794 1046,1788 1119,1781 1191,1779 1264,1772 1337,1752 1410,1744 1482,1739 1555,1731 1628,1723 1700,1718 1773,1706 1846,1700 1918,1691 1991,1684 2064,1676 2137,1674"/>
                <TextEquiv>
                    <Unicode>Erdelekomen, Ele Sechen liögs Woler.</Unicode>
                </TextEquiv>
            </TextLine>
            <TextLine id="tr_1_tl_16" custom="readingOrder {index:15;}">
                <Coords points="1698,1865 2477,1816 2570,1760 2665,1783 2675,1690 2542,1670 2482,1700 2426,1662 1893,1757 1711,1731"/>
                <Baseline points="1712,1862 1760,1841 1808,1836 1856,1835 1904,1831 1952,1825 2000,1818 2049,1812 2097,1807 2145,1802 2193,1795 2241,1789 2289,1785 2337,1782 2386,1772 2434,1764 2482,1763 2530,1759 2578,1753 2626,1748 2675,1746"/>
                <TextEquiv>
                    <Unicode>helatiritat seins Norto</Unicode>
                </TextEquiv>
            </TextLine>
            <TextLine id="tr_1_tl_17" custom="readingOrder {index:16;}">
                <Coords points="1708,1917 1739,1901 1752,1901 1757,1906 1780,1899 1790,1906 1801,1893 1808,1893 1808,1888 1829,1886 1826,1857 1806,1860 1790,1850 1770,1850 1752,1857 1744,1850 1736,1855 1724,1852 1711,1842 1695,1844"/>
                <Baseline points="1712,1862 1743,1875 1774,1881 1805,1883 1836,1883"/>
                <TextEquiv>
                    <Unicode></Unicode>
                </TextEquiv>
            </TextLine>
            <TextLine id="tr_1_tl_18" custom="readingOrder {index:17;}">
                <Coords points="682,2004 962,1937 1700,1917 1713,1788 1335,1844 1261,1806 1011,1883 689,1909"/>
                <Baseline points="701,1958 751,1956 802,1953 852,1947 903,1943 953,1939 1004,1933 1054,1926 1105,1921 1155,1914 1206,1908 1257,1907 1307,1898 1358,1894 1408,1888 1459,1886 1509,1884 1560,1873 1610,1866 1661,1862 1712,1862"/>
                <TextEquiv>
                    <Unicode>der dator ejert, dese dee¬</Unicode>
                </TextEquiv>
            </TextLine>
            <TextLine id="tr_1_tl_19" custom="readingOrder {index:18;}">
                <Coords points="2212,1989 2254,1983 2297,2001 2315,1983 2374,1973 2416,1994 2454,1973 2531,1989 2531,1842 2457,1819 2434,1842 2377,1837 2300,1886 2212,1862"/>
                <Baseline points="2227,1961 2252,1963 2278,1964 2303,1964 2329,1965 2354,1967 2380,1966 2406,1964 2431,1964 2457,1964 2482,1964 2508,1963 2534,1961"/>
                <TextEquiv>
                    <Unicode>Berinar</Unicode>
                </TextEquiv>
            </TextLine>
            <TextLine id="tr_1_tl_20" custom="readingOrder {index:19;}">
                <Coords points="702,2107 2133,1981 2217,1947 2228,1862 2099,1862 2009,1917 1297,1919 1024,2017 934,1978 713,2004"/>
                <Baseline points="716,2101 791,2095 866,2085 942,2079 1017,2071 1093,2064 1168,2054 1243,2045 1319,2037 1394,2029 1470,2019 1545,2009 1620,2001 1696,1993 1771,1986 1847,1975 1922,1968 1997,1955 2073,1950 2148,1943 2224,1937"/>
                <TextEquiv>
                    <Unicode>Iet ae dter teiter Söhertorst Vereret</Unicode>
                </TextEquiv>
            </TextLine>
            <TextLine id="tr_1_tl_21" custom="readingOrder {index:20;}">
                <Coords points="715,2259 1258,2225 1721,2130 1873,2151 2230,2076 2354,2125 2459,2068 2513,2097 2776,2050 2786,1958 2603,1955 2336,2014 2176,1971 1850,2048 1680,2004 1546,2079 1399,2066 1042,2140 954,2102 731,2120"/>
                <Baseline points="731,2233 833,2227 936,2219 1039,2209 1142,2196 1245,2182 1348,2170 1450,2158 1553,2148 1656,2135 1759,2125 1862,2111 1965,2097 2068,2087 2170,2073 2273,2064 2376,2055 2479,2042 2582,2029 2685,2020 2788,2021"/>
                <TextEquiv>
                    <Unicode>der ertiter gebet ds dost in dles wedlem Mlate t</Unicode>
                </TextEquiv>
            </TextLine>
            <TextLine id="tr_1_tl_22" custom="readingOrder {index:21;}">
                <Coords points="720,2380 880,2405 1132,2336 1214,2349 1307,2308 1415,2305 1423,2241 1356,2246 1312,2210 1158,2215 1034,2272 962,2256 885,2292 731,2295"/>
                <Baseline points="734,2367 768,2367 802,2366 837,2364 871,2362 905,2360 940,2356 974,2352 1008,2345 1043,2338 1077,2331 1111,2325 1146,2322 1180,2318 1214,2314 1249,2308 1283,2302 1317,2297 1352,2294 1386,2290 1421,2283"/>
                <TextEquiv>
                    <Unicode>naton. 1 stoffen</Unicode>
                </TextEquiv>
            </TextLine>
            <TextLine id="tr_1_tl_23" custom="readingOrder {index:22;}">
                <Coords points="746,2518 1783,2395 1901,2421 2032,2369 2598,2320 2606,2269 2485,2238 2274,2297 1983,2236 1657,2362 759,2416"/>
                <Baseline points="764,2504 856,2498 948,2489 1040,2478 1132,2468 1224,2456 1316,2447 1408,2435 1500,2426 1592,2419 1685,2405 1777,2393 1869,2380 1961,2371 2053,2361 2145,2351 2237,2338 2329,2329 2421,2320 2513,2310 2606,2307"/>
                <TextEquiv>
                    <Unicode>der arititer teselt in der Polonit inor Wdl.</Unicode>
                </TextEquiv>
            </TextLine>
            <TextLine id="tr_1_tl_24" custom="readingOrder {index:23;}">
                <Coords points="759,2634 813,2668 1029,2652 1101,2609 1168,2632 1899,2513 2102,2542 2115,2434 764,2575"/>
                <Baseline points="773,2633 840,2633 907,2627 974,2619 1041,2612 1108,2606 1175,2597 1242,2588 1309,2582 1376,2573 1443,2564 1510,2559 1577,2549 1644,2543 1711,2531 1778,2526 1845,2516 1912,2511 1979,2501 2046,2496 2113,2498"/>
                <TextEquiv>
                    <Unicode>ten nritik ist sein lotzies Vort.</Unicode>
                </TextEquiv>
            </TextLine>
            <TextLine id="tr_1_tl_25" custom="readingOrder {index:24;}">
                <Coords points="733,2817 854,2837 983,2786 1060,2840 1237,2732 1446,2763 1585,2699 1924,2668 2086,2709 2272,2609 2701,2567 2706,2506 2570,2493 1654,2627 1387,2611 1240,2691 1132,2663 746,2709"/>
                <Baseline points="752,2776 849,2768 947,2759 1044,2746 1142,2736 1240,2723 1337,2713 1435,2702 1532,2690 1630,2678 1728,2668 1825,2660 1923,2649 2020,2638 2118,2625 2216,2611 2313,2602 2411,2590 2508,2578 2606,2565 2704,2561"/>
                <TextEquiv>
                    <Unicode>ar aret ano aeo ateternen dnr d . 1 .</Unicode>
                </TextEquiv>
            </TextLine>
            <TextLine id="tr_1_tl_26" custom="readingOrder {index:25;}">
                <Coords points="779,2917 854,2933 936,2894 960,2922 1011,2894 1098,2912 1340,2855 1425,2871 1469,2837 1546,2850 1551,2794 1399,2735 1052,2843 787,2832"/>
                <Baseline points="794,2907 831,2904 869,2899 907,2896 945,2893 983,2889 1021,2887 1059,2884 1097,2881 1135,2877 1173,2872 1210,2867 1248,2862 1286,2860 1324,2855 1362,2849 1400,2844 1438,2839 1476,2835 1514,2833 1552,2833"/>
                <TextEquiv>
                    <Unicode>vort heiest Arbelb.</Unicode>
                </TextEquiv>
            </TextLine>
            <TextLine id="tr_1_tl_27" custom="readingOrder {index:26;}">
                <Coords points="797,3046 1006,3072 1191,3000 1724,2971 2061,2899 2367,2933 2380,2827 2290,2791 1986,2866 1626,2861 916,2984 810,2938"/>
                <Baseline points="815,3039 893,3034 971,3026 1050,3017 1128,3009 1206,2999 1285,2989 1363,2981 1441,2973 1520,2965 1598,2955 1676,2945 1755,2931 1833,2926 1911,2916 1990,2909 2068,2898 2146,2889 2225,2883 2303,2874 2382,2869"/>
                <TextEquiv>
                    <Unicode>ato vorte erriderung lst sin rewes Wit.</Unicode>
                </TextEquiv>
            </TextLine>
            <TextLine id="tr_1_tl_28" custom="readingOrder {index:27;}">
                <Coords points="818,3185 1181,3185 1412,3118 1965,3082 2086,3030 2861,2974 2871,2884 2776,2858 2467,2943 2225,2930 1996,2997 1857,2958 1621,3036 828,3102"/>
                <Baseline points="832,3176 933,3162 1035,3152 1137,3141 1239,3130 1341,3119 1443,3106 1544,3095 1646,3085 1748,3072 1850,3058 1952,3049 2054,3034 2156,3023 2257,3010 2359,2997 2461,2986 2563,2977 2665,2964 2767,2954 2869,2943"/>
                <TextEquiv>
                    <Unicode>er iet dt dort erres et dtenen te te t te. 1. .</Unicode>
                </TextEquiv>
            </TextLine>
            <TextEquiv>
                <Unicode></Unicode>
            </TextEquiv>
        </TextRegion>
    </Page>
</PcGts>
