<?xml version="1.0" encoding="UTF-8" standalone="yes"?>
<PcGts xmlns="http://schema.primaresearch.org/PAGE/gts/pagecontent/2013-07-15" xmlns:xsi="http://www.w3.org/2001/XMLSchema-instance" xsi:schemaLocation="http://schema.primaresearch.org/PAGE/gts/pagecontent/2013-07-15 http://schema.primaresearch.org/PAGE/gts/pagecontent/2013-07-15/pagecontent.xsd">
    <Metadata>
        <Creator>prov=READ-COOP:name=PyLaia@TranskribusPlatform:version=2.7.0:model_id=50870:lm=none:date=22_01_2024_21:05</Creator>
        <Created>2023-09-27T14:41:10.086+02:00</Created>
        <LastChange>2024-01-22T21:05:42.553+01:00</LastChange>
        <TranskribusMetadata docId="1589066" pageId="60126529" pageNr="86" tsid="145641889" status="IN_PROGRESS" userId="40391" imgUrl="https://files.transkribus.eu/Get?id=GUFLZJSIOEGFEZOJQJWAVSTH&amp;fileType=view" xmlUrl="https://files.transkribus.eu/Get?id=RXEGBWOIUUHUQDWBQKRYLMRQ" imageId="48551606"/>
    </Metadata>
    <Page imageFilename="1589066_0086.jpg" imageWidth="3304" imageHeight="4440">
        <ReadingOrder>
            <OrderedGroup id="ro_1711788172743" caption="Regions reading order">
                <RegionRefIndexed index="0" regionRef="tr_1"/>
            </OrderedGroup>
        </ReadingOrder>
        <TextRegion orientation="0.0" id="tr_1" custom="readingOrder {index:0;}">
            <Coords points="1139,1420 1139,3938 2954,3938 2954,1420"/>
            <TextLine id="tr_1_tl_1" custom="readingOrder {index:0;}">
                <Coords points="1194,1503 2129,1488 2457,1530 2641,1499 2639,1380 2383,1364 2212,1429 1880,1389 1784,1429 1191,1411"/>
                <Baseline points="1205,1477 1277,1474 1349,1478 1421,1478 1493,1477 1565,1477 1637,1477 1709,1480 1781,1480 1853,1481 1925,1482 1997,1482 2069,1486 2141,1493 2213,1491 2285,1494 2357,1493 2429,1488 2501,1491 2573,1491 2646,1497"/>
                <TextEquiv>
                    <Unicode>wohlgemeinte Ratschläge gibt, was sie</Unicode>
                </TextEquiv>
            </TextLine>
            <TextLine id="tr_1_tl_2" custom="readingOrder {index:1;}">
                <Coords points="1158,1613 1449,1649 1943,1607 2807,1629 2805,1521 2621,1494 1158,1557"/>
                <Baseline points="1169,1602 1251,1600 1333,1599 1415,1601 1497,1602 1579,1602 1661,1602 1743,1603 1825,1605 1907,1605 1989,1605 2071,1608 2153,1614 2235,1614 2317,1611 2399,1611 2481,1614 2563,1614 2645,1614 2727,1614 2810,1620"/>
                <TextEquiv>
                    <Unicode>gentlich zu dichten haben, wenn siefeitat</Unicode>
                </TextEquiv>
            </TextLine>
            <TextLine id="tr_1_tl_3" custom="readingOrder {index:2;}">
                <Coords points="1153,1761 2744,1739 2872,1791 2870,1669 2639,1665 2464,1719 2266,1622 2147,1667 1802,1620 1714,1683 1151,1651"/>
                <Baseline points="1163,1718 1248,1718 1334,1720 1419,1721 1505,1723 1591,1721 1676,1724 1762,1728 1848,1725 1933,1725 2019,1727 2105,1727 2190,1727 2276,1730 2362,1730 2447,1734 2533,1732 2619,1730 2704,1733 2790,1733 2876,1736"/>
                <TextEquiv>
                    <Unicode>finden wollen. Sie haben zuweilen gefürchtet</Unicode>
                </TextEquiv>
            </TextLine>
            <TextLine id="tr_1_tl_4" custom="readingOrder {index:3;}">
                <Coords points="1151,1856 2798,1865 2798,1799 2697,1802 2603,1743 2019,1799 1793,1761 1366,1817 1151,1791"/>
                <Baseline points="1163,1844 1245,1839 1327,1841 1409,1841 1491,1844 1573,1844 1655,1844 1737,1846 1819,1844 1901,1847 1983,1849 2065,1847 2147,1850 2229,1847 2311,1850 2393,1850 2475,1852 2557,1852 2639,1850 2721,1852 2804,1858"/>
                <TextEquiv>
                    <Unicode>dass sie ein misslungenes Werk in die Weit</Unicode>
                </TextEquiv>
            </TextLine>
            <TextLine id="tr_1_tl_5" custom="readingOrder {index:4;}">
                <Coords points="1147,2008 1799,1966 2580,2008 2841,1970 2841,1894 2641,1934 2443,1860 2242,1918 1147,1891"/>
                <Baseline points="1160,1969 1244,1963 1328,1960 1412,1960 1497,1963 1581,1966 1665,1963 1750,1963 1834,1963 1918,1963 2003,1966 2087,1963 2171,1966 2255,1968 2340,1967 2424,1969 2508,1971 2593,1969 2677,1967 2761,1969 2846,1966"/>
                <TextEquiv>
                    <Unicode>ges hicht, aber sie erfahren bald, dass sie</Unicode>
                </TextEquiv>
            </TextLine>
            <TextLine id="tr_1_tl_6" custom="readingOrder {index:5;}">
                <Coords points="1147,2132 1777,2084 2951,2120 2948,1981 2381,1988 2246,2037 1144,2008"/>
                <Baseline points="1160,2082 1249,2079 1339,2079 1429,2079 1518,2079 1608,2082 1698,2082 1787,2085 1877,2085 1967,2085 2057,2085 2146,2088 2236,2091 2326,2085 2415,2085 2505,2085 2595,2088 2684,2091 2774,2088 2864,2088 2954,2088"/>
                <TextEquiv>
                    <Unicode>e ne Schurkerei begangen.. Sie haben gezlaubt</Unicode>
                </TextEquiv>
            </TextLine>
            <TextLine id="tr_1_tl_7" custom="readingOrder {index:6;}">
                <Coords points="1147,2253 1640,2250 1815,2208 2208,2210 2291,2253 2910,2215 2910,2107 2767,2174 2399,2102 1887,2170 1737,2125 1544,2158 1147,2132"/>
                <Baseline points="1160,2202 1247,2199 1335,2202 1423,2199 1511,2199 1598,2202 1686,2202 1774,2204 1862,2202 1949,2202 2037,2202 2125,2202 2213,2207 2300,2204 2388,2205 2476,2205 2564,2206 2651,2209 2739,2213 2827,2208 2915,2211"/>
                <TextEquiv>
                    <Unicode>eine Geschichte zu erzählen von Menschen, de-</Unicode>
                </TextEquiv>
            </TextLine>
            <TextLine id="tr_1_tl_8" custom="readingOrder {index:7;}">
                <Coords points="1135,2385 1642,2340 1885,2374 2051,2329 2392,2372 2829,2351 2798,2215 2233,2268 2134,2242 2069,2286 1775,2284 1607,2224 1306,2284 1135,2268"/>
                <Baseline points="1148,2327 1232,2321 1316,2323 1400,2326 1485,2321 1569,2322 1653,2323 1738,2324 1822,2327 1906,2330 1991,2327 2075,2327 2159,2326 2243,2326 2328,2327 2412,2327 2496,2324 2581,2327 2665,2330 2749,2332 2834,2339"/>
                <TextEquiv>
                    <Unicode>ten irgend was begegnet ist und hören bald,</Unicode>
                </TextEquiv>
            </TextLine>
            <TextLine id="tr_1_tl_9" custom="readingOrder {index:8;}">
                <Coords points="1185,2488 1405,2515 1972,2448 2118,2452 2192,2509 2271,2455 2634,2479 2688,2470 2686,2365 2006,2367 1788,2410 1182,2383"/>
                <Baseline points="1196,2443 1270,2443 1345,2446 1420,2446 1495,2446 1570,2449 1645,2443 1720,2445 1795,2447 1870,2446 1945,2448 2019,2446 2094,2446 2169,2449 2244,2447 2319,2446 2394,2449 2469,2446 2544,2449 2619,2450 2694,2455"/>
                <TextEquiv>
                    <Unicode>dass sie irgend eine Tendeyz ausdrücken</Unicode>
                </TextEquiv>
            </TextLine>
            <TextLine id="tr_1_tl_10" custom="readingOrder {index:9;}">
                <Coords points="1784,2540 1838,2526 1867,2549 1916,2524 1977,2517 1990,2526 2053,2526 2058,2484 1972,2448 1961,2457 1941,2450 1871,2486 1858,2475 1840,2491 1788,2486"/>
                <Baseline points="1796,2530 1822,2530 1849,2529 1875,2527 1902,2523 1929,2518 1955,2516 1982,2514 2008,2513 2035,2514 2062,2516"/>
                <TextEquiv>
                    <Unicode>malea</Unicode>
                </TextEquiv>
            </TextLine>
            <TextLine id="tr_1_tl_11" custom="readingOrder {index:10;}">
                <Coords points="1178,2571 1414,2625 1660,2574 1842,2650 2075,2569 2345,2632 2455,2578 2874,2576 2874,2515 2823,2504 1871,2542 1178,2509"/>
                <Baseline points="1190,2560 1274,2566 1358,2564 1443,2568 1527,2566 1612,2564 1696,2566 1781,2564 1865,2566 1950,2566 2034,2566 2118,2565 2203,2566 2287,2569 2372,2569 2456,2569 2541,2570 2625,2569 2710,2572 2794,2572 2879,2575"/>
                <TextEquiv>
                    <Unicode>vollten, was ihner schmahlich mislungen. Sie</Unicode>
                </TextEquiv>
            </TextLine>
            <TextLine id="tr_1_tl_12" custom="readingOrder {index:11;}">
                <Coords points="1187,2749 1562,2695 1741,2733 1930,2695 2434,2692 2616,2744 2802,2713 2800,2634 2558,2592 2224,2654 1185,2632"/>
                <Baseline points="1199,2691 1279,2682 1359,2684 1440,2685 1520,2688 1601,2685 1681,2687 1761,2688 1842,2685 1922,2685 2003,2688 2083,2688 2163,2689 2244,2688 2324,2688 2405,2691 2485,2688 2565,2691 2646,2691 2726,2691 2807,2694"/>
                <TextEquiv>
                    <Unicode>ersuchen wie manche andre leute sich von</Unicode>
                </TextEquiv>
            </TextLine>
            <TextLine id="tr_1_tl_13" custom="readingOrder {index:12;}">
                <Coords points="1133,2832 2832,2834 2800,2755 2592,2771 2529,2733 2100,2778 1793,2722 1434,2769 1133,2751"/>
                <Baseline points="1145,2810 1229,2807 1314,2807 1398,2805 1483,2806 1568,2806 1652,2807 1737,2809 1821,2807 1906,2804 1991,2807 2075,2807 2160,2808 2244,2807 2329,2807 2414,2808 2498,2808 2583,2810 2667,2810 2752,2810 2837,2813"/>
                <TextEquiv>
                    <Unicode>dem was sie leisten eine auskönmliche Exist</Unicode>
                </TextEquiv>
            </TextLine>
            <TextLine id="tr_1_tl_14" custom="readingOrder {index:13;}">
                <Coords points="1142,2986 1490,2935 2549,2975 2679,2937 2679,2888 2405,2834 2185,2894 2058,2843 1654,2872 1488,2836 1223,2890 1142,2856"/>
                <Baseline points="1154,2933 1230,2929 1307,2927 1383,2927 1460,2929 1536,2929 1613,2927 1689,2927 1766,2926 1842,2927 1919,2927 1996,2927 2072,2925 2149,2927 2225,2928 2302,2927 2378,2930 2455,2930 2531,2930 2608,2927 2685,2930"/>
                <TextEquiv>
                    <Unicode>tenz zu sichern sie werden bald als hab</Unicode>
                </TextEquiv>
            </TextLine>
            <TextLine id="tr_1_tl_15" custom="readingOrder {index:14;}">
                <Coords points="1171,3101 1458,3056 1582,3090 2158,3069 2212,3105 2372,3060 2832,3072 2832,2986 2618,2964 2069,2960 1822,3007 1642,2935 1418,2984 1171,2944"/>
                <Baseline points="1184,3055 1266,3052 1349,3052 1431,3053 1514,3049 1597,3048 1679,3049 1762,3049 1845,3049 1927,3051 2010,3049 2093,3051 2175,3052 2258,3052 2341,3052 2423,3053 2506,3049 2589,3051 2671,3049 2754,3049 2837,3052"/>
                <TextEquiv>
                    <Unicode>sierige Mucherer entparvt. Bei jedem neuen</Unicode>
                </TextEquiv>
            </TextLine>
            <TextLine id="tr_1_tl_16" custom="readingOrder {index:15;}">
                <Coords points="1169,3224 1402,3184 1609,3218 1739,3175 2120,3218 2320,3177 2820,3206 2789,3067 2569,3126 2390,3067 2188,3119 1943,3087 1721,3146 1580,3087 1517,3130 1169,3121"/>
                <Baseline points="1181,3171 1263,3169 1345,3176 1427,3177 1509,3174 1592,3174 1674,3174 1756,3174 1838,3173 1920,3174 2003,3174 2085,3171 2167,3174 2249,3174 2331,3172 2414,3171 2496,3171 2578,3171 2660,3171 2742,3174 2825,3174"/>
                <TextEquiv>
                    <Unicode>Werk, das sie in die Weit entlassen hoffen</Unicode>
                </TextEquiv>
            </TextLine>
            <TextLine id="tr_1_tl_17" custom="readingOrder {index:16;}">
                <Coords points="1171,3298 2814,3330 2814,3204 2441,3251 2208,3195 2069,3249 1656,3206 1171,3249"/>
                <Baseline points="1184,3297 1265,3297 1347,3297 1429,3294 1511,3292 1592,3294 1674,3294 1756,3297 1838,3294 1919,3295 2001,3295 2083,3294 2165,3294 2246,3296 2328,3294 2410,3294 2492,3297 2573,3297 2655,3294 2737,3294 2819,3297"/>
                <TextEquiv>
                    <Unicode>sie aufs Neue. Dass sie nun endich vor den</Unicode>
                </TextEquiv>
            </TextLine>
            <TextLine id="tr_1_tl_18" custom="readingOrder {index:17;}">
                <Coords points="1133,3455 1261,3428 1584,3467 1894,3422 2147,3458 2295,3419 2650,3464 2751,3455 2753,3357 2493,3323 2331,3377 2004,3339 1696,3379 1550,3303 1135,3352"/>
                <Baseline points="1145,3422 1225,3419 1306,3419 1386,3416 1467,3416 1548,3416 1628,3416 1709,3416 1789,3418 1870,3414 1951,3416 2031,3415 2112,3416 2192,3417 2273,3418 2354,3416 2434,3414 2515,3416 2595,3419 2676,3415 2757,3422"/>
                <TextEquiv>
                    <Unicode>albernsten Missverständnissen und den hös</Unicode>
                </TextEquiv>
            </TextLine>
            <TextLine id="tr_1_tl_19" custom="readingOrder {index:18;}">
                <Coords points="1135,3568 1243,3599 1580,3538 1923,3572 2737,3538 2713,3462 2587,3509 2275,3467 1954,3498 1775,3462 1550,3509 1340,3460 1135,3485"/>
                <Baseline points="1148,3544 1227,3541 1307,3538 1387,3539 1466,3538 1546,3539 1626,3538 1705,3538 1785,3535 1865,3535 1945,3538 2024,3538 2104,3538 2184,3538 2263,3535 2343,3535 2423,3535 2502,3537 2582,3537 2662,3535 2742,3538"/>
                <TextEquiv>
                    <Unicode>willigsten Verläumdungen gefeit sind, sie</Unicode>
                </TextEquiv>
            </TextLine>
            <TextLine id="tr_1_tl_20" custom="readingOrder {index:19;}">
                <Coords points="1142,3666 2679,3698 2679,3583 2580,3608 2349,3552 2091,3538 1858,3612 1582,3574 1483,3612 1142,3597"/>
                <Baseline points="1154,3664 1230,3661 1307,3661 1383,3661 1460,3660 1536,3661 1613,3660 1689,3658 1766,3655 1842,3658 1919,3658 1996,3656 2072,3655 2149,3652 2225,3655 2302,3655 2378,3658 2455,3656 2531,3652 2608,3652 2685,3661"/>
                <TextEquiv>
                    <Unicode>werden immer wieder entfäuscht. (Und ste</Unicode>
                </TextEquiv>
            </TextLine>
            <TextLine id="tr_1_tl_21" custom="readingOrder {index:20;}">
                <Coords points="1126,3814 1355,3853 1562,3787 1802,3781 2019,3859 2313,3774 2609,3776 2661,3812 2780,3774 2740,3716 2217,3722 2161,3682 1894,3722 1802,3693 1737,3736 1636,3702 1301,3745 1126,3716"/>
                <Baseline points="1139,3780 1221,3783 1303,3780 1386,3780 1468,3780 1550,3780 1633,3777 1715,3774 1797,3774 1880,3778 1962,3774 2044,3774 2127,3774 2209,3774 2291,3774 2374,3772 2456,3771 2538,3774 2621,3770 2703,3768 2786,3768"/>
                <TextEquiv>
                    <Unicode>schaf en doch ein Heueg. Sie wissen in der</Unicode>
                </TextEquiv>
            </TextLine>
            <TextLine id="tr_1_tl_22" custom="readingOrder {index:21;}">
                <Coords points="1135,3906 1660,3904 1851,3974 1912,3936 2066,3962 2158,3911 2363,3974 2470,3909 2789,3929 2787,3839 2203,3868 1755,3819 1595,3870 1133,3828"/>
                <Baseline points="1148,3902 1230,3902 1312,3899 1395,3902 1477,3902 1559,3900 1642,3899 1724,3902 1806,3904 1889,3904 1971,3901 2053,3899 2136,3902 2218,3902 2300,3902 2383,3903 2465,3906 2547,3905 2630,3905 2712,3908 2795,3911"/>
                <TextEquiv>
                    <Unicode>Tiefe ihrer Seele, das kein halbes Dutzend</Unicode>
                </TextEquiv>
            </TextLine>
            <TextEquiv>
                <Unicode></Unicode>
            </TextEquiv>
        </TextRegion>
    </Page>
</PcGts>
