3384 4392
1342 1424 2814 1635 Schurken, - weder zu der einen noch zu
1339 1597 2864 1748 der andern Anschauung gehört meiner An-
1356 1724 2834 1866 sicht nach besonders viel Philosophie.
1358 1844 2866 1989 Und ich meinerseits würde mir auch von
1362 1973 2969 2134 dem, was Sie die Weltanschauung des Herm
1366 2108 2802 2247 Luc ius nennen, keineswege imponieren
1372 2283 1667 2397 Tassen.
1251 2335 2868 2532 Der junge: Aber ich habe ja garnicht be
1386 2500 2987 2651 hauptet, dass in den Sächelchen des Herm
1380 2619 2965 2780 Luc ius eine Weltanschauung zutage tritt.
1265 2757 2878 2930 Der altes Sol... Nach Ihrem enthusiasti-
1400 2848 2973 3041 schen Zallen beim Eintritt in dieses Lo-
1394 3007 2890 3160 kal habe ich allerdings verzeihlicher
1416 3107 2991 3284 weise den Eindruck gewinnen müssen, dass
1420 3244 2838 3421 es diesmal endlich gelungen ist, die
1414 3391 3007 3570 Welt anschauung des Herrn Luctus zu erule
1428 3528 3023 3687 ren, von der er in seinen bisherigen Wer-
1436 3644 3015 3797 ken mit einer sonderbaren Beharrlichkeit
1436 3769 2955 3948 nicht das Geringste hat merken lassen.
1448 3918 2639 4053 oder wissen Sie etwas von Ihre
