3080 3688
272 1123 563 1290 een
558 695 1829 921 zu den Ratschlägen für Kritiker.
550 865 2643 1042 Sehr erleichtert wird euch das Geschäft, wenn ihr mit
550 994 2597 1161 einem Autor zu tun habt, der einmal Gestalten schuf,
558 1121 2691 1301 aie dem Publikum im Gedächtnis geblieben sind oder für
539 1253 2521 1417 die er am unde gar ein gangbares Wort geprägt hat.
533 1382 2702 1549 Es wird euch nicht schwer sein, in allen gestalten, di
536 1519 2597 1681 nachher kommen, jene früheren wiederzuerkennen, oder
539 1643 2562 1813 wenigstens so zu tun, als erkenntet Ihr sie wieder.
544 1764 2621 1945 Ist die Verschiedenheit aber zwischen jenen neuen und
533 1899 2556 2061 den alten Gestalten zu gross, so vergeset nicht auf
517 2028 2661 2206 die vergebliche Mühe hinzuweisen, die der Dichter ver-
533 2150 2594 2311 wendet hat, um zu täuschen. Damit habt ihr den Autor
528 2276 2508 2459 als eine Art von Betrüger entlarvt, und ihr selbst
525 2395 2521 2586 steht als Schlaumsler da) die sich nicht betrügen
512 2551 824 2680 lassen.
