3400 4424
1322 1412 1779 1571 hinzulegen.
1215 1510 2698 1702 Der alte: Das seh ich nicht ein. Re-
1331 1634 2851 1818 bleibt Ihnen noch etwas Anderes übrig.
1335 1776 2629 1949 Die reine Wahrheit zu schreiben.
1224 1932 2943 2093 Der junge: Ich weiss ja garnicht mehr, was
1348 2032 2856 2209 die Wahrheit ist - ich bin völlig ver-
1307 2231 1606 2362 Wirrt.
1230 2294 2985 2491 Der alte: Sammeln Sie sich. Notieren sie n
1353 2428 2847 2611 kürze den Inhalt der Stücke, ich will
1368 2550 2928 2725 indess für Sie die Einleitung besorgen.
1250 2696 2567 2884 Der junge: 0, Sie sind zu gütig.
1298 2808 2924 3020 Beide schreiben. Nach fünf Minuten über-
1265 2937 2919 3146 glebt der Alte dem Jungen das Mmuscript:)
1256 3074 2991 3258 Der junge: (:liest:/ "Heute war es uns ver-
1392 3216 2996 3413 gönnt, das Neueste zu geniessen, was uns
1390 3343 2878 3527 die bescheldene Muse des Herrn Luclus
1405 3459 2882 3623 beschoert hat. Wieder waren es einige
1405 3618 3017 3767 zlerliche Sächelchen, für die das Talent
1412 3730 2972 3913 des Dichtere(noch immsi) eben ausreicht,
1425 3870 2943 4023 und wieder fanden sie den Betfall, auf
1418 3975 2840 4143 den eine gewisse Art von reinlichen
