3304 4456
2867 1051 3035 1243 114
827 1340 1830 1473 Kritiker und Rezensenten.
827 1484 2994 1640 Grösse Kritiker können stets nur Dichter von Räng sein,
819 1589 2689 1778 oder Menschen mit dem Blick fuer Zusammenhänge.
824 1708 1784 1857 Goethe, Lessing, Hebbel.
824 1819 1443 1986 Taine, Brandes.
827 1924 2886 2121 Ein Kritiker von Fach ist eine absurde konstruktion.
835 2059 2997 2213 Ruf können sich Leute dieser Art nie durch Sachlichkeit
830 2192 2935 2354 erwerben, sondern nur durch Witz oder Temperament. Es
835 2311 2451 2484 sind Plauderer, Spassmacher, Draufkommer.
