3304 3960
966 889 1283 1055 Freunde
971 945 2711 1175 Wie vergessen miine liehen Eure Macht dauert
976 1135 2089 1287 nur eine Viertelstunde lang.
990 1212 2877 1437 Sammeln. Dreissig dumme Feuillstons werden zuer
994 1330 2807 1555 kein Gescheites aber immerhin ein dickes Ruch.
994 1468 2805 1663 Unterschiebungen. Sehr wichtiges Kapitel. Er-
1008 1613 2052 1792 ist 1 ang kein Shakespeare
1008 1693 2474 1906 oder ist er schon historisch geworden.
1006 1829 2272 2031 Vergespen was der Autbp. schrieb.
1006 1890 2840 2162 Kastel. Entweder er ist drin oder draussenr bei
1022 2115 1445 2254 des infam.
1022 2118 2828 2338 Bedendt er antwortet nicht, er hat keine Zeit.
1036 2279 2329 2446 Schon dadurch ein imenser Vorteil
1041 2375 2598 2572 selbst die frechste lüge, er darf nicht.
