<?xml version="1.0" encoding="UTF-8" standalone="yes"?>
<PcGts xmlns="http://schema.primaresearch.org/PAGE/gts/pagecontent/2013-07-15" xmlns:xsi="http://www.w3.org/2001/XMLSchema-instance" xsi:schemaLocation="http://schema.primaresearch.org/PAGE/gts/pagecontent/2013-07-15 http://schema.primaresearch.org/PAGE/gts/pagecontent/2013-07-15/pagecontent.xsd">
    <Metadata>
        <Creator>prov=READ-COOP:name=PyLaia@TranskribusPlatform:version=2.7.0:model_id=50870:lm=none:date=22_01_2024_21:05</Creator>
        <Created>2023-09-27T14:41:01.921+02:00</Created>
        <LastChange>2024-01-22T21:05:27.156+01:00</LastChange>
        <TranskribusMetadata docId="1589066" pageId="60126151" pageNr="7" tsid="145641806" status="IN_PROGRESS" userId="40391" imgUrl="https://files.transkribus.eu/Get?id=JIHIKJBQXJUDGFQIBWUEKLUK&amp;fileType=view" xmlUrl="https://files.transkribus.eu/Get?id=CDIUKKYEDYJMFHLLFPNGHRRY" imageId="48551228"/>
    </Metadata>
    <Page imageFilename="1589066_0007.jpg" imageWidth="3320" imageHeight="4440">
        <ReadingOrder>
            <OrderedGroup id="ro_1711788027593" caption="Regions reading order">
                <RegionRefIndexed index="0" regionRef="tr_1"/>
                <RegionRefIndexed index="1" regionRef="tr_2"/>
            </OrderedGroup>
        </ReadingOrder>
        <TextRegion orientation="0.0" id="tr_1" custom="readingOrder {index:0;}">
            <Coords points="372,1360 372,3843 2733,3843 2733,1360"/>
            <TextLine id="tr_1_tl_1" custom="readingOrder {index:0;}">
                <Coords points="595,1489 766,1518 1102,1463 1300,1521 1776,1458 1860,1505 2152,1421 2297,1497 2544,1410 2513,1308 2300,1310 2223,1366 2129,1345 1981,1395 1550,1329 1131,1421 774,1329 600,1384"/>
                <Baseline points="611,1480 707,1480 804,1482 901,1480 998,1473 1095,1471 1192,1466 1288,1460 1385,1453 1482,1444 1579,1443 1676,1438 1773,1435 1870,1438 1966,1435 2063,1432 2160,1429 2257,1427 2354,1418 2451,1414 2548,1417"/>
                <TextEquiv>
                    <Unicode>Kritiker verhält wie zum Dichter</Unicode>
                </TextEquiv>
            </TextLine>
            <TextLine id="tr_1_tl_2" custom="readingOrder {index:1;}">
                <Coords points="610,1631 866,1634 1024,1700 1137,1623 1518,1613 1610,1676 1855,1589 2163,1573 2337,1655 2513,1602 2518,1455 2179,1531 2071,1476 2013,1526 1905,1495 1797,1539 1708,1479 1410,1545 1334,1508 1145,1508 1074,1552 774,1508 613,1542"/>
                <Baseline points="626,1623 720,1626 815,1626 910,1620 1005,1620 1099,1613 1194,1611 1289,1609 1384,1606 1478,1605 1573,1602 1668,1599 1763,1590 1857,1583 1952,1578 2047,1574 2142,1575 2236,1572 2331,1567 2426,1566 2521,1566"/>
                <TextEquiv>
                    <Unicode>der Dichterling. Es würde zu sehr</Unicode>
                </TextEquiv>
            </TextLine>
            <TextLine id="tr_1_tl_3" custom="readingOrder {index:2;}">
                <Coords points="621,1779 953,1810 1234,1763 1289,1813 1352,1787 1426,1826 1618,1755 1737,1826 1902,1734 2292,1787 2373,1742 2529,1750 2534,1652 2273,1663 2160,1573 1913,1668 1858,1626 1626,1681 1518,1639 1352,1729 1121,1642 760,1745 624,1718"/>
                <Baseline points="635,1775 730,1772 825,1774 920,1778 1015,1772 1110,1766 1205,1762 1300,1759 1395,1759 1490,1754 1585,1748 1680,1742 1775,1736 1870,1727 1965,1718 2060,1717 2155,1710 2250,1711 2345,1710 2440,1709 2536,1709"/>
                <TextEquiv>
                    <Unicode>ins Weite führen. Die Grenzen</Unicode>
                </TextEquiv>
            </TextLine>
            <TextLine id="tr_1_tl_4" custom="readingOrder {index:3;}">
                <Coords points="2110,1887 2152,1887 2197,1858 2260,1868 2371,1842 2400,1863 2431,1847 2521,1855 2526,1789 2468,1800 2397,1781 2289,1826 2200,1800 2116,1808"/>
                <Baseline points="2127,1858 2152,1856 2177,1855 2202,1853 2227,1851 2252,1848 2278,1846 2303,1844 2328,1843 2353,1841 2378,1839 2404,1837 2429,1836 2454,1835 2479,1835 2504,1835 2530,1835"/>
                <TextEquiv>
                    <Unicode>ja nir</Unicode>
                </TextEquiv>
            </TextLine>
            <TextLine id="tr_1_tl_5" custom="readingOrder {index:4;}">
                <Coords points="1892,1918 1939,1934 1958,1918 2002,1921 2034,1892 2087,1918 2202,1918 2226,1902 2255,1916 2287,1897 2316,1908 2313,1855 2247,1847 2142,1873 2029,1800 1947,1837 1889,1823"/>
                <Baseline points="1906,1894 1931,1892 1957,1891 1983,1887 2009,1886 2035,1890 2061,1891 2087,1891 2113,1893 2139,1894 2165,1896 2191,1897 2217,1897 2243,1897 2269,1897 2295,1895 2321,1894"/>
                <TextEquiv>
                    <Unicode></Unicode>
                </TextEquiv>
            </TextLine>
            <TextLine id="tr_1_tl_6" custom="readingOrder {index:5;}">
                <Coords points="358,1939 753,1918 1003,1984 1150,1910 1479,1918 1600,1968 1734,1892 1850,1926 1897,1902 1900,1826 1739,1837 1573,1784 1297,1831 1116,1784 913,1858 868,1829 358,1900"/>
                <Baseline points="372,1924 448,1912 525,1914 601,1917 678,1918 755,1918 831,1916 908,1915 985,1915 1061,1913 1138,1904 1215,1905 1291,1906 1368,1906 1445,1903 1521,1906 1598,1901 1675,1886 1751,1887 1828,1873 1905,1877"/>
                <TextEquiv>
                    <Unicode>ees Gebirtekanne</Unicode>
                </TextEquiv>
            </TextLine>
            <TextLine id="tr_1_tl_7" custom="readingOrder {index:6;}">
                <Coords points="1616,1981 1792,1950 1884,1971 1921,1952 1955,1968 2029,1955 2052,1973 2131,1952 2131,1913 2044,1894 1942,1934 1900,1910 1787,1923 1734,1892 1676,1921 1647,1897 1618,1902"/>
                <Baseline points="1632,1948 1657,1950 1682,1949 1708,1948 1733,1948 1758,1948 1784,1948 1809,1950 1834,1952 1860,1953 1885,1954 1910,1954 1936,1953 1961,1951 1986,1951 2012,1950 2037,1947 2062,1944 2088,1942 2113,1941 2139,1939"/>
                <TextEquiv>
                    <Unicode>sellung habe</Unicode>
                </TextEquiv>
            </TextLine>
            <TextLine id="tr_1_tl_8" custom="readingOrder {index:7;}">
                <Coords points="616,2144 826,2076 958,2076 1037,2134 1208,2073 1297,2123 1424,2042 1579,2039 1650,2102 1923,2018 2529,1979 2531,1916 2273,1900 1960,1987 1926,1952 1626,1944 1455,2000 1047,2023 984,1966 821,2026 750,1955 624,1994"/>
                <Baseline points="632,2085 727,2077 822,2073 917,2068 1012,2064 1108,2063 1203,2055 1298,2050 1393,2042 1488,2034 1584,2032 1679,2029 1774,2026 1869,2017 1964,2013 2060,2007 2155,2001 2250,1994 2345,1984 2440,1975 2536,1978"/>
                <TextEquiv>
                    <Unicode>für diejenigen existiren, die in</Unicode>
                </TextEquiv>
            </TextLine>
            <TextLine id="tr_1_tl_9" custom="readingOrder {index:8;}">
                <Coords points="597,2247 884,2221 987,2289 1097,2218 1434,2237 1523,2187 1737,2266 1973,2226 2105,2152 2189,2200 2542,2147 2544,2055 2208,2034 2168,2066 2092,2031 1837,2102 1576,2068 1452,2150 1208,2081 1037,2134 916,2116 784,2179 705,2123 605,2142"/>
                <Baseline points="614,2222 710,2220 807,2217 904,2211 1001,2208 1098,2200 1195,2197 1291,2196 1388,2190 1485,2186 1582,2177 1679,2172 1776,2169 1873,2161 1969,2157 2066,2147 2163,2143 2260,2134 2357,2129 2454,2125 2551,2121"/>
                <TextEquiv>
                    <Unicode>dem Gebiete selbst zu Hause sind</Unicode>
                </TextEquiv>
            </TextLine>
            <TextLine id="tr_1_tl_10" custom="readingOrder {index:9;}">
                <Coords points="624,2384 805,2376 934,2444 1197,2350 1268,2379 1818,2310 1894,2358 2244,2281 2302,2321 2492,2308 2576,2294 2581,2197 2513,2168 2258,2239 2034,2171 1934,2250 1858,2229 1771,2273 1600,2202 1434,2276 1360,2221 1263,2284 1160,2244 1071,2308 895,2266 821,2323 626,2323"/>
                <Baseline points="638,2366 735,2363 832,2360 929,2357 1027,2359 1124,2350 1221,2343 1319,2340 1416,2333 1513,2323 1611,2314 1708,2309 1805,2302 1902,2302 2000,2291 2097,2285 2194,2282 2292,2279 2389,2279 2486,2279 2584,2288"/>
                <TextEquiv>
                    <Unicode>und gesunde Sinne haben. Die</Unicode>
                </TextEquiv>
            </TextLine>
            <TextLine id="tr_1_tl_11" custom="readingOrder {index:10;}">
                <Coords points="610,2526 934,2539 1095,2489 1147,2534 1247,2473 1381,2465 1695,2526 1821,2458 2139,2439 2558,2521 2565,2379 2250,2323 2092,2384 1823,2305 1613,2408 1545,2352 1295,2363 1092,2455 718,2373 616,2397"/>
                <Baseline points="626,2494 723,2494 820,2494 917,2491 1014,2490 1111,2484 1208,2477 1306,2468 1403,2464 1500,2461 1597,2458 1694,2455 1791,2445 1888,2435 1986,2434 2083,2434 2180,2434 2277,2431 2374,2431 2471,2426 2569,2431"/>
                <TextEquiv>
                    <Unicode>Andern halbblind, halbtaub, unge¬</Unicode>
                </TextEquiv>
            </TextLine>
            <TextLine id="tr_1_tl_12" custom="readingOrder {index:11;}">
                <Coords points="634,2684 974,2631 1068,2692 1174,2639 1421,2618 1581,2689 2071,2584 2229,2639 2305,2581 2629,2573 2634,2500 2426,2539 2344,2471 2205,2526 2013,2455 1787,2565 1600,2558 1537,2513 1268,2550 1184,2510 1079,2565 1005,2515 874,2568 795,2529 639,2573"/>
                <Baseline points="650,2643 749,2637 848,2634 948,2627 1047,2626 1146,2625 1246,2620 1345,2619 1444,2612 1544,2606 1643,2605 1742,2598 1842,2592 1941,2590 2040,2585 2140,2581 2239,2581 2338,2574 2438,2567 2537,2561 2637,2563"/>
                <TextEquiv>
                    <Unicode>schickte Fremdlinge torkeln hin und</Unicode>
                </TextEquiv>
            </TextLine>
            <TextLine id="tr_1_tl_13" custom="readingOrder {index:12;}">
                <Coords points="624,2865 729,2818 1003,2852 1108,2794 1226,2834 1302,2784 1455,2800 1600,2750 1734,2781 2047,2726 2155,2802 2392,2713 2592,2726 2594,2637 2292,2676 2044,2600 1605,2692 1460,2637 1237,2721 1116,2673 884,2736 758,2668 632,2702"/>
                <Baseline points="641,2804 738,2792 836,2788 934,2783 1031,2780 1129,2777 1227,2771 1324,2764 1422,2760 1520,2751 1618,2748 1715,2742 1813,2737 1911,2733 2008,2727 2106,2721 2204,2717 2301,2714 2399,2710 2497,2707 2595,2709"/>
                <TextEquiv>
                    <Unicode>her auf unbekannten Wegen und</Unicode>
                </TextEquiv>
            </TextLine>
            <TextLine id="tr_1_tl_14" custom="readingOrder {index:13;}">
                <Coords points="621,2963 981,2942 1087,2989 1334,2918 1502,2960 1650,2908 1734,2971 1937,2886 2147,2944 2187,2913 2405,2939 2610,2876 2615,2797 2281,2763 2092,2834 1766,2852 1571,2786 1429,2858 1318,2794 1192,2873 1084,2836 892,2889 624,2881"/>
                <Baseline points="638,2936 736,2939 835,2935 934,2930 1033,2931 1131,2921 1230,2915 1329,2907 1428,2900 1526,2904 1625,2889 1724,2891 1823,2888 1921,2880 2020,2878 2119,2876 2218,2870 2316,2867 2415,2865 2514,2863 2613,2867"/>
                <TextEquiv>
                    <Unicode>wenn sie, die Grenzen nicht sehend.</Unicode>
                </TextEquiv>
            </TextLine>
            <TextLine id="tr_1_tl_15" custom="readingOrder {index:14;}">
                <Coords points="563,3123 729,3084 1252,3126 1392,3058 1608,3097 1960,3044 2200,3086 2287,3050 2402,3102 2642,3029 2647,2921 2344,2926 2179,3000 1947,2963 1816,2992 1710,2947 1358,2992 1142,2960 1050,3013 987,2963 781,3005 647,2958 566,3002"/>
                <Baseline points="578,3088 681,3082 785,3080 888,3074 992,3070 1095,3065 1199,3056 1302,3058 1406,3052 1509,3055 1613,3055 1717,3047 1820,3045 1924,3038 2027,3034 2131,3031 2234,3028 2338,3025 2441,3026 2545,3017 2649,3016"/>
                <TextEquiv>
                    <Unicode>darüber stolgern, so waren höchstens</Unicode>
                </TextEquiv>
            </TextLine>
            <TextLine id="tr_1_tl_16" custom="readingOrder {index:15;}">
                <Coords points="587,3229 1018,3265 1468,3205 1666,3300 1771,3213 2058,3213 2179,3263 2358,3186 2613,3184 2615,3084 2523,3063 2371,3129 2239,3079 2129,3144 1700,3094 1639,3129 1573,3084 1379,3129 1329,3097 1176,3165 837,3144 781,3176 708,3118 589,3200"/>
                <Baseline points="602,3219 702,3222 803,3225 904,3225 1005,3222 1106,3218 1207,3210 1307,3203 1408,3201 1509,3197 1610,3199 1711,3204 1812,3204 1913,3203 2013,3195 2114,3187 2215,3177 2316,3174 2417,3170 2518,3171 2619,3171"/>
                <TextEquiv>
                    <Unicode>die verantwortlich zu machen, die</Unicode>
                </TextEquiv>
            </TextLine>
            <TextLine id="tr_1_tl_17" custom="readingOrder {index:16;}">
                <Coords points="605,3447 1031,3363 1634,3347 2044,3407 2266,3323 2439,3363 2597,3334 2600,3276 2442,3215 2321,3273 1976,3221 1855,3263 1752,3226 1666,3300 1371,3234 1087,3307 955,3273 871,3329 779,3257 610,3305"/>
                <Baseline points="623,3371 722,3371 821,3371 920,3370 1019,3360 1119,3354 1218,3347 1317,3343 1416,3337 1515,3337 1615,3335 1714,3332 1813,3332 1912,3324 2011,3321 2111,3321 2210,3321 2309,3313 2408,3310 2507,3309 2607,3312"/>
                <TextEquiv>
                    <Unicode>ihnen ein Amt übertrugen, dem</Unicode>
                </TextEquiv>
            </TextLine>
            <TextLine id="tr_1_tl_18" custom="readingOrder {index:17;}">
                <Coords points="589,3586 853,3523 963,3576 1034,3531 1142,3576 1281,3507 1439,3571 1571,3502 1766,3552 1902,3492 2055,3515 2263,3450 2363,3500 2534,3500 2539,3360 2026,3442 1852,3389 1758,3439 1587,3360 1342,3444 1097,3407 810,3471 724,3407 595,3436"/>
                <Baseline points="605,3544 701,3527 798,3523 895,3514 992,3505 1089,3497 1186,3497 1282,3488 1379,3485 1476,3485 1573,3484 1670,3484 1767,3483 1864,3473 1960,3467 2057,3463 2154,3452 2251,3452 2348,3452 2445,3449 2542,3446"/>
                <TextEquiv>
                    <Unicode>sie nicht gewachsen sind; und es</Unicode>
                </TextEquiv>
            </TextLine>
            <TextLine id="tr_1_tl_19" custom="readingOrder {index:18;}">
                <Coords points="634,3731 834,3668 1013,3700 1129,3647 1321,3652 1447,3715 1789,3618 1873,3671 1989,3613 2121,3668 2547,3671 2552,3542 2379,3492 2026,3560 1950,3502 1795,3571 1587,3515 1289,3600 1200,3563 1150,3597 942,3555 747,3600 642,3576"/>
                <Baseline points="650,3685 745,3676 840,3665 936,3656 1031,3652 1126,3646 1222,3643 1317,3639 1412,3633 1508,3631 1603,3625 1698,3622 1794,3616 1889,3618 1984,3613 2080,3607 2175,3604 2270,3599 2366,3598 2461,3590 2557,3580"/>
                <TextEquiv>
                    <Unicode>ist keiner verhalten sie ernst zu</Unicode>
                </TextEquiv>
            </TextLine>
            <TextLine id="tr_1_tl_20" custom="readingOrder {index:19;}">
                <Coords points="613,3844 726,3884 910,3844 1058,3939 1376,3805 1902,3813 2079,3744 2358,3784 2463,3726 2723,3778 2731,3626 2610,3676 2271,3655 1894,3713 1763,3636 1523,3726 1129,3650 1010,3702 810,3692 721,3744 621,3715"/>
                <Baseline points="629,3816 734,3809 839,3804 944,3798 1049,3796 1155,3788 1260,3791 1365,3773 1470,3769 1575,3765 1681,3764 1786,3754 1891,3750 1996,3747 2101,3744 2207,3734 2312,3729 2417,3726 2522,3719 2627,3708 2733,3708"/>
                <TextEquiv>
                    <Unicode>nehmen. Ich kann hier nur von jenem</Unicode>
                </TextEquiv>
            </TextLine>
            <TextEquiv>
                <Unicode></Unicode>
            </TextEquiv>
        </TextRegion>
        <TextRegion orientation="0.0" id="tr_2" custom="readingOrder {index:1;}">
            <Coords points="2572,1800 2572,1958 2807,1958 2807,1800"/>
            <TextLine id="tr_2_tl_1" custom="readingOrder {index:0;}">
                <Coords points="2555,1942 2597,1921 2631,1923 2660,1947 2713,1921 2747,1929 2797,1918 2802,1795 2763,1808 2713,1773 2621,1831 2560,1829"/>
                <Baseline points="2572,1906 2598,1908 2624,1906 2650,1906 2676,1906 2702,1904 2728,1902 2754,1901 2780,1900 2807,1900"/>
                <TextEquiv>
                    <Unicode>1.</Unicode>
                </TextEquiv>
            </TextLine>
            <TextEquiv>
                <Unicode></Unicode>
            </TextEquiv>
        </TextRegion>
    </Page>
</PcGts>
