3400 4408
2482 1224 2613 1352 17
1360 1367 1929 1570 Feinde waren,
1939 1402 2968 1539 die ihn hervorgejubelt ha-
1906 1669 2992 1833 und der Schluss... was tun
1267 1684 1665 1858 der junge:
1700 1671 1885 1837 Nan
1638 1785 2939 1962 RA Stück öfter als seche Mal
2169 1906 2947 2001 eeere
1518 1953 3003 2099 1t7 Und wein Herrn Lucius Unsterblich
1462 2107 2717 2254 eit länger währt als zehn Jahrer
1352 2200 2999 2358 er alte: Was wir da tunz 0 Sie Kindskopf!
1414 2337 2939 2505 Wer denkt in acht Tagen noch an unsere
1416 2536 1723 2650 Kritike
1315 2549 2988 2785 der junge: Ja, Sie treiben mich von einer
1437 2708 2957 2922 Verwunderung in die anderer Warum dann
1443 2829 3065 3044 das alles? Weshalb liessen Sie mich nicht
1452 2980 3044 3181 ruhig gewährent Weshalb dieser Von, die-
1464 3123 2903 3308 ser hämische, verkleinerndef, da wir
1470 3247 3059 3418 nicht das Geringste damit erreichen, wie
1477 3349 3055 3550 Sie selbst sagen - höchstens, dass sich
1479 3498 3011 3693 Herr Lucius eine Viertelstunde ärgert.
1367 3621 2982 3793 Der alts: Mein Lieber, nichts Anderes-
1501 3727 3094 3950 Sie haben vollkommen Recht. Aber da dies
1497 3874 3009 4085 unsere ganze Nacht ist, - warum sollen
