3144 3704
962 520 1922 718 ola Hansson über Kritik.
797 637 2757 838 Kritik ist katne kunst, ola Hansson versteht sich
658 792 1178 937 selbst nicht.
792 914 2549 1076 Er rennt offene Türen ein. Oder vielmehr, er
678 1041 2719 1191 stösst angelehnte mit soviel Emphase auf, als wären
652 1175 1632 1323 verschlossen gewesen.
795 1315 2668 1478 Gewiss muss man zum Kritiker geboren seif, aber
691 1457 2023 1602 las-macht sie noch nicht zur Kunst.
782 1569 2747 1726 Das Wesen der neuen Kritik wird Sensibilität sein
640 1709 1313 1851 sagt ola Hansson.
784 1820 2727 2003 Es wird nicht ihr Wesen sein. Die Mäcene des Ver-
663 1952 2374 2153 ständnisses sind nicht die grossen Kritiker.
