3096 3688
2027 425 2285 642 Aet
1388 447 1962 629 bekante ehait
900 577 2745 737 Es ist eine bellebte Frage, daes Jeder, der in
745 686 2854 935 die oeffentlichkeit tritt, sich damit zulgleich einer
751 840 2691 1054 rüchhaltelogen Betrachtung und Besprechung solner,
737 984 2732 1154 Person aussetzt. Also nur der Privatmann sollte in
721 1081 2358 1285 Ruhe seine kleinen Sünden begehen können?
873 1211 2748 1406 Wie oft schleichen sich Entstellungen dort ein,
724 1347 2802 1539 wo man sich bemüht, persönliche Beziehungen zwischen
724 1444 2902 1686 einem Werk und seinem Autor, zwischen einer Rolle und
718 1593 1862 1748 ihrer Darstellerin zu finden.
856 1715 2740 1938 Eins kleine Erbärmlichkeit, die erst vor kurzen
707 1840 2623 2060 in Wien vorgefallen, wo ein ziemlich angesehener
696 1981 2761 2195 Kritiker eine Bemerkung über die Teilette einer Dame
696 2119 2813 2350 machte, die man auch in geschlossenen Kreisen nur vor
686 2247 2764 2485 bringt, wenn man etwas gelstlos oder etwas betrunken
686 2404 875 2537 ist.
