3320 4440
2825 1011 2970 1133 12
689 1230 2682 1498 Schwierigkeit manchen Vergleich mit
700 1421 2623 1623 ihr finden. So gibt es Leute mit
729 1558 2642 1785 großen und tiefen Verständniß
718 1706 2907 1902 die die Werke der Kunst, denen uns
729 1874 3016 2076 die Gabe des richtiger Ausderck
738 2022 2742 2213 fehlt und die sich daher zum ausüber¬
743 2150 2623 2341 den Kritiker verhalten wie die
755 2292 2745 2506 zum schaffenden Künstler die Künst¬
735 2429 2671 2651 leonaturen. Hier schneiden sich die
720 2574 2628 2771 Kreise, denn Künstlionaturen
678 2734 2668 2939 und Reitikernaturen finden sich
703 2890 2694 3098 nicht selten vereinigt. Hieher gehö¬
720 3038 2711 3223 ren die großen Macene des Ver¬
738 3166 2748 3357 ständnisses. Und ebenso wie Kritt¬
772 3297 2665 3497 ler nicht mit Kritikeonaturen ver¬
763 3457 2711 3670 wechsält werden dürfen, so künst¬
