3096 3688
741 639 2693 789 Es ist ganz üblich, dass insbesondere in Kritiken
595 757 2636 920 über Theateraufführungen einem seichten Witz zuliebe
595 878 2615 1079 persönl iche Bemerkungen gewagt werden. Auch bessere
597 1006 2691 1184 Köpfe scheinen sich dieser Versuchung nicht entziehen
597 1148 2589 1313 zu können. Wir haben erst vor Kurzem in der Kritik
603 1273 2678 1451 eines vorzüglichen deutschen Stilisten eine Bemerkung
595 1396 2678 1580 gelesen, die sich auf den Lebenswandel einer Dame be-
595 1525 2686 1742 208, deren künstlerische Leistung zu kritisieren war.
595 1711 1208 1837 Nichts weiter.
749 1776 2672 1983 Wohin soll das führent Freilich könnte man sageni
595 1910 2638 2117 Ebenso wie man es zu den erlaubten kritischen Bemer-
610 2049 2575 2243 kungen zählen muse, wenn geschrieben wird:"Dieser
597 2177 2515 2363 denkende Künstler, der sein ganzes Leben nur dem
603 2342 2570 2492 Stadium seiner kunst gewidmet hat und fern vom Ge-
618 2444 2638 2596 triebe der Weit lebt, hat eine ausgezeichnete Leist-
613 2573 2657 2748 ung geboten, ebenso müsste man sagen können: "Fräu-
605 2701 2709 2872 le in Soundso kann eine keusche Jungfrau, welche ihrem
603 2816 2515 3010 Naturell so fern liegt, nicht spielen.“ Ist dies
608 3026 941 3175 richtig2
