3416 4392
1353 1436 2901 1602 bleibt also mein gutes Recht,wenn ich
1318 1587 2920 1718 an den Moses von Michelangelo und an den
1353 1724 2959 1878 Faust von Goethe denké, ein geschnitztes
1355 1851 2967 2023 Lineal und die Einakter des Hörrn Lucius
1382 1982 2872 2141 "Sächelchen zu nennen, Oder beleidige
1378 2129 2909 2266 ich damit Ihren Herrn Luciust Schliese
1376 2243 2953 2419 lich kann ja auch innerhalb eines Einak-
1388 2370 2913 2534 tere die Weltanschauung des Verfassere
1388 2540 1961 2648 zutage treten.
1274 2675 2162 2783 Der junge: Natürlich.
1282 2772 2951 2938 Der alte: Nur wird es notwendig sein, et-
1403 2893 2911 3044 was über die Art dieser Weltanschauung
1399 3007 2984 3181 zu reden. Denn wenn ich Ihnen meine Auf-
1409 3148 2932 3295 richtige Meinung sagen will: das ganze
1411 3274 2899 3434 Gerede von der Weltanschauung ist ein
1409 3403 2853 3586 fach ein Schwindel. Antweder ist man
1430 3536 2903 3706 heiter oder traurig - entweder glaubt
1426 3658 2901 3826 man an eine Unsterblichkeit der Seele
1432 3795 2971 3961 oder nicht - entweder hält man die Men
1436 3918 2944 4069 schen für Verbesserungsfähig oder man
1438 4057 2998 4187 hält sie für eine Bande von Idioten und
