3384 4392
1263 1374 1644 1575 Dor Jaero
1558 1460 2834 1573 ge: Weltanschauungf... Aber Sie.
1422 1588 2855 1716 sagten ja selbst, Herr Martens, es ge-
1384 1728 2691 1846 höre nicht viel Philosophie dazu.
1298 1835 2987 1980 Der alte: Wahrhaftig, es gehört nicht viel
1386 1976 2876 2098 dazu! Aber auch dieses Wenige scheint
1397 2093 2968 2259 Herr Luc ius nicht zu besitzen. Auch die-
1405 2236 2880 2381 ser Mangel gehörte zu den zahlreichen
1405 2324 3039 2504 andern, über die Sie sich in Ihrer wahr--
1418 2477 2945 2626 heltsdampfenden Kritik gründlich auszu-
1418 2618 2957 2777 schweigen gedenken. Für die Leser unse-
1426 2746 2930 2920 rer morgigen Nummer wird nur mehr die
1439 2861 2976 3027 Frage zu entschelden sein: Spinoza oder
1433 3067 1739 3167 Luc ius9
1319 3071 2972 3314 der junge: Aber was kann denn ich dafürz
1340 3268 2882 3450 Der alte: Was Sie dafür könnent... Wer-
1458 3398 3002 3566 denn ist dafür verantwortlicht Etwa un-
1468 3522 3018 3664 ser Herausgeber-- oder ich - oder Herr.
1479 3643 3008 3807 Lucius selbst, dem es gewiss nicht bei-
1479 3792 3075 3933 fällt, seinen Nichtigkeiten den Wert von
1489 3861 3077 4048 philosophischen offenbarungen belzulegen
