3320 4456
532 1206 2698 1466 spotten, gähnen; – nein jeder von
544 1377 2677 1610 ihnen von diesen völlig andern
523 1504 2668 1758 darf nun, wenn es ihm just be¬
529 1655 2713 1906 liebt der ganzen übrigen Mensch¬
358 1803 2730 2074 teine Meinung darüber kund
550 1965 2642 2210 geben und behaupten: über dieses
588 2107 2707 2317 Werk müsse man lächeln, weinen,
567 2237 2704 2497 spotten, gähnen. Und wenn dieser
547 2391 2633 2603 eine, dem es just beliebt seine
558 2515 2657 2784 Meinung kund zu geben zufäl¬
541 2686 2725 2931 lig eine sehr vernehmliche Stimme
523 2837 2686 3079 hat, so daß ihm wirklich ein großer
564 2973 2733 3227 Theil der Menschheit gläubig lauscht,
535 3118 2648 3351 so ist es dem Künstler, als hätten
541 3259 2674 3505 alle, welche jene Stimme gehört
541 3422 2707 3638 dieselbe Meinung über ihm gespra¬
520 3561 2707 3847 chen; ihm ist, als würden Tausende.
