3144 3720
1009 717 2518 854 Gespräch zwischen einem jungen und ein
1239 890 1861 988 alten Kritiker.
1007 1058 2612 1218 Der junge: (:stürzt mit dem Auedruck der
1122 1198 2833 1328 lebhaftesten Begeisterung in die Redak-
1130 1316 2740 1465 tion und setzt sich nach flüchtigem Grue-
1126 1477 1946 1573 an den Schreibtisch:
1001 1571 2616 1720 Der alte: (: ihm gegenüber betrachtet ihn
1111 1716 2676 1856 mistrauisch; er sieht von seiner Arbeit
1120 1882 2548 1982 auf und nach einigem Zögern fragt er-
1122 1999 2280 2137 ihn:/ Nun, was giebt's dennz
1041 2107 2629 2261 der junge: 0 Herr Martens, Herr Martens!
1150 2231 1873 2371 (:Schreibt weiter:)
1026 2352 2678 2506 Der alte: (:noch mistrauischer:) Nun, wie
1122 2495 1622 2640 war es denni
1015 2614 2574 2772 Der junge: Es war herrlichi Lucius ist
1132 2752 2548 2914 doch der Grösste, den wir haben! Fr
1128 2863 2714 3010 wächst von Werk zu Werk. Es war ein Bom-
1126 3019 1541 3131 benerfolg.
1086 3153 2648 3306 er alte: Na Sie, hören Sie - wollen sie
1211 3244 2039 3419 as am Ande schreibend
