3336 4440
595 1291 2580 1507 gende fände, ebenso wenig gibtes
581 1431 2597 1632 eine on sensible Seele mit tau¬
598 1565 2597 1808 send Saiten. Gäbe es einen Men¬
604 1716 2502 1982 schens so unendlich reich, daß ihre
2404 1853 2851 2018 siefeen meran
593 2021 2574 2239 in tausend andern Menschenseelen
601 2155 2518 2381 finden, mittorere könnte, dann
576 2272 2594 2549 gäbe es, vielleicht auch jenen Kei¬
590 2426 2538 2633 tiker von den Aahanzon träumt,
590 2583 2563 2826 dennoch soll es auch dem Künstler
593 2747 2630 2968 nicht verwehrt sein zu schreiben was
604 2890 2633 3094 er Kritikennannt; es werden eben
542 3024 1210 3170 zuweilen wieser
601 3033 2633 3256 viler Dichtungen sein. Eine univer¬
623 3167 2658 3393 sele Pensibilität gibt es ebenso wenig
615 3315 2569 3488 wie es eine Violine mit tausend
2636 3446 2823 3586 mit
598 3441 2569 3678 Saiten gibt, so wenig aber Kritik
626 3597 2588 3882 Kunst ist, so mag man doch ohne
