3336 4440
732 1162 2676 1394 Kritiker zu sprechen der dem iden¬
2504 1270 2874 1450 gchat Brilet
726 1314 2496 1552 len Typus nahe kommt, das is
743 1452 2648 1695 von demjenigen der die Fähigkeit
743 1607 2585 1845 besitzt in ein Kunstwerk so voll¬
1447 1770 2654 2007 einzudringen, daß ihm
364 1806 1400 1955 en
707 1908 2612 2140 der Werth des Ganzen sowie auch
726 2060 2645 2284 der Einzelheiten in vollkomme-
732 2198 2590 2419 ner Klarheit aufgehen, und der
757 2330 2571 2579 zugleich noch die andere Jähig¬
715 2496 2515 2712 keit besitzt für seine Ansicht
699 2637 2916 2841 die treffenden Worte zu finden nran
723 2781 2565 2993 und für den es kein Hinderniß
737 2941 2637 3153 gibt, diese seine Ansicht in völli¬
732 3062 2601 3319 ger Unabhängigkeit und Freiheit
1773 3228 2648 3413 ist zweifelhaft.
746 3236 1720 3468 mitzutheilen. Er
726 3347 2659 3556 ob man jemals diesem Ideal Kei¬
715 3512 2676 3769 tiker begegnen wird; zu viel haben
