3096 3720
1580 508 2654 662 gewiegten an einen jüngern
1368 564 1496 667 eir
1115 763 2635 963 Ich rede zu Dir. Denke es ist ein Werk
1278 857 2099 1008 pidem dliheuiter bett
1072 900 2658 1102 Rache. Du bist nichts, ein Anderer ist
988 1008 2695 1233 stnas. Dir ist es misglückt, dem Andern 200
1001 1263 1516 1404 es gelungen.
1153 1291 2678 1511 Rist du keiner von Denen, die aus die-
1020 1396 2750 1653 der Aagel iadeere Rass unel Rat Er siken, ble lil
1033 1535 2735 1771 Du dabei, dass Du schreiben willst, un Bei-
1048 1664 2682 1904 ne Rindrüche nahrheitsgstrou mitruls ildl.
1074 1807 2660 2041 nichts za vorschwoigen gellondst, vad 84
1080 1897 2710 2152 sinfällt, nichts weglaugnest, was Dir he-
1087 2041 2744 2277 kannt ist, dann bist Du Einer, den die Sa
1104 2172 2738 2397 ehs über die Person geht; dann sind dlode
1121 2298 2823 2536 Morze nicht für dieh. Dentst du wehr au die
1117 2422 2838 2673 Wirhung des Herks als an die Wirhung deiner
1136 2536 2847 2795 Kritia, dann ist dies hier nichts für Dich.
