3064 3688
2284 319 2598 499 189x
978 375 1955 744 Granzen de Kilit
460 730 2481 1025 Es liegt ein Ton von liesem Grauen
420 954 2401 1166 über dem Abschied des Kunstlers
388 1076 2462 1310 von seinem Werke, Wenn wenn
390 1243 2454 1450 er es wiederfindet, gehört es nicht
438 1387 2470 1615 mehr ihm, es ist preisgegeben, es
452 1522 2521 1761 ist wehrlos. Er selbst steht ohnmäch-
444 1671 2566 1920 tig daneben und hat kein Recht
449 1817 2417 2059 mehr darüber. Es gehört nicht
417 1958 2497 2183 mehr ihm, es gehört nur mehr¬
393 2098 2492 2316 allen. Mit schmerzlicher Sehn-
396 2266 2500 2513 sucht erinnert er sich seiner ein¬
393 2393 2308 2611 samen, Freuden, wozuzugleich
329 2542 2460 2762 KunstlePublikum war, auch je¬
364 2651 2425 2932 der Zeit gedenkt er nicht ohne
425 2821 2391 3041 Zartlichkeit, wo nur ein klei-
433 2986 2324 3195 ner Kreis von Freunden das
