3096 3720
1519 651 2752 840 maclteen eeie erhertier, in
1163 801 2599 979 Es giebt auch eine objektire anonpme
1225 956 2568 1080 4, nicht nur eine solche, die sich
1008 1062 2713 1238 nicht nennt, sondern eine solche, die diez
499 1181 2576 1380 gkennt, die sie beschimpft.
1005 1325 2592 1493 Sie spricht so von ihren, dass Jeder mit
1002 1437 2630 1589 Fingern auf sie weisen könnte, aber nennt
1018 1537 1271 1610 teid
1008 1574 2700 1734 ihre Namen nicht. Wolltek sich diese wehren
1010 1690 2560 1858 so kann der Kritiker höhnisch rufen: Ri,
1008 1796 1163 1894 ele
1416 1801 1610 1899 plict
2170 1827 2491 1912 wirl
1013 1863 2625 1987 Ihr fühlt Buch getroffen, so werdet Ihrls
2186 1951 2382 2039 cliit
995 1984 2682 2132 wol sein! Aber nicht ich habe Auch genannt,
1460 2075 1594 2160 el
995 2101 2716 2256 sondern Ihr Ruch selbst. Ich habe vielleicht
1473 2207 1661 2284 dir
990 2245 1977 2395 garnicht an Rueh gedacht.
1331 2356 2648 2509 Vorteile dieser objektiv anonymen
990 2491 2584 2646 Kritik: Erstens: in abstracto lässt sich
979 2630 2638 2770 allerhand erweisen, was sich in einem kon-
992 2741 2656 2899 kreten Falle nicht so leicht oder garnicht
990 2858 1713 2984 durchführen liesse
1129 2956 2615 3106 Zweitens: ein ordnungsgemässer Beweis
995 3054 2682 3217 ist nicht einmal notwendig, da sich Niemand
