<?xml version="1.0" encoding="UTF-8" standalone="yes"?>
<PcGts xmlns="http://schema.primaresearch.org/PAGE/gts/pagecontent/2013-07-15" xmlns:xsi="http://www.w3.org/2001/XMLSchema-instance" xsi:schemaLocation="http://schema.primaresearch.org/PAGE/gts/pagecontent/2013-07-15 http://schema.primaresearch.org/PAGE/gts/pagecontent/2013-07-15/pagecontent.xsd">
    <Metadata>
        <Creator>prov=READ-COOP:name=TrHtr:version=2.1.0:model_id=51170:date=26_07_2023_03:11</Creator>
        <Created>2023-05-02T07:52:58.013+02:00</Created>
        <LastChange>2023-07-26T03:11:24.290+02:00</LastChange>
        <TranskribusMetadata docId="1416723" pageId="54951741" pageNr="66" tsid="130881022" status="IN_PROGRESS" userId="64420" imgUrl="https://files.transkribus.eu/Get?id=PWCANIWIZQDEXQCHWAKEGDUH&amp;fileType=view" xmlUrl="https://files.transkribus.eu/Get?id=XDQOYDCMWWXNPVGZTANYYYBE" imageId="44455467"/>
    </Metadata>
    <Page imageFilename="1416723_0066.jpg" imageWidth="5816" imageHeight="4586">
        <ReadingOrder>
            <OrderedGroup id="ro_1711828463979" caption="Regions reading order">
                <RegionRefIndexed index="0" regionRef="tr_1"/>
            </OrderedGroup>
        </ReadingOrder>
        <TextRegion id="tr_1" custom="readingOrder {index:0;}">
            <Coords points="1821,1174 4197,1174 4197,3222 1821,3222"/>
            <TextLine id="tr_1_tl_1" custom="readingOrder {index:0;}">
                <Coords points="2504,1289 2531,1277 2569,1295 2652,1250 2755,1307 2811,1295 3007,1336 3012,1156 2924,1162 2791,1103 2507,1150"/>
                <Baseline points="2519,1236 2573,1236 2663,1236 2752,1230 2842,1224 2931,1224 3021,1224"/>
                <TextEquiv>
                    <Unicode>AUFRUR!</Unicode>
                </TextEquiv>
            </TextLine>
            <TextLine id="tr_1_tl_2" custom="readingOrder {index:1;}">
                <Coords points="2498,1558 2900,1573 3258,1514 3426,1576 3604,1493 3852,1549 4035,1514 4038,1392 3769,1413 3465,1354 3196,1443 2501,1440"/>
                <Baseline points="2513,1528 2519,1522 2609,1522 2699,1516 2788,1516 2878,1510 2967,1510 3057,1504 3146,1504 3236,1498 3326,1492 3415,1492 3505,1492 3594,1486 3684,1480 3773,1474 3863,1468 3953,1468 4042,1462"/>
                <TextEquiv>
                    <Unicode>Sechs Jahre sind verflossen, seit der Wiener</Unicode>
                </TextEquiv>
            </TextLine>
            <TextLine id="tr_1_tl_3" custom="readingOrder {index:2;}">
                <Coords points="1800,1732 2643,1650 2808,1694 3258,1626 3361,1670 3388,1564 2664,1540 1803,1632"/>
                <Baseline points="1821,1677 1869,1677 1958,1671 2048,1671 2137,1666 2227,1660 2316,1660 2406,1654 2496,1648 2585,1648 2675,1642 2764,1642 2854,1636 2943,1630 3033,1624 3123,1624 3212,1618 3302,1618 3391,1618"/>
                <TextEquiv>
                    <Unicode>Tondichter Richard Man d 1 gestorben ist.</Unicode>
                </TextEquiv>
            </TextLine>
            <TextLine id="tr_1_tl_4" custom="readingOrder {index:3;}">
                <Coords points="2501,1809 3252,1738 3512,1800 3613,1738 4003,1741 4065,1723 4068,1644 3944,1593 3459,1676 3122,1638 2504,1700"/>
                <Baseline points="2519,1761 2549,1761 2639,1761 2728,1755 2818,1755 2908,1749 2997,1749 3087,1743 3176,1737 3266,1737 3355,1731 3445,1731 3535,1725 3624,1719 3714,1719 3803,1713 3893,1713 3982,1707 4072,1707"/>
                <TextEquiv>
                    <Unicode>Viel zu schnell sind seine wertvollen Werke</Unicode>
                </TextEquiv>
            </TextLine>
            <TextLine id="tr_1_tl_5" custom="readingOrder {index:4;}">
                <Coords points="1818,1922 3926,1889 4186,1845 4189,1768 1821,1824"/>
                <Baseline points="1833,1916 1869,1910 1958,1904 2048,1904 2137,1898 2227,1898 2316,1892 2406,1886 2496,1880 2585,1880 2675,1880 2764,1875 2854,1869 2943,1869 3033,1863 3123,1857 3212,1857 3302,1851 3391,1845 3481,1845 3570,1839 3660,1839 3750,1833 3839,1833 3929,1827 4018,1827 4108,1821 4197,1815"/>
                <TextEquiv>
                    <Unicode>einer unverdienten Vergessenheit anheimgefallen und sein nicht min-</Unicode>
                </TextEquiv>
            </TextLine>
            <TextLine id="tr_1_tl_6" custom="readingOrder {index:5;}">
                <Coords points="1815,2063 2090,2102 2312,2028 3063,1993 3710,2031 3719,1862 1821,1972"/>
                <Baseline points="1833,2030 1839,2030 1928,2030 2018,2024 2107,2024 2197,2018 2287,2012 2376,2012 2466,2006 2555,2000 2645,2000 2734,1994 2824,1988 2914,1988 3003,1982 3093,1976 3182,1976 3272,1976 3361,1970 3451,1964 3541,1958 3630,1958 3720,1958"/>
                <TextEquiv>
                    <Unicode>der bedeutender Nachlass harrt noch der Anferstehung,</Unicode>
                </TextEquiv>
            </TextLine>
            <TextLine id="tr_1_tl_7" custom="readingOrder {index:6;}">
                <Coords points="2519,2131 2729,2120 2847,2176 3134,2108 3305,2167 3500,2087 4074,2096 4077,2013 3819,1981 3701,2034 3172,2058 3063,1993 2944,2046 2522,2046"/>
                <Baseline points="2537,2119 2561,2113 2651,2119 2740,2113 2830,2107 2919,2107 3009,2107 3099,2101 3188,2095 3278,2095 3367,2089 3457,2084 3546,2084 3636,2078 3726,2078 3815,2072 3905,2072 3994,2066 4084,2066"/>
                <TextEquiv>
                    <Unicode>Den starken Sindruck wieder zu erwecken, den</Unicode>
                </TextEquiv>
            </TextLine>
            <TextLine id="tr_1_tl_8" custom="readingOrder {index:7;}">
                <Coords points="1842,2303 4038,2229 4127,2120 1845,2205"/>
                <Baseline points="1857,2263 1892,2263 1982,2263 2072,2257 2161,2257 2251,2251 2340,2251 2430,2245 2519,2239 2609,2239 2699,2239 2788,2233 2878,2233 2967,2227 3057,2221 3146,2215 3236,2215 3326,2209 3415,2203 3505,2203 3594,2197 3684,2197 3773,2191 3863,2191 3953,2191 4042,2185 4132,2185"/>
                <TextEquiv>
                    <Unicode>"Griselidis, die Duvertare zu einem Gascogner Ritterspiel, der Hym-</Unicode>
                </TextEquiv>
            </TextLine>
            <TextLine id="tr_1_tl_9" custom="readingOrder {index:8;}">
                <Coords points="1818,2395 3852,2356 4124,2332 4127,2229 1821,2324"/>
                <Baseline points="1833,2388 1892,2382 1982,2382 2072,2376 2161,2376 2251,2370 2340,2370 2430,2364 2519,2358 2609,2358 2699,2352 2788,2352 2878,2346 2967,2346 3057,2340 3146,2334 3236,2334 3326,2334 3415,2328 3505,2322 3594,2322 3684,2316 3773,2310 3863,2310 3953,2304 4042,2304 4132,2298"/>
                <TextEquiv>
                    <Unicode>nus an die aufgehende Sonne, das Klavier-Quintett", und andere sei-</Unicode>
                </TextEquiv>
            </TextLine>
            <TextLine id="tr_1_tl_10" custom="readingOrder {index:9;}">
                <Coords points="1827,2519 1913,2534 1960,2501 2128,2498 2188,2525 2276,2507 2321,2536 2495,2483 2581,2486 2584,2412 2498,2374 2297,2412 2072,2386 1951,2389 1883,2433 1833,2409"/>
                <Baseline points="1845,2501 1869,2496 1958,2496 2048,2490 2137,2484 2227,2484 2316,2484 2406,2478 2496,2472 2585,2466"/>
                <TextEquiv>
                    <Unicode>ner Schöpfungen hervor-</Unicode>
                </TextEquiv>
            </TextLine>
            <TextLine id="tr_1_tl_11" custom="readingOrder {index:10;}">
                <Coords points="1839,2669 3958,2569 4065,2477 1845,2542"/>
                <Baseline points="1857,2621 1922,2615 2012,2609 2101,2609 2191,2603 2281,2597 2370,2597 2460,2591 2549,2585 2639,2579 2728,2579 2818,2579 2908,2573 2997,2573 3087,2567 3176,2561 3266,2561 3355,2555 3445,2549 3535,2549 3624,2543 3714,2543 3803,2537 3893,2537 3982,2537 4072,2537"/>
                <TextEquiv>
                    <Unicode>lichten Werke der Musikwelt durch Publikation und Aufführungen</Unicode>
                </TextEquiv>
            </TextLine>
            <TextLine id="tr_1_tl_12" custom="readingOrder {index:11;}">
                <Coords points="1851,2755 3503,2735 4189,2669 4192,2563 1854,2667"/>
                <Baseline points="1869,2734 1958,2728 2048,2728 2137,2722 2227,2716 2316,2716 2406,2710 2496,2705 2585,2705 2675,2705 2764,2699 2854,2693 2943,2687 3033,2687 3123,2681 3212,2681 3302,2675 3391,2669 3481,2669 3570,2663 3660,2663 3750,2657 3839,2657 3929,2657 4018,2651 4108,2645 4197,2639"/>
                <TextEquiv>
                    <Unicode>zu erschliessen, ist das Ziel, das sich die Unterzeichneten gestellt</Unicode>
                </TextEquiv>
            </TextLine>
            <TextLine id="tr_1_tl_13" custom="readingOrder {index:12;}">
                <Coords points="1845,2885 3964,2835 4112,2814 4115,2708 1851,2770"/>
                <Baseline points="1863,2848 1880,2848 1970,2848 2060,2848 2149,2842 2239,2836 2328,2836 2418,2830 2507,2824 2597,2824 2687,2818 2776,2812 2866,2812 2955,2812 3045,2806 3134,2800 3224,2794 3314,2788 3403,2788 3493,2788 3582,2782 3672,2782 3761,2776 3851,2770 3941,2770 4030,2764 4120,2764"/>
                <TextEquiv>
                    <Unicode>haben und das sie mit Hilfe Gleichgesinnter zu erreichen hoffen.</Unicode>
                </TextEquiv>
            </TextLine>
            <TextLine id="tr_1_tl_14" custom="readingOrder {index:13;}">
                <Coords points="2551,2953 3039,2992 3432,2918 3683,2927 3749,2980 4133,2924 4139,2811 3793,2850 3462,2811 3213,2876 2820,2814 2711,2871 2557,2847"/>
                <Baseline points="2567,2937 2621,2937 2710,2937 2800,2931 2890,2931 2979,2931 3069,2919 3158,2919 3248,2914 3337,2914 3427,2908 3517,2908 3606,2902 3696,2896 3785,2896 3875,2890 3964,2884 4054,2878 4144,2878"/>
                <TextEquiv>
                    <Unicode>Wir wenden uns an alle Freunde und Verehrer</Unicode>
                </TextEquiv>
            </TextLine>
            <TextLine id="tr_1_tl_15" custom="readingOrder {index:14;}">
                <Coords points="1836,3113 3885,3009 4086,3063 4091,2924 2409,3039 1842,2989"/>
                <Baseline points="1851,3093 1857,3093 1946,3093 2036,3087 2125,3081 2215,3075 2304,3075 2394,3069 2484,3063 2573,3063 2663,3057 2752,3057 2842,3051 2931,3051 3021,3045 3111,3039 3200,3039 3290,3033 3379,3027 3469,3021 3558,3015 3648,3015 3738,3009 3827,3009 3917,3003 4006,3003 4096,2997"/>
                <TextEquiv>
                    <Unicode>Richard Mandls mit der Bitte, ihre Namen und Adressen an Herrn</Unicode>
                </TextEquiv>
            </TextLine>
            <TextLine id="tr_1_tl_16" custom="readingOrder {index:15;}">
                <Coords points="1848,3258 2705,3184 3060,3249 3426,3148 4142,3249 4151,3057 1851,3122"/>
                <Baseline points="1863,3212 1916,3212 2006,3206 2095,3200 2185,3200 2275,3194 2364,3194 2454,3188 2543,3182 2633,3182 2722,3176 2812,3170 2902,3170 2991,3164 3081,3158 3170,3152 3260,3152 3349,3152 3439,3146 3529,3146 3618,3140 3708,3134 3797,3128 3887,3123 3976,3123 4066,3117 4156,3117"/>
                <TextEquiv>
                    <Unicode>Richard S p echt „Wien XIX., Kreindlgasse 8 gelangen zu lassen.</Unicode>
                </TextEquiv>
            </TextLine>
        </TextRegion>
    </Page>
</PcGts>
