5540 4632
2741 871 3402 1125 hiverpool, 11. 9. 95
2322 1235 2798 1523 Lieber Freund,
2319 1526 3484 1749 herzlichen Dank für Ihr belegramm und die
2167 1706 3484 1874 wärmten Glückwünsche zu Ihrem offenbar großen
2143 1837 3503 2064 und schönen Erfolg, mit dem sich kaum jemand so
2178 1998 3530 2207 aufrichtig und von seyen freut, als ich. Pollini war
2176 2126 3543 2353 während meines Hamburger Aufenthalte wäre ist; ich
2169 2313 3455 2469 habe aber nicht rechtund. mit Wagner und einem
2167 2412 3543 2600 Regisserer oder ihr Stück zu sprechen, dem man mit
2170 2549 3642 2756 Spannung entgegensieht. Ich habe mir du ich meine Leut¬
2209 2703 3620 2873 sämmtliche Kritiken über „Kiebeln“ bestellt, auf die ich
2172 2833 3596 3034 sehr begierig die und mittelst derer ich sofort weiteres
2172 2992 3644 3181 in Hamburg veranlassen will. Sobald ich etwas höre,
2203 3106 3567 3316 verständige ich Sie; lassen Sie aber das Stück auf
