5671 4632
2960 1082 3732 1363 Viele herzliche Früße,
1398 1123 2784 1312 ein paar empfehlende Zeilen (nicht das Buch
3568 1245 3732 1401 th
1392 1327 2848 1514 empfehlend, das sie ja nicht kennen, sondern
3492 1445 4149 1663 unhausperk
1419 1510 2826 1675 den Autor, falls Sie das der sich verantworten
1392 1706 2726 1891 können.); Ich wäre Ihnen herzlich dankbar
1392 1915 1646 2091 dafür.
1577 2036 2868 2247 sch. bin noch immer nicht hergestellt;
1421 2243 2759 2423 die letzten 6 Wochen haben mir viel
1405 2394 2784 2594 Wider und Schmerzen gebracht und
1405 2585 2808 2793 in 10 - 14 Tagen fahre ich auf einige
1403 2770 2850 2995 Zeit nach Sorrent oder Cagei. Sehe ich
1398 2989 1944 3187 Sie noch vorher!
