4424 4585
3479 419 3572 523 09
2827 374 3250 523 22. Juli
2481 409 3607 627 Wien, am 19
825 398 1982 617 Zeitschrift für Musik und Theater.
2363 516 2807 658 1X.. Schwarzspanierstraße 1
3857 499 4037 700 "    "  "
769 537 1157 804 Speit
1112 724 1396 915 Sp. /Or.
1279 991 2263 1192 Lieber Freund!
1490 1244 3583 1389 Die Leitung der neuen Zeitschrift, deren Gründung Ihnen ne-
1105 1379 3475 1511 benstehend angezeigt wird, legt ganz außerordentlichen Wert darauf,
1112 1469 3520 1587 Sie als Mitarbeiter zu gewinnen. Wir wünschen unseren Theaterteil so
1102 1594 3559 1729 reichhaltig als möglich zu gestalten und ihn nicht nur einer lebendig
1109 1722 3548 1826 nachschaffenden Kritik, sondern auch der Produktion selbst zu öffnen.
1105 1840 3462 1930 Essays, kurze dramatische Akte, Skizzen, deren Inhalt irgendwelche
1112 1909 3531 2041 Beziehung zur Musik oder dem Theater-haben, wären uns am willkommens-
1102 2048 3555 2162 ten. Wir hoffen auf das bestimmteste, daß Sie uns nicht nur durch die
1098 2152 3517 2259 möglichst rasch erbetene Erlaubnis, Ihren Namen auf unsere Mitarbei-
1098 2273 3465 2374 terliste zu setzen, hilfreich entgegenkommen, sondern auch dadurch,
1102 2380 3413 2481 daß Sie uns Gelegenheit geben, unserem großen Leserkreise in Wien
1098 2509 3403 2606 und Österreich essayistische oder dichterische Arbeiten aus Ihrer
1091 2606 2062 2720 Feder vermitteln zu dürfen.
1480 2699 3583 2862 Ich wäre Ihnen für eine baldige Zusage ganz außerordentlich
1091 2841 2283 2976 verbunden und empfehle mich Ihnen
2200 2938 3365 3112 mit verehrungsvoller Ergebenheit
1060 2983 2173 3174 Ich hoffe sehr auf Ihrer Hilfe, lieber Antfür.
991 3108 2429 3295 Wenn ich für den Anfang ein paar Apferismen von Ihnen
2793 3080 3254 3271 Runartpeckl
988 3226 2394 3399 bekommen könnte, die auf Musik oder Theater bezug haben.
988 3368 3725 3517 Um eine Büselebte oder einen Akt mehr ich die nicht zu ritten, weil die andere Jonorare gewöhnt wird, als wir
1008 3493 3714 3635 eben mir so bezahlen können, wie die anderen Hauptpächter dieser Art, sie bieten körnen. Aber vielleicht könnten Sie
1067 3548 2034 3656 Herrn Dr. Artur Schnitzler,
2044 3597 3652 3770 mir eine ältere Santomine gegen ein zu vereinbeiendes Pomeras¬
1071 3621 1694 3801 Wien, XVIIXI.
1992 3704 3721 3870 u verlassen, uns vielleicht schreiben die wirklich einmal einen Aufsatz über ein
1033 3763 3773 3954 Thema der Musik oder des Grätens. by wäre 10 froh.. - Mrs vielleicht können die mir über den dem so schweren Emfang hinwegselfen.
3541 3947 3766 4064 Kneur
783 3936 3565 4061 Es wird gebeten, Sendungen und Briefe vorläufig an die Adresse des Chefredakteurs Richard Specht, Wien,
1726 4033 2633 4161 IX/1, Berggasse 21, richten zu wollen.
