4205 4586
699 511 1031 674 [illegible]
1672 497 1837 761 13/10
3034 540 3323 728 "   1
2354 1099 3067 1220 Wien, 19. Kreindgasse 8.
2626 1198 2849 1307 9.XI. 12.
1253 1107 1564 1321 Specht
1703 1420 2049 1587 Meyer Arthur.
1690 1628 3088 1750 König erzält mir eben zu meiner tiefsten Betrübnis, daß wir
1511 1752 3071 1890 mit unsrer Bitte, und Ihren. Professor Bernhardy“ zu einer Vorlassung zu
2257 1837 2676 1929 mM
1511 1886 3051 2024 überlassen, um einen Tag zu spät gekommen sind. Das gleiche Toch, das
1536 2014 3137 2144 mich schon so oft und gerade in letzter Zeit wieder verfolgt hat und das beinahe
1529 2127 3040 2280 schon an Valentlosigkeit grenzt... Irbydem möcht ich in unsrem falle noch
1529 2263 3189 2397 einen Versuch machen, mich gegen dieses Toch zu wehren; das kann ich aber nun,
1544 2387 3162 2529 wenn’s Ihnen, lieben Acker, so recht ist und wenn Sie aus dabei helfen wollen.
1560 2492 3181 2638 Nämlich: ich möchte versuchen, mit fallen irgend ein Abkommen zu treffen;
1569 2669 3187 2764 entweder, daß er den Abend mit dem „Merker“ gemeinsam (in einem Geöstoren
1602 2760 3224 2890 faal natürlich!) macht, oder daß er uns gegen eine Scharlshaltung irgend¬
1591 2884 3195 3003 welcher Art diese Vorlesung einfach abtritt. Wie wir uns mit ihm abfinden,
