5671 4666
2949 1016 4380 1234 nis die Möglichkeit nicht aus, dass der
1395 1052 2822 1278 kein karkatikum gekannt. Bei
2946 1147 4326 1314 statient nur unbekannte Rückfälle
1395 1198 2786 1395 einem sehr heftigen Anfall wur¬
2935 1253 4380 1438 gehabt hat. Wahrscheinlich ist dies wohl
1395 1296 2837 1486 de damals zum Ersternale Monghium
2938 1351 4391 1511 nicht, da nur die Folgezustände kaum
1373 1398 2815 1591 ingieret. Eine gleichjnütige Nähne¬
2935 1449 4366 1649 unbekannt geblieben wären, die
1395 1493 2826 1682 behandlung machte ihr mit dem Co¬
2942 1526 4359 1751 Entwöchung Dr Löwy's geschah unter
1435 1609 2837 1802 ein bekannt. Beide seinen Zustand
2979 1639 4373 1861 zu hilfenahme von Cacain und et¬
1416 1711 2847 1915 erleichternde Mittel wurden thörich¬
2989 1741 4402 1970 was Alkahal. diese Rich. nur zu leicht
1442 1828 2778 1999 terweise zeitweilig in seien
2979 1846 4319 2065 zu gänglichen Mittel, werden
1449 1919 2829 2105 Klände gegeben. dadurch erfolgte
2964 1966 4384 2159 nun im Bekermaße verbracht.
1442 1988 2837 2210 jeinliche Anwendung, die Entde¬
2971 2061 4333 2239 bis wieder mein Sohn Oko und
1460 2094 2833 2312 auch derselben und die nothwen¬
2964 2196 4399 2367 ich die Aufsicht über Beides gewon¬
1449 2210 2822 2400 dige Entwähnung. Leider wurde
2971 2279 4366 2483 nen. Ich, habe in diesem Herbste
1482 2276 2869 2491 immer der Teufel durch Beelgebub¬
2979 2378 4300 2585 über 50 von Flaschen Altvater und
1482 2418 2818 2593 vertrieben. Nach der dritten und
2986 2498 4329 2698 Slikowits gefunden, die er im
1486 2491 2858 2695 letzten Morg in entwähnung durch
2975 2571 4424 2789 vorigen Jahre heimlich getrunken.
1456 2607 2786 2807 könte / vor, 1 ½ Jahren/ ist mir
2997 2709 4373 2902 Gleichzeitig hatte er einen, je nach
1489 2709 2822 2888 kein Rückhall von Monghin in¬
3019 2782 4417 2975 seinem Behinden, schärkenden
1471 2796 2877 3000 jektion bekannt. Natürlich schließt
1497 2866 4417 3113 hier, wie bei meinen Beobachtun, läglichen Verbrauch bis zu ö. 8 Dramm Cocain
3019 2986 4391 3150 dieses Alles ist wesentlich einge¬
1482 3008 2877 3233 gen überhaupt, meine Unkennt¬
3019 3040 4420 3317 schränkt. Er bestömmt nur dann
