5632 4632
2825 936 3404 1144 Kircepool, 19.10.95
2364 1273 2766 1484 Lieber Arthur,
2490 1468 3558 1649 herzlichen Dank für Ehre Zeilen. Ich habe nun
2205 1617 3537 1769 auch Kritiken über „Miebelii“ hierhergesamt bekommen,
2192 1715 3590 1911 mit denen ich mich sehr, sehr freue und die ich nach Hamburg
2196 1875 3590 2009 expedirt habe. Nun aber wird ich aufwordentlich auf Ihr Rück¬
2173 1991 3538 2140 gespannt. Ist keine Aussicht vorhanden, daß es bald im
2160 2149 2576 2282 rück erscheint?
2429 2212 3626 2407 Von mir kann ich Ihnen noch nicht viel erzählen.
2216 2363 3571 2515 Mit der Gesundheit gehts gut. — aber sie kennen ja das Gefühl,
2216 2481 3529 2651 das man in einem fremden Lande während der ersten Zeit
2214 2597 3658 2773 hat, besonders wenn das Land etwas unbetamt ist: Diese inne¬
2216 2730 3641 2875 liche Rälte und Ord, das Nichtwissen, was man mit sich anfangen
2205 2855 3567 3011 soll. — Auf Nachricht nach viel entbehrten Dingen und Menschen
2214 2970 3633 3115 und Stunden großer Einsamkeit. Was alles wird aber, denk' ich,
2192 3088 3615 3286 bald besser sein, – es ists schon jetzt, wo ich ein Klavin habe uns
