4349 4616
1291 455 1423 621 P.S.F.
2313 451 2824 660 '  ̃    =  =
811 480 972 648 1,11
3879 447 4007 623 III.
523 1440 2054 1622 ist ja nun für sie so ziemlich gleichgiltig; aber wir können nur im Fin¬
2642 1467 4082 1628 Ich höre, daß sie auf ein paar Tage nach Berlin fahren – wurden sie mir
503 1578 2048 1713 erständnis mit ihnen an ihn herantreten. Wenn Ihnen der Gevanke syn¬
2528 1609 4133 1773 Ohre reichte Frau nach den Rückkunft und die Freude machen, einen Abend
507 1711 2075 1837 gathisch ist, diese Vorlesung in den Rahmen eines Merkerabends zu stellen.
2528 1742 4113 1874 bei uns zu vertringen. Mit oder ohne Mujik, - mit och ohne ein paar ange¬
523 1858 2102 1965 so wäre es eine höchste Liebenswürdigkeit Schwerseits (und eine große Forderung
2526 1883 4080 2019 nehmen Menschen außer uns — ganz ein sie wollen. Aber ich wäre sehr froh, die
532 1974 2015 2116 der, Marken dazu), wenn Sie Gallen telefonisch anrufen oder ihm eine
2540 1998 3109 2116 einmal bei uns zu haben.
544 2098 2073 2234 Geile senden wollten – eventuell einen Dorf und zu überbringenden Brief
2787 2112 4090 2265 Wenn sie nun über die nebenstehende Angelegenheit ein Wort
538 2230 2000 2371 und ihm sagen, daß wir mit unserem Anliegen zu spät zu Ihnen
2561 2251 4055 2377 des Bescheids - nur hoffentlich ein ihn - senden wollten, was ich Stuen
544 2377 1986 2493 gekommen seien, daß es Ihnen aber recht wäre, wenn M, Merker
2561 2373 4049 2532 sehr dankbar. Wie viel mir (nur waschaftig nicht aus Hensationsleist)
565 2493 2015 2627 nicht um die Sache könne, daß es in Ihrem seine raie, wenn gerade
2580 2495 4061 2642 an der Sache liegt, brauch’ ich Ihnen nicht erst zu sagen; Sie wissen, wie ich
567 2584 2038 2747 diese Vorlesung ein Merkorabens (öder ein Bellen=Merknabend) wäre
2574 2634 3341 2780 in Ihnen und zu Ihrem Schaffen stehe.
573 2720 2129 2855 wir daß sie es ein Natrigen ihm nur uns überließen, äber die Usalitäten
2814 2768 4100 2929 fangfehlen die mich 9ter Frau, und seien Sie, liebe Arthun, an
577 2882 2003 2998 dieser Unterlassung, resp. dieser Vereinung zu verhandeln. Wollen
2609 2898 3904 3051 Zegen und in alten, unveränderbaren Verehrung geprußt.
563 2993 2025 3151 sie das für uns thun? Welleicht gehts doch, (insbesondere da nach keine
3478 3025 3612 3192 Or
573 3126 2096 3285 Geitungsnoligen da waren) - und ich wäre sehr glücklich dankte, liebe letzter
3529 3138 3989 3320 Inhaerten
2472 3271 4135 3457 Alia kommts, daß ich die beide nicht wenn, sind von der Erde gesehen habe? Ach
