5658 4647
1886 503 2603 762 1 „ „ —: —: 9 „
2880 1203 4288 1389 uns vor irgendwelchen möglichen odium zu bewahren.
1329 1233 2683 1444 Gemacht wurden weiß ich nicht. Abgesehen von der
3089 1378 4300 1540 Nebenbei aber haben Sie specielt in diese
2899 1551 4264 1717 Sache doch mit dem Verlag absolut nichts zu thun, und
1369 1431 2743 1596 Großen Schlamperei in der Geschäftsführung. Von der
1342 1610 2700 1770 wie zufällig wissen, weil wo dabei stehen, während
2892 1724 4249 1899 um mit dem Haus geben. Schlagen Sie wirklich
1350 1768 2724 1962 man bei fischer oder Schusterglöffle oder wo immer eben
2908 1882 4249 2044 den Sack und meinen Sie den Esel. Daß Sie
1331 1947 2743 2114 mir die Außenseite sieht, hab’ ich nichts beobachtet.
2922 2039 4345 2257 der erste und einzige sind, der mich in dieser
1344 2146 2707 2323 was einem Autor irgend zur Kneher gereichen könnte.
2920 2184 4347 2430 Angelegenheit, die nun durch Zusetzen der Ebner-
1393 2308 2775 2511 Ich glaube nicht. Das sei Freunde, Bahr oder Salten,
2969 2438 4362 2617 Eschenbach, Schönheim, Bahn etc. zu weit jediehen —
1369 2509 2780 2664 oder ich uns durch die Verbindung mit dem Wiene
2957 2607 4358 2796 §, um sie fallen zu lassen, sitzen läßt, hätte ich
1363 2688 2765 2873 Verlag, die ja übrigens obendrein eine dauernde ist
2940 2799 4337 2984 waschaftig nicht erwartet. Ich gestehe Ihnen, daß es
1372 2884 2748 3068 tich diffamirt zu Fuhlen brauchen, haben Sie abr.
2931 2980 4347 3170 mich fürchterlich verstimmt, und tiefer vorletzt,
1386 3070 2748 3264 Anhaltspunkte, das zu glauben, dann wäre es
2956 3198 3498 3343 als ichs lagen kann.
1374 3279 2784 3437 eigentlich In Pflicht, und das mitzutheilen um
3095 3236 4270 3483 Viele Grüße
