<?xml version="1.0" encoding="UTF-8" standalone="yes"?>
<PcGts xmlns="http://schema.primaresearch.org/PAGE/gts/pagecontent/2013-07-15" xmlns:xsi="http://www.w3.org/2001/XMLSchema-instance" xsi:schemaLocation="http://schema.primaresearch.org/PAGE/gts/pagecontent/2013-07-15 http://schema.primaresearch.org/PAGE/gts/pagecontent/2013-07-15/pagecontent.xsd">
    <Metadata>
        <Creator>prov=READ-COOP:name=TrHtr:version=2.1.0:model_id=51170:date=26_07_2023_03:10</Creator>
        <Created>2023-05-02T07:52:55.801+02:00</Created>
        <LastChange>2023-07-26T03:10:58.569+02:00</LastChange>
        <TranskribusMetadata docId="1416723" pageId="54951681" pageNr="47" tsid="130880906" status="IN_PROGRESS" userId="64420" imgUrl="https://files.transkribus.eu/Get?id=FIJBKYVMNSQISHSZDVNSFRRH&amp;fileType=view" xmlUrl="https://files.transkribus.eu/Get?id=NRPDNGURFQZWOFSOLNCOGIUC" imageId="44455407"/>
    </Metadata>
    <Page imageFilename="1416723_0047.jpg" imageWidth="5638" imageHeight="4585">
        <ReadingOrder>
            <OrderedGroup id="ro_1711828446114" caption="Regions reading order">
                <RegionRefIndexed index="0" regionRef="tr_1"/>
            </OrderedGroup>
        </ReadingOrder>
        <TextRegion id="tr_1" custom="readingOrder {index:0;}">
            <Coords points="2125,1532 3617,1532 3617,2547 2125,2547"/>
            <TextLine id="tr_1_tl_1" custom="readingOrder {index:0;}">
                <Coords points="2133,1617 2338,1656 2447,1582 2655,1645 2782,1591 3107,1637 3180,1600 3612,1606 3612,1508 3280,1501 3195,1545 3075,1488 2998,1551 2847,1552 2133,1495"/>
                <Baseline points="2143,1599 2185,1594 2274,1594 2364,1594 2453,1588 2543,1582 2632,1588 2722,1594 2811,1594 2901,1594 2990,1594 3080,1599 3170,1599 3259,1594 3349,1588 3438,1582 3528,1582 3617,1582"/>
                <TextEquiv>
                    <Unicode>Dauernfeld Greis = Sache - und noch länger zu Stwe kommen;</Unicode>
                </TextEquiv>
            </TextLine>
            <TextLine id="tr_1_tl_2" custom="readingOrder {index:1;}">
                <Coords points="2128,1740 2552,1709 2854,1722 2917,1763 3343,1722 3422,1757 3490,1707 3584,1720 3584,1654 3026,1637 2784,1680 2598,1624 2469,1672 2236,1643 2128,1676"/>
                <Baseline points="2137,1719 2155,1719 2244,1719 2334,1713 2423,1713 2513,1707 2602,1707 2692,1713 2782,1719 2871,1713 2961,1719 3050,1725 3140,1725 3229,1725 3319,1713 3408,1713 3498,1707 3588,1707"/>
                <TextEquiv>
                    <Unicode>aber ich bin in der Revoktich so angefängt, daß ich kaum dar,</Unicode>
                </TextEquiv>
            </TextLine>
            <TextLine id="tr_1_tl_3" custom="readingOrder {index:2;}">
                <Coords points="2144,1890 2642,1840 2847,1886 2935,1846 3000,1881 3072,1849 3455,1884 3529,1857 3529,1761 3415,1801 3258,1761 3083,1811 3020,1777 2937,1816 2767,1737 2574,1807 2478,1766 2144,1781"/>
                <Baseline points="2155,1862 2191,1850 2280,1838 2370,1838 2459,1832 2549,1832 2638,1832 2728,1838 2817,1844 2907,1844 2996,1844 3086,1850 3176,1844 3265,1838 3355,1838 3444,1838 3534,1832"/>
                <TextEquiv>
                    <Unicode>schnaufen kann. Aber die wissen auch so. Dass ich mich</Unicode>
                </TextEquiv>
            </TextLine>
            <TextLine id="tr_1_tl_4" custom="readingOrder {index:3;}">
                <Coords points="2152,1978 2461,2030 2535,1984 2878,1969 3156,2030 3252,1978 3523,1988 3523,1890 3134,1923 2943,1875 2876,1927 2640,1890 2152,1936"/>
                <Baseline points="2161,1976 2185,1970 2274,1970 2364,1970 2453,1970 2543,1970 2632,1970 2722,1970 2811,1970 2901,1970 2990,1970 3080,1970 3170,1970 3259,1964 3349,1958 3438,1958 3528,1958"/>
                <TextEquiv>
                    <Unicode>mit allem Frauen (und über Dummes ärgern) was Sie</Unicode>
                </TextEquiv>
            </TextLine>
            <TextLine id="tr_1_tl_5" custom="readingOrder {index:4;}">
                <Coords points="2152,2124 2233,2152 2345,2117 2904,2104 2994,2142 3029,2113 3195,2109 3168,2072 3003,2080 2823,2019 2775,2048 2651,2021 2522,2074 2423,2076 2292,2013 2152,2043"/>
                <Baseline points="2161,2095 2250,2107 2340,2113 2429,2107 2519,2107 2608,2095 2698,2101 2788,2101 2877,2101 2967,2101 3056,2101 3146,2101 3199,2107"/>
                <TextEquiv>
                    <Unicode>angeht, — als wa's ein Stück von mir...</Unicode>
                </TextEquiv>
            </TextLine>
            <TextLine id="tr_1_tl_6" custom="readingOrder {index:5;}">
                <Coords points="2312,2281 2740,2224 2812,2257 3422,2235 3499,2218 3501,2124 3173,2168 3134,2144 3090,2177 3022,2139 2845,2139 2539,2177 2399,2144 2314,2179"/>
                <Baseline points="2322,2238 2340,2232 2429,2226 2519,2220 2608,2220 2698,2220 2788,2226 2877,2220 2967,2220 3056,2220 3146,2220 3235,2214 3325,2214 3414,2208 3504,2202"/>
                <TextEquiv>
                    <Unicode>Hoffentlich aber sah ich die doch bald! V. St.</Unicode>
                </TextEquiv>
            </TextLine>
            <TextLine id="tr_1_tl_7" custom="readingOrder {index:6;}">
                <Coords points="2115,2386 2218,2410 2347,2367 2448,2413 2585,2347 2732,2345 2937,2397 3289,2334 3474,2369 3523,2353 3525,2253 3096,2292 2865,2253 2790,2294 2705,2257 2480,2319 2224,2255 2115,2319"/>
                <Baseline points="2125,2370 2185,2364 2274,2358 2364,2352 2453,2352 2543,2346 2632,2346 2722,2346 2811,2346 2901,2346 2990,2346 3080,2340 3170,2340 3259,2334 3349,2334 3438,2334 3528,2328"/>
                <TextEquiv>
                    <Unicode>Kopfleiden gang vorüber.» Mir geht gesundheitlich jetzt</Unicode>
                </TextEquiv>
            </TextLine>
            <TextLine id="tr_1_tl_8" custom="readingOrder {index:7;}">
                <Coords points="2139,2504 2242,2496 2360,2537 2423,2498 2482,2526 2568,2482 2788,2572 2902,2544 2900,2386 2867,2367 2744,2428 2707,2402 2644,2432 2408,2399 2290,2436 2201,2412 2139,2448"/>
                <Baseline points="2149,2477 2238,2471 2328,2471 2417,2471 2507,2471 2596,2471 2686,2477 2776,2483 2865,2483 2907,2485"/>
                <TextEquiv>
                    <Unicode>überraschein gut. Von Herz¬</Unicode>
                </TextEquiv>
            </TextLine>
            <TextLine id="tr_1_tl_9" custom="readingOrder {index:8;}">
                <Coords points="3005,2587 3121,2592 3171,2546 3208,2546 3262,2572 3448,2550 3488,2587 3571,2596 3571,2474 3422,2484 3238,2378 3175,2408 3090,2386 3005,2404"/>
                <Baseline points="3016,2511 3110,2537 3199,2531 3289,2537 3379,2537 3468,2531 3558,2519 3576,2513"/>
                <TextEquiv>
                    <Unicode>Rühmig</Unicode>
                </TextEquiv>
            </TextLine>
        </TextRegion>
    </Page>
</PcGts>
