5768 4552
803 801 1394 961 or Jos. perngasse 9
1648 787 2349 965 Grunden. 25 - VI. 22
917 909 1600 1037 LAANDESEROSA VACHIELAC
1087 1270 2457 1404 hinter Arthur, mit dem wörden Bank für Ihre Karte
989 1400 2457 1566 zurechende ich Ihnen den mitfolgenden 6. Hans meiner
1003 1544 2569 1678 gesammelten Mecke - vielleicht macht Stamm die Kleinigkeit
997 1656 1808 1788 eine Viertelstunde lang Spar.
1266 1762 2519 1910 Der Grund, warum ich Ihnen schrecke, ist aber eine
1003 1886 2553 2047 andres: ich wüßte gein uns umgehend, wann die in Ausser
991 2017 2505 2163 sind. Falle es erst nach dem 10. Juli wäre, würd’ ich mich
1003 2133 2567 2303 vielleicht auch für ein paar Tage finkten - es sind außer
989 2259 2511 2429 Ihnen noch ein paar Menschen dort, aus denen ich einiges
1001 2403 2537 2517 zu orden hätte. Wenn sie aber früher fahren, dann wüßte
1007 2505 2573 2659 ich etwas einigendes: nämlich daß Sie auf der Einfahrt für
991 2661 2565 2777 ein pass Tage in uns kommen. Vom h. - 9. Juli sind
991 2767 2603 2924 Manda und ich ganz allein in die Villa die Springerelben!
1015 2890 2579 3044 unser (kehr gut vorhandes) Mädchen nur Wien haben
1021 3030 2623 3164 wie hier – wir könnten ein paar gute Tage mitsammen haben.
1045 3140 2349 3288 hätten Sie kürt? Es wäre schön? Segen sie ja?
1177 3252 2503 3406 Und seien die am uns beiden Inquisit gegenst
1660 3394 2277 3609 Dr Cunnen
138 4281 607 4444 G.C.F.P.
2842 338 3532 545 Taerinne, 10.5.29
3799 342 3979 575 bei ihm
2950 493 3629 619 Mieter Arthur, nur diese
2850 577 3623 729 herzlicher Grüße – wie hartig
2844 685 3683 813 s. es zur ist, läßt sich kaum Streiter
2862 773 3663 907 für Traum, den ich nie für möglich
2872 845 3643 1017 gehalten hätte; zu all der Trage nach
3723 837 4648 1021 Herrn Dr Achim Schmitzler
2868 945 3661 1069 die allmächtlich feuerzeiende Actna
2886 1031 3665 1157 ich bin in einem einzigen Rausch.
3979 999 4357 1197 hustria
2872 1129 3683 1252 " In Naspel hatte ich ein paar Aufman
2886 1204 3649 1318 tage – sonst war die Reise schön und
3895 1173 4626 1328 Vienne (Wien) 18.
2892 1272 3671 1410 eindererd auch. zu Schinsen sind ein
3973 1306 4672 1484 Sternwarteshofe 31
2878 1366 3675 1512 in Wien 6 es gehe noch über Talerino,
2884 1436 3739 1596 nagel, Senavig als Auszugstationen
2866 1512 3580 1662 aller nicht die seiten
3000 1856 3785 2009 Saunt Wolel Spéranza Abbazia
3498 1982 3695 2061 11. III.
3006 2041 3789 2145 hiebei Arthür. Winke Grüße vom
2976 2123 3797 2213 Maresstrand, unter 24° Sommer.
2976 2189 3809 2319 wärme und köstlichem Frühlingrenten.
4009 2229 4165 2323 [incomme?]
3040 2269 3731 2383 Wir sind gut u. nicht unter unter.
2958 2319 3737 2469 Getracht und vorzüglich verpflegt.
2968 2415 3731 2567 kommen mit am 18. M zurück und
3877 2399 4091 2555 Juni
3022 2493 3769 2627 wundern uns über jeden, der in Wien
3899 2537 4624 2695 H Arthur Schnitzler
2964 2567 3791 2693 bleibt, ohne es unbeding zu müssen.
3022 2667 3761 2783 Uekejens bleib ich nicht lange dessen,
3965 2681 4668 2874 Hernwartestraße 71
3030 2743 3749 2874 ich habe wäßend des ganzen April
3000 2822 3743 2948 Vorträge in Dauterstand (vorläufig)
3006 2888 3737 3000 12 Abende). Hoffentlich sah ich Sie in die
4133 2874 4538 3036 Wien 18
3220 2956 3821 3070 keit komme und die für mich ganz
3008 2978 3226 3068 Mrs Spivak,
3218 3022 3743 3128 allis liebe xxx
2994 3048 3228 3158 vertheilen.
