5617 4648
1379 1145 2776 1348 falls könnte ichs in diesem Augenblicke
1377 1285 2754 1483 nicht der frischen schreiben, umsweiniger
1406 1418 2786 1598 als ich nicht das Gefühl habe, es besser machen
1386 1557 2801 1741 zu können? Vielleicht späte. Aber auch dann
1391 1688 2747 1908 halt' ich es immer für gescheiter, lieber was
1381 1836 2734 2007 nenes zu machen. Am Wenig, ich werde
1382 2012 2828 2198 das spreiben mit der Zeit sein lassen, – es Wank
1368 2164 2761 2326 Doch nichts weitrolles dabei heraus. – und ich
1382 2324 2716 2497 werde mich darauf verlegen, schöne Onsen
1409 2461 2799 2650 fremder Litteraturen durch gute Uebeckfungen
1417 2597 2830 2754 zu vermitteln. Daß ich das könnte, daß
1589 2857 2716 3029 ssere Ansicht, daß Liebelei gegenüber
1399 3013 2804 3197 dem München im speciellen und auch sond
1393 3150 2815 3368 im Allgemeinen u verschätzt wird (sofern das
3650 511 3832 700 : 1
4057 529 4320 650 1:1:e à 1:10
2903 1085 4295 1253 nicht eine sehr hübsche und geschmackvolle kleine
2905 1233 4189 1390 Tose von Ihnen 8) halte ich für unrichtig.
2918 1316 4334 1519 Das Märchen ist voll von einer Theorie "Liebelei"
2947 1453 4293 1690 voll von einer Empfindung, - nur Empfin
2945 1670 4268 1820 dungen wirken hält mehr, wenn sie eben
2972 1793 4250 1975 von einem Dichte vorgetragen werden.
2990 1922 4313 2108 Und das sind Kr. „Hoffen Sie nicht, daß
2957 2117 3458 2255 ich mich irre.
3202 2185 4248 2374 sch jac eine Bitte an die, lieber
2981 2340 4228 2482 lich. Möchten Sie und nicht einen
2972 2466 4318 2687 kleinen Brief an Tane Goldmann
2963 2621 4261 2817 hiecheisenden? Ich fahre nachte Woche
2995 2781 4279 2977 nach Paris und möchte ihn gern auf
2999 2920 4300 3107 suchen, weil aber weder seine Adresse,
3001 3119 4320 3289 noch auch, ob er sich überhaupt meiner
