5565 4665
2775 1232 3093 1316 Ventnor Villas,
2912 1316 3298 1408 39 Bentley Road,
3101 1398 3404 1521 Princes Park.
2245 1372 2842 1555 hiverpove, 25.II.1896
2471 1639 2854 1787 Nieber Arthur,
2433 1820 3481 2003 ich hatte immer gehofft, die würden wie
2269 1936 3600 2100 hiebelei senden, von deren Drucklegung bei Entsch
2293 2097 3552 2249 Sie mir 1.3. schrieben. Man habe ich das Stück in
2297 2228 3546 2387 samburg bei Lotte Witt gelesen, die die Rolle der
2256 2365 3619 2508 Geistine in Petersburg spielen will. (das wissen Sie ja
2257 2512 3571 2655 vermuthlich) Stück aus Rolle gefallen ihr außer¬
2257 2679 2531 2789 ordentlich.
2433 2734 3621 2908 Was soll ich ihnen darüber sagen? "tietelei" ist
2279 2883 3614 3052 10 schon und ergreifend, daß man es schweigend besser
2291 2990 3665 3185 ehrt, als indem man zeigt, daß man es verstanden
2297 3134 3658 3344 hat mir den Autor auf seine eigenen Pointen und
