5735 4535
2095 1860 2378 2010 e Auvie
1663 1889 1847 2040 Ia
925 1927 1443 2067 RKERSDORF, Sanatorium
635 1972 880 2107 4 K
806 2423 2238 2638 I. I. bei sich zu sehen; ich überlasse es natürlich ganz Ihnen, ob
899 2596 2264 2738 Siz dem alten Herrn die Freude Ihres Besuchs machen wollen.
804 2638 2268 2842 da ich nicht alle 27 Autoren auffordern kann, mitzukommen,
812 2791 2268 2960 so thue ich es bei keinem und geht „officiell“ nur mit seinem
853 2897 2262 3053 aus dem Verlag u. mit Seligmann; wenn aber indificiell
804 2962 2330 3140 noch einige von uns Finanskamen, wäre das sehr schön und für Saar
264 4297 451 4432 G.C.F.P
