5640 4585
549 1121 2637 1338 Gegenwart und Wirklichkeit war oder nicht. Aber wenn sie mir
3192 1159 5357 1352 es mir nicht zum Thema gehörte.) Sie haben unbedingt recht, wenn Sie
549 1247 2679 1484 stagen, daß es trotzdem ein Lapann oder sogar am fehler war, nicht
3204 1338 5383 1534 meinen, daß es eine zuweitgehende Einbildung meinerseits sei, nach
552 1423 2696 1649 noch ausdrücklich zu bemerken. daß Sie sich in Ihrem Gegenwarts¬
3207 1455 5430 1672 meinem Annich über sie meine Stellungnahme in dieser Frage als Genügens
549 1652 2696 1804 wecken auf das Gesellschaftliche ihren beschränkt haben, will ich Ihnen
3204 1628 5407 1872 bekannt voraus zu setzen, im nicht immer wieder sagen zu müssen, was
3201 1751 5445 2007 nottut. Aber offenbar war ich in diesen unbereßten Einbildung befangen
543 1751 2708 1910 gerne recht geben und es soll in der hoffentlich bald nachkommenden
3221 1939 5477 2133 oder zu wenig überlegt. Aufe Absicht war nicht – nur Sie hätten mir auch
531 1907 1743 2080 nächsten Auflage gutgemacht werden.
3221 2018 4028 2159 keine unterstellen sollen.
857 2127 2784 2309 Nur, Arthur, warum sind sie anderes gegen mich? Warum
3541 2183 5530 2385 kleiben notfun, wie sie mir die Ehre an, davon überzeugt zu
466 2197 2787 2453 so rath bereit, "Grunde unerfindlicher Art oder gar einen Gesinnungs¬
3192 2309 5480 2523 sein, daß ich selbst dann in künsttrischen Dingen meine Gesinnung weder
469 2432 2790 2617 wechsel zu suchen. Ja mich ohne weitens den bösartigen oder leichtfertigen
3224 2467 5474 2652 ändere noch „färbe“. Wenn wir meulglich, auseinander“ waren oder wenn
458 2570 2802 2799 Regensenten zu gehalten. Wenn ich den Fehlen beging, den ich Ihnen werden
3198 2591 5407 2799 persönliche Kränkung im April wäre. Aber ich liebe Sie unverändert; sie
3198 2743 5469 2937 sagten mir erst kürzlich, die seiner und blieben der alte – also selbe derlei
455 2734 2758 2925 zu gestand. So konnte es doch nur geschehen, weil es mir, ausgerechnet
3192 2901 5530 3119 kommt nicht in frage. Es ist ich mich kränke, weil Sie derart der Welt abfanden
458 2869 2728 3130 mir, nicht im Schlafe einfallen konnte, erst noch eigens faststellen ja
3201 3016 5539 3274 gekommen sind – und er allein, mir — könnte noch weniger als eine persönlige
452 3060 2734 3286 müssen? Daß Sie auch noch eine Reihe anderer höchst vertrollen und
3218 3145 5515 3374 Verstimmung einer der "unerfindlichen Gründe sein..) Ich beklag' es herzlichst
461 3192 2728 3432 wichtigen Werte geschaffen haben; ich habe gar nicht daran gerecht, daß es erst
3245 3309 5530 3526 daß Sie sich über mich geärgert haben; hoffentlich sahen die jetzt. Daß dieser Änge¬
449 3333 2805 3576 noch nötig sein könne, das außerhalb des Zusammenhanges noch ausdrücklich
3245 3447 5515 3673 höchstens durch eine Ungeschicklichkeit meinerseits, aber nicht Euch meinen ver¬
458 3482 2784 3738 zu koniatiren. (Auch Wassermann hat den „Alexander“, du Jöden om Zürn
3251 3591 5199 3793 änderten Gefühle für Sie, den Dichten und freund ananlaßt war.
478 3635 2758 3887 doch, den Caspar Hause gemacht – und auch das hab' ich nicht eröfnet, weil
3544 3743 5530 3984 Also geben sie mir die Hand, Arthur, und seien Sie mir wieder
2456 3861 2626 4096 e
