5603 4648
2929 1001 3366 1235 Mittwoch
2536 1292 3153 1512 Lieber Doktor
2354 1534 3585 1757 ich hätte Ihnen gleich Sonnlag für
2240 1729 3541 1896 Ihr geistvolles und stimmungsreiches
2260 1863 3581 2018 Stück danken können, denn ich las es
2277 1996 3644 2249 sofort und in einem Zuge. Das ich bis
2229 2159 3658 2332 zu dieser Minute nicht dazu kam, werden
2266 2299 3611 2492 Sie hoffentlich entschuldigen; Sie wissen ja
2205 2477 2721 2679 wie's oft geht.
2451 2617 3682 2797 " Neben das "Mäuhen" hätte ich Ihnen
2266 2762 3605 2955 viel zu sagen; schriftlich geht das aber
2240 2900 3563 3094 schon deshalb schwer, weil mir dabei
2258 3037 3620 3254 jedem Satz Ihr Einwand fehlt und ich
2240 3166 3723 3379 also blos Dinge einstellen kann ohne die möglich¬
