4869 4680
1421 804 1980 943 PROF. RICHARD SPECHT
1630 836 2378 1045 DÉFON SAOS SASSE 8 13.4.16
1231 879 1648 1066 WIEN, XIX.
1700 1316 2166 1493 Lieber Arthur
1715 1531 3665 1700 ich bin sehr leidend samst fäll' ich Ihnen sofort geantwortet.
1721 1718 3718 1869 Vor allem: Sie haben offenbar nun den bewüßten Absatz fürlich.
1476 1837 3773 1994 ohne Zusammenhang mit dem andern gelesen; und das auch etwas flüchtig¬
1470 1971 3718 2125 sonst hätten Sie das „Und es gilt auch ein wenig an Arthur Schnitzler etc.“
1476 2181 3776 2314 nicht auf das jahrelange Schweigen beziehen können (wobei es betrübend ist,
1482 2285 3706 2440 daß Sie so leicht geneigt sind, mich für schwachsinnig zu halten), sondern
1473 2445 3700 2606 hätten es als den neuen „Stropfen anfang“ genommen, der es ist. Kürz¬
1482 2617 3694 2757 zuvor heißt es, daß die Dichter zu Deserbeuren aus der Wirklichkeit
1461 2760 3753 2935 werden: „das gilt von Richard Beer-Hofmann“ u.s.w. -„und es gilt
1464 2888 3782 3115 mich ein wenig von Arthur Schnitzler.. Er daß ein Leser, der mit dem Autor
1450 3086 3761 3258 geht, nicht gut wird annehmen können, daß diese flucht aus den Wirklich,
1464 3229 3770 3392 keit jüst in den Wecken zutage tritt, die in eben diesen Wirklichkeit,
1473 3362 3814 3528 in dem leidigen „Ausschnitt spielen. Dies umso wenigen, als ja das ganze
1476 3520 3808 3715 Kapitel (bitte, lesen Sie die Eingangszeilen) ausschließlich auf die Erwägung
1488 3677 3817 3875 gestellt ist, ob und in Einwart die Dichtung der Vortringszeit ein Abbild an
