5629 4679
2198 1133 3053 1326 zogem oder gar schädigen.
2437 1311 3629 1512 Was treiben Sie? Siew Sie Gesund¬
2229 1505 3643 1727 und fleißig. Wie fehts mit der Grahin:
2240 1712 3622 1920 Sie haben die Deilmer Secassionsbühne
2234 1916 3611 2121 wol früher gesehen: wurden Sie mir rathen,
2234 2070 3564 2303 einste oder den anderen immer fin acten
2263 2305 2937 2484 dort einzureichen?
2460 2444 3659 2650 Lassen die mich mein langer sprege
2204 2644 3656 2834 nicht entgelten und, senden Sie mir bald
2240 2783 3685 3022 eine Zeile; die wissen, lieber Arthur, wie auch's
2238 2979 3475 3175 freut. Leben Sie recht herzlich wohl.
2552 3148 3641 3383 hofeuerseht Ihr Ruhn
2202 3260 2988 3463 Grüßen sie Beerkofmann.
