5629 4665
993 1065 2592 1281 AJ.R.LANDAUER & C° 1338135. The Albany
1963 1175 2700 1324 Ad Hall Street
1192 1279 1396 1396 Prie, Addres
1528 1294 2770 1560 Liverpool 9. November 1895
1091 1409 1426 1510 Telephone No.6123.
1240 1612 1670 1811 Lieber Arthur,
1413 1759 2705 1919 ich rank'schnen für Ehren Brief und muß auch die
1127 1893 2664 2069 um Verzeihung bitten, daß sie das Besitz des Pierrol durch
1151 2010 2685 2168 Die Schuld unseres etwas gehirnscherachen Post expedienten so
1149 2110 2759 2294 theuer bezahlen mussten. Revanchoren Sie sich mir bald und
1151 2244 2112 2382 senden die mir „Lierelei“ unfraikirt!
1461 2354 2716 2495 Anns Hamburg schreibt man mir, dass man sich
1136 2447 2759 2618 doch für Hr. Änk sehr interessirt, - ich habe alle Kritikan hin¬
1142 2558 2741 2759 Gesandt, Carl wagner hat sie weitergegeben und die Regisseure
1127 2694 2690 2854 werden das ihrige thun, wenn Sie Kierelei einreichen lassen.
1471 2791 2752 2967 Was kundt betrifft, ist man hier verloren. Man
1145 2947 2728 3101 kann zwar gute Salisten hier hören. aber man eines so viel
1138 3047 2741 3215 elende Murik in den Aauf nehmen, wenn auch die Patti oder
1142 3137 2804 3326 Surasute eine Concentnummer übernehmen. Bei allem Respect
1127 3261 2800 3458 den die Engländer vor Musik haben, können sie sich doch von ihrem
1138 3399 2746 3566 - was diese Rummt betrifft – göbelhaften Geschmack nicht frei
1166 3477 2863 3707 wachen. Neulich war ich bei einer Aufführung, in der ein schweßliche
3694 517 3856 636 1:  110
2863 1097 4522 1320 pötist mit ein paar frechen Kessagen und eingestrenten taelen
2891 1261 4496 1443 aus talseinschen Gassenhauern der Star des Abends war, während
2893 1380 4633 1558 die Paroralsÿmphone den hier bei berühmter Musik üblichen Achtungs¬
2897 1486 4602 1629 nur Verständnislosigkeits-Erfolg hatte. – Mit dem Geater ist nicht
2876 1610 4535 1763 viel besser; da beherrschen die Unledrämen die Bühnen, – senti¬
2921 1686 4537 1859 mentale, unsäglich banale „Stücke“; - uns wenn die Helden
2934 1811 4566 1982 an die Range tritt nun zu erzählen, wie sie verführt worden ist
2915 1958 4542 2092 und er die Zeigen in den höchsten Lagen zu tremoliren beginnen
2928 2045 4535 2185 um dann sehr traurig die Erzählung zu begleiten, - dann herrscht
2951 2181 4529 2328 nichte Anzeung. Denn intriganten Bösericht recht man von der
2949 2244 4533 2434 Galerie aus die ärzten Schimpferade zu und ihm wird im
2975 2402 4514 2573 applaudirt. – Sie sehen, für es weitlich noch ein nawes
2979 2501 4600 2674 Publicum; aber die Marvelät nur der Geschmack nur in den
2982 2627 4505 2817 Grund hinein verdorben durch diese gelegenen Machwecke.
3200 2728 4578 2923 So bin ich darauf angewiesen, zu Hause der Kunst zu
2982 2854 4672 3031 leben: nach nie hat' ich Goethe und Fettel, Beethoorn und Schumann
2949 2947 4568 3157 so sehr geliebt als jetzt. Ich schreibe eine einmütige Studie, die
2938 3092 4520 3300 den Titel „Don Inant Närrin“ führt nur eine verflurft
2964 3187 4559 3404 romantische Sache ist. Dann aber komme zwei 3 aclige
2938 3289 4639 3523 Spannspiele in Krote: ein modernes und ein hierausches. Sie
2951 3447 4637 3650 sehen, lieber freund, ich hat viel vor mir wann von Herzen freh,
