5617 4648
2099 1080 3567 1264 erinnert. Wollen Sie so lieb sein, meine
2150 1229 3564 1406 Anwissenheit und seinem Gedächtnis nach.
2165 1408 3520 1580 zuhelfen. Wenn ja, dann aber gleich: nur
2155 1555 3571 1707 wenn Sie mir sofort schreiben, kann mich
2179 1705 2952 1884 Ihr Brief noch erreichen.
2415 1822 3527 1980 „Diebelei“ schonke ich Ihnen nicht.
2174 1959 3500 2166 Die Notfall fol' ich eines in circa 3
2181 2143 2741 2278 Wochen persönlich
2368 2256 3476 2483 Viele herzliche Grüße von Ihrem
2926 2425 3617 2652 1 Eimwisser
2289 2824 3489 3018 Ich sonder ttner heute oder morgen
2278 2990 3463 3157 ein Bild von mir. Machen sie sich
2282 3144 2745 3302 nichts draus!
