5752 4569
1480 566 2255 705 PROF. RICHARD SPECHT
1490 684 2259 796 WIEN, XIX/1, KREINDLGASSE 8
1649 745 2097 880 TBLEPHON A-14-0-95
1608 836 1915 1005 28.X.28.
2127 1274 2737 1440 Liebster Arthur,
2151 1362 4143 1581 ich weiß nicht,ob Sie schon unter Menschen gehen - falls
1473 1544 4170 1682 Sie sich aber dazu entschließen, wäre ev uns eine ganz große Freude, Sie Mitt-
1493 1672 4076 1841 woch Mittag bei uns zu sehen: Thomas Mann hat sich bei mir angesagt und es
1504 1770 4042 1925 wäre so schön, wenn Sie dabei wären.Es ist keine Gesellschaft;auder Manns
1497 1898 4133 2056 kommt nur noch Dr. Ernst Benedikt und Frau (falls er nicht noch absagt) und
1493 1959 4204 2185 Paul Weingarten, den Thomas Mann sehr gerne hat. Ich wäre außerordentlich froh,
1497 2154 2373 2326 wenn Sie kommen wollten!
2164 2144 4133 2350 Nicht wahr:Sie haben es verstanden, dass ich Ihnen nicht
1504 2330 4076 2512 schreiben konnte, weil mir jedes Wort so albern und leer sohien...und Sie
1497 2458 4062 2623 wissen es doch, dass ich mit all meinen guten Gedanken und allem schmerz-
1504 2596 4079 2741 lichen Mitempfinden bei Ihnen war. Ich weiß, dass Sie das wissen müssen - -
1514 2707 2879 2876 sonst wäre alles zwischen uns sinnlos.
2147 2758 4147 2930 Machen Sie mir jetzt die Freude, Sie endlich wieder sehen
1520 2930 3833 3085 zu dürfen. Und seien Sie so lieb, mich Bescheid erfahren zu lassen.
2144 3021 4194 3162 Kindy grüßt Sie vielemale und ich drücke Ihnen von ganzem
1507 3135 2114 3327 Herzen die Hand.
3405 3257 3580 3375 Ihr
3331 3354 3654 3580 Mn
