4349 4616
542 457 750 581 1,1
653 1305 1945 1452 Willkommene mir berechtigte Erststellung ist. Mir theils sehr
680 1450 1903 1587 leid, daß ich's nicht mehr aufhalten und mit Ihnen darüber
671 1579 1946 1684 sprechen kann: aber ich wollte Ihnen gerade durch mein eiliges
698 1728 1966 1863 Veröffentlichen dienlich sein und Ihnen zeigen, welchen Weit¬
710 1868 1932 1995 ich auf jede zwar Gülen lage. Hoffentlich verstimmt es sie
716 2015 1920 2129 nicht - das wurde mich mehr kränken, als ihr sagen kann.
727 2148 1265 2274 über - mein Wille war gut.
923 2274 2016 2414 Jahren wir sie habe. Vielleicht können wir bald Musik
745 2420 1999 2547 machen; jedenfalls bitten oder Sie schon heute – damit sie
749 2571 1977 2697 dann nicht vergeben sind – uns am 5. April die Freude
752 2705 2003 2825 zu machen, zu einem Cammermusikabend (meine frau
773 2829 1995 2959 Zuberman, Verbal und Grümmer) zu mir zu kommen.
988 2960 1894 3099 Allecheswüsste Große im Haus zu Haus
1149 3122 1735 3253 derehungsvoll ergeben ist.
1554 3222 1909 3418 Wenn
2466 415 2643 575 G.C.P
2139 431 2394 565 Votre trèsse
2996 426 3476 592 Vünkirjainen i 7,1
3122 1156 3348 1261 7.III.13.
2135 1136 2431 1302 Speckt
2420 1439 2793 1610 lieber Arthur!
2414 1675 3530 1860 Deider kommt zu brief zu spät. In der freunde, auch
2244 1841 3483 1976 cum ein paar Zeilen von Ihnen für den „Merker“ zu¬
2249 1992 3480 2130 bekommen, habe ich aus dem in Stück befindlichen Haft
2257 2135 3563 2283 sofort eine kleine Richtung herausgeworfen. Die Herstellung
2265 2278 3551 2436 des Hefts beyögert und zu schreiben hineingethan; ich habe
2270 2412 3499 2567 selber genaue Korrettin gemacht, um nicht noch einen Tag
2280 2547 3501 2716 Mir zum Erscheinen der Nummer zu verlieren und eben jetzt,
2283 2703 3589 2856 während ich diese Zeilen schreibe, dürfte die Auflage ausgedruckt
2283 2832 3494 2996 sein. Ich kann aber auch keinen trifligen Grund finden,
2261 2980 3520 3130 warum Ihr Brief nicht entscheinen soll: denn auch bis heute
2256 3126 3511 3268 öffentlich nicht davon gesprochen wurde, was Brandes schreibt
2282 3248 3550 3393 - herumgeredet wird so viel, daß Ihre Erklärung nur eine
