5643 4696
2373 997 3539 1205 blicklich ist er ohne Cacum¬
2209 1096 3569 1280 wenn nämlich der Aeschein
2266 1212 3546 1429 nicht trügt! Und so übergebe
2263 1294 3608 1516 ich Ihnen mein Kind. Thum mei¬
2252 1404 3602 1612 nen dank für das, was Sie an
2242 1507 3608 1749 ihm thun wollen, so auszuspre¬
2266 1670 3518 1873 chen, wie ich so gerne möchte
2245 1777 3580 1987 und ganz empfinde, vermag ich
2230 1904 3618 2050 nicht. Aber Sie wissen, was mir
2240 2015 3650 2181 das Leidens sind ist und was immer
2221 2105 3317 2336 seine Stellung bedeutet.
2333 2261 3471 2488 In herzlichster Ergebenheit
2772 2447 3396 2627 Ihre dankbaren
2959 2480 3653 2782 Pauline Specht
