5617 4648
2654 978 2996 1122 Bentnor Villas,
2810 1105 3181 1201 39 Bentley Road,
2200 1157 3302 1322 hiverpool, II. III. 96 Princes Park.
2324 1421 2846 1612 hiebei Arthur.
2346 1653 3551 1896 für Ehren in seiner Schönungslosig
2193 1794 3499 2002 keit 10 lieben Brief meinen herzlichsten
2195 1937 3489 2138 dank: er hat mich eifrennt und geehrt.
2195 2087 3434 2257 weil es mir bei allem tadel mehr
2229 2234 3515 2418 weit ist, ernst genommen als gelobt zu
2217 2399 3572 2588 werden. Entgegnen kann ich thien nichts
2241 2556 3542 2719 Nie ist durch mündliches und schriftliches
2241 2698 3553 2850 Wiederkauen so urmeinbar mies vor
2243 2863 3625 3030 meinem Stück. Das ich alle Distanz und
2255 2991 3623 3200 alles Urtheil darüber verloren habe. Jeden¬
