5629 4713
1200 1500 2848 1677 noch nicht, aber ganz so hoffnungslos, wie
1217 1633 2854 1815 ich es in Wien war, bin ich doch nicht mehr.
1210 1732 2797 1924 Hier ist natürlich dichtung und Wahrheit
1210 1882 2793 2026 vermischt. Die Ersatzkropfen sollen, nach
1210 1963 2852 2153 Ausspruch der Parienten, wirklich ganz aus¬
1223 2098 2833 2267 gezeichnete Wirkungen haben, nur soll
1223 2210 2780 2374 das Entwohnen von diesen auch nicht
1217 2326 2822 2486 ganz ohne Wörung abgehen. Störungen
1223 2423 2797 2609 die allerdings, im Vergleiche mit den
1253 2541 2810 2712 sonst zu erduldenden, in keinem Ver¬
1253 2645 2810 2818 hältnisse stehen. Richard ist noch nicht
1223 2788 2795 2945 so weit. Es wurde ihm vorerst das
1223 2890 2822 3095 Cacam entzogen und durch größere Mor¬
3006 1502 4707 1667 phiumdosen ersetzt, wodurch er beinahe fort¬
3000 1595 4660 1772 während schläft. Morgen soll nun die Mor¬
2993 1696 4686 1886 phiumentziehungscor beginnen, bei der wirk¬
3025 1827 4654 2001 lich die Spritze sofort wegbleibt. Richard lässt
3017 1908 4671 2108 Sie vielemale grüßen, sobald er aus seinem
3036 2074 4673 2252 Mornhimmluset wirklich erwacht sein wird,
3042 2176 4662 2381 will er Ihnen schreiben. Einstweilen reicht
3055 2298 4624 2476 seine Thatkraft noch nicht über Essen und
3046 2396 3735 2554 Trinken hinaus.
3065 2539 4605 2742 Ich grüße Sie herzlichst und danke Ihnen
3072 2693 4297 2805 immer und immer wieder.
3103 2774 4314 2970 In aufrichtiger Ergebenheit
3794 2941 3982 3088 Ihre
3798 3025 4637 3279 Pauline Specht
