5632 4632
2050 1161 3436 1317 wenigstens Musik machen kann. Waläufig lässt meine
2041 1310 3443 1481 dem unglaublichen Uebel ädäquete Stimmung nicht zu, dass
2062 1451 3457 1603 ich etwas schreibe; ich hab' aber mancher vor, was ich während
2055 1590 2925 1738 des Weiters fertig zu bringen hoffe.
2300 1726 3452 1890 heliegend finden die meine Pfarrat-Comödie,
2043 1858 3435 2003 die ich thüre mit vielen, diesen Grußen übensende. Lassen Sie
2074 1996 3273 2165 auch manchmal was von sich hören und – lesen?
2389 2125 2582 2337 heylich
2669 2222 3327 2439 Kuhäusen
