4342 4584
3555 508 3736 681 1: 1:
2304 1284 2677 1418 Wien, 11. 9. 11.
2444 1433 2963 1688 Vegez. II
1625 1735 2020 1890 Mein lieber Arthur!
1713 1942 3030 2066 von einem kurzen Ausflug zurückgekehrt, höre ich, welch leid
1550 2066 3014 2222 vollen Unlust sie zu beklagen haben und dücke Ihnen in Freundschaft
1541 2205 3066 2352 nur innigere Anteil die Hand. Geben auch die zufälligen Verhältnisse
1550 2349 3089 2496 der letzten Jahre unseren äußeren Verkehr auf seltene Stunden beschränkt
1589 2489 3011 2631 ich bin Ihnen, glauben sie mir, in gleicher Liebe ergeben und was
1558 2646 3082 2736 uns jemals gemeinsam war, ist nun als weitreller und unantestbarer
1600 2765 3047 2892 besitz lebendig. Ihnen das zu sagen, drängt es mich gerade jetzt;
1604 2893 3051 3024 wo auch andere Ihnen Zeichen der Theilnahme geben, – wenn auch
1621 3030 3093 3172 nicht viele Ihr gutes und böses geleben mit gleichere, wirklich von Zeugen
1627 3162 2830 3306 kommenden Mitempfinden begleiten mögen, wie Ihr
1997 3279 2945 3435 in keiner Anehrung und freundschaft ergebener
2316 3425 2870 3596 Bekenstreckt
