5632 4649
3582 553 3887 801 V. F.
2858 1141 3409 1291 xx/1. 9. April 1902
2021 1196 2416 1288 RICHARD SPECHT
2218 1458 2634 1650 Lieder Arthur
2284 1720 3449 1905 Salten sagt mir, daß Sie sich doch entschlossen
2109 1906 3414 2083 haben, nun Ihren „Liebelei“ Act für der Saar¬
2123 2089 3464 2274 Auch zu geben. Das freut mich außerordentlich und
2136 2258 3414 2426 ich wäre Ihnen sehr dankbar, wenn Sie mir sagen
2129 2406 3439 2589 wollten, ob ich mir das Manuscript holen lassen kann,
2136 2588 3427 2778 oder ob Sie es mir zusenden wollen. Aus alle Fälle
2139 2774 2611 2953 herzlichen Dank!
2898 2884 3299 3101 Ruhm
