<?xml version="1.0" encoding="UTF-8" standalone="yes"?>
<PcGts xmlns="http://schema.primaresearch.org/PAGE/gts/pagecontent/2013-07-15" xmlns:xsi="http://www.w3.org/2001/XMLSchema-instance" xsi:schemaLocation="http://schema.primaresearch.org/PAGE/gts/pagecontent/2013-07-15 http://schema.primaresearch.org/PAGE/gts/pagecontent/2013-07-15/pagecontent.xsd">
    <Metadata>
        <Creator>prov=READ-COOP:name=TrHtr:version=2.1.0:model_id=51170:date=26_07_2023_03:10</Creator>
        <Created>2023-05-02T07:52:52.223+02:00</Created>
        <LastChange>2023-07-26T03:10:25.917+02:00</LastChange>
        <TranskribusMetadata docId="1416723" pageId="54951594" pageNr="19" tsid="130880794" status="IN_PROGRESS" userId="64420" imgUrl="https://files.transkribus.eu/Get?id=DYZTNSVAUDUUCTLMPSQRSEDV&amp;fileType=view" xmlUrl="https://files.transkribus.eu/Get?id=MODDZFEABUMWANRWTZBGIKLX" imageId="44455320"/>
    </Metadata>
    <Page imageFilename="1416723_0019.jpg" imageWidth="5656" imageHeight="4648">
        <ReadingOrder>
            <OrderedGroup id="ro_1711828424754" caption="Regions reading order">
                <RegionRefIndexed index="0" regionRef="tr_1"/>
                <RegionRefIndexed index="1" regionRef="tr_2"/>
            </OrderedGroup>
        </ReadingOrder>
        <TextRegion id="tr_1" custom="readingOrder {index:0;}">
            <Coords points="1397,1252 2819,1252 2819,3397 1397,3397"/>
            <TextLine id="tr_1_tl_1" custom="readingOrder {index:0;}">
                <Coords points="1397,1427 1613,1350 1754,1392 2049,1337 2163,1383 2362,1317 2712,1328 2734,1245 2256,1218 2044,1297 1403,1256"/>
                <Baseline points="1409,1344 1481,1344 1571,1338 1660,1332 1750,1332 1840,1326 1929,1332 2019,1326 2108,1320 2198,1320 2288,1314 2377,1308 2467,1308 2556,1308 2646,1302 2736,1302"/>
                <TextEquiv>
                    <Unicode>feinheiten aufmerksam macht. Ich will mich dies¬</Unicode>
                </TextEquiv>
            </TextLine>
            <TextLine id="tr_1_tl_2" custom="readingOrder {index:1;}">
                <Coords points="1394,1498 1699,1483 1776,1522 1892,1470 2370,1480 2533,1441 2641,1476 2694,1465 2697,1362 2245,1364 1987,1432 1687,1381 1615,1427 1394,1447"/>
                <Baseline points="1403,1481 1445,1475 1535,1475 1625,1469 1714,1463 1804,1463 1893,1457 1983,1457 2073,1451 2162,1451 2252,1445 2341,1445 2431,1445 2521,1439 2610,1445 2700,1439"/>
                <TextEquiv>
                    <Unicode>mal damit bescheiden, einer von den tausenden zu</Unicode>
                </TextEquiv>
            </TextLine>
            <TextLine id="tr_1_tl_3" custom="readingOrder {index:2;}">
                <Coords points="1410,1643 2317,1580 2454,1624 2648,1597 2650,1524 2388,1516 2135,1568 2031,1518 1802,1558 1674,1520 1544,1575 1412,1529"/>
                <Baseline points="1421,1613 1487,1607 1577,1601 1666,1595 1756,1589 1846,1583 1935,1583 2025,1583 2114,1583 2204,1577 2294,1577 2383,1577 2473,1577 2562,1577 2652,1571"/>
                <TextEquiv>
                    <Unicode>sein, die Ihnen applaudiren, - nur daß ich den</Unicode>
                </TextEquiv>
            </TextLine>
            <TextLine id="tr_1_tl_4" custom="readingOrder {index:3;}">
                <Coords points="1384,1756 1503,1787 1915,1727 2313,1745 2597,1694 2712,1725 2716,1657 2566,1617 2469,1670 2088,1641 2024,1681 1782,1641 1388,1677"/>
                <Baseline points="1397,1738 1463,1732 1553,1732 1642,1726 1732,1726 1822,1720 1911,1714 2001,1714 2091,1708 2180,1714 2270,1708 2359,1702 2449,1696 2539,1696 2628,1690 2718,1690"/>
                <TextEquiv>
                    <Unicode>Vorzug habe, Ihnen das grüßnlich sagen zu können</Unicode>
                </TextEquiv>
            </TextLine>
            <TextLine id="tr_1_tl_5" custom="readingOrder {index:4;}">
                <Coords points="1405,1875 1633,1855 1945,1923 2042,1839 2419,1872 2732,1840 2732,1789 2642,1760 2509,1802 2357,1763 2192,1793 1789,1760 1617,1815 1406,1813"/>
                <Baseline points="1415,1863 1481,1852 1571,1852 1660,1846 1750,1840 1840,1840 1929,1834 2019,1840 2108,1834 2198,1834 2288,1834 2377,1834 2467,1834 2556,1834 2646,1834 2736,1834"/>
                <TextEquiv>
                    <Unicode>und ihnen in herzlicher Freude über Ihr Werk und dessen</Unicode>
                </TextEquiv>
            </TextLine>
            <TextLine id="tr_1_tl_6" custom="readingOrder {index:5;}">
                <Coords points="1410,2042 1458,2060 1604,1970 1677,2013 1756,1972 1828,1991 1877,1970 1987,1980 2099,2046 2174,2016 2176,1894 2058,1904 2009,1941 1937,1915 1875,1941 1831,1903 1762,1917 1705,1892 1569,1926 1412,1908"/>
                <Baseline points="1421,1983 1463,1977 1553,1971 1642,1971 1732,1971 1822,1965 1911,1965 2001,1965 2091,1965 2180,1965"/>
                <TextEquiv>
                    <Unicode>Erfolg die Hand drücken darf.</Unicode>
                </TextEquiv>
            </TextLine>
            <TextLine id="tr_1_tl_7" custom="readingOrder {index:6;}">
                <Coords points="1674,2115 1747,2132 1939,2095 2038,2139 2108,2100 2346,2122 2395,2089 2478,2126 2591,2080 2644,2128 2681,2104 2683,2016 2567,2047 2441,1985 2329,2033 2196,2018 2007,2060 1923,2014 1800,2036 1676,2002"/>
                <Baseline points="1684,2102 1702,2102 1792,2091 1881,2091 1971,2091 2061,2091 2150,2085 2240,2085 2329,2079 2419,2079 2509,2079 2598,2079 2688,2073"/>
                <TextEquiv>
                    <Unicode>Ich hoffe übrigens, daß ich — trotzdem ich</Unicode>
                </TextEquiv>
            </TextLine>
            <TextLine id="tr_1_tl_8" custom="readingOrder {index:7;}">
                <Coords points="1386,2214 1661,2262 1800,2223 1914,2280 2221,2219 2773,2252 2773,2144 2602,2181 2373,2148 2262,2190 2183,2154 2025,2199 1780,2161 1639,2203 1465,2121 1386,2139"/>
                <Baseline points="1397,2204 1487,2210 1577,2216 1666,2222 1756,2222 1846,2222 1935,2222 2025,2222 2114,2222 2204,2216 2294,2216 2383,2216 2473,2210 2562,2210 2652,2204 2742,2204 2778,2204"/>
                <TextEquiv>
                    <Unicode>Kiebelei, um keine - nicht darum komme, es von</Unicode>
                </TextEquiv>
            </TextLine>
            <TextLine id="tr_1_tl_9" custom="readingOrder {index:8;}">
                <Coords points="1397,2384 1525,2349 1621,2397 1710,2346 1740,2370 1789,2353 1813,2373 1866,2357 1917,2371 1919,2313 1884,2317 1837,2280 1798,2296 1699,2293 1655,2315 1562,2298 1524,2317 1485,2313 1452,2285 1399,2285"/>
                <Baseline points="1409,2359 1475,2347 1565,2347 1654,2347 1744,2347 1834,2341 1923,2341"/>
                <TextEquiv>
                    <Unicode>thien zu erhalten.</Unicode>
                </TextEquiv>
            </TextLine>
            <TextLine id="tr_1_tl_10" custom="readingOrder {index:9;}">
                <Coords points="1655,2512 1972,2498 2016,2527 2046,2501 2229,2575 2522,2501 2762,2518 2762,2447 2681,2426 2626,2454 2518,2375 2425,2423 2359,2390 2245,2430 2073,2395 1901,2454 1851,2419 1813,2447 1655,2421"/>
                <Baseline points="1666,2485 1690,2479 1780,2479 1869,2479 1959,2473 2049,2473 2138,2473 2228,2473 2318,2473 2407,2479 2497,2479 2586,2479 2676,2485 2766,2479"/>
                <TextEquiv>
                    <Unicode>Mein neues Stück is fertig. Es waren nur</Unicode>
                </TextEquiv>
            </TextLine>
            <TextLine id="tr_1_tl_11" custom="readingOrder {index:10;}">
                <Coords points="1394,2655 1877,2681 2104,2628 2388,2688 2496,2630 2734,2659 2758,2589 2489,2597 2430,2555 2364,2593 2049,2538 1793,2602 1742,2560 1681,2599 1553,2569 1395,2599"/>
                <Baseline points="1403,2640 1415,2640 1505,2634 1595,2640 1684,2640 1774,2640 1863,2634 1953,2628 2043,2628 2132,2628 2222,2628 2312,2622 2401,2628 2491,2628 2580,2628 2670,2628 2760,2622"/>
                <TextEquiv>
                    <Unicode>von großem Weit, Ehr Urtheil darüber zu hören: wenn</Unicode>
                </TextEquiv>
            </TextLine>
            <TextLine id="tr_1_tl_12" custom="readingOrder {index:11;}">
                <Coords points="1417,2840 1582,2785 1921,2789 2027,2835 2113,2785 2379,2829 2725,2787 2725,2697 2653,2688 2492,2754 2395,2699 2183,2754 2075,2703 2024,2743 1813,2683 1668,2751 1417,2683"/>
                <Baseline points="1427,2784 1475,2778 1565,2778 1654,2778 1744,2778 1834,2778 1923,2778 2013,2778 2102,2778 2192,2778 2282,2778 2371,2772 2461,2778 2551,2778 2640,2772 2730,2772"/>
                <TextEquiv>
                    <Unicode>die Zeit mir früh dazu haben, es zu lesen, so bitte</Unicode>
                </TextEquiv>
            </TextLine>
            <TextLine id="tr_1_tl_13" custom="readingOrder {index:12;}">
                <Coords points="1399,2990 1727,2934 1915,2974 2007,2939 2117,2989 2324,2932 2406,2978 2476,2934 2789,2937 2791,2881 2657,2824 2580,2881 2397,2897 2033,2833 1861,2890 1531,2838 1401,2870"/>
                <Baseline points="1409,2945 1451,2945 1541,2939 1630,2933 1720,2933 1810,2933 1899,2927 1989,2927 2079,2927 2168,2927 2258,2921 2347,2921 2437,2921 2527,2921 2616,2921 2706,2909 2795,2921"/>
                <TextEquiv>
                    <Unicode>ich die vielmals, sich felaghonisch an meine Eltern</Unicode>
                </TextEquiv>
            </TextLine>
            <TextLine id="tr_1_tl_14" custom="readingOrder {index:13;}">
                <Coords points="1399,3111 1782,3109 1842,3146 1969,3076 2163,3122 2514,3073 2584,3113 2749,3067 2749,3016 2653,3038 2529,2994 2448,3051 2322,2994 2027,2998 1910,3049 1784,2998 1399,3033"/>
                <Baseline points="1409,3088 1499,3082 1589,3076 1678,3076 1768,3076 1858,3076 1947,3076 2037,3076 2126,3076 2216,3070 2306,3070 2395,3076 2485,3070 2574,3076 2664,3064 2754,3064"/>
                <TextEquiv>
                    <Unicode>zu wenden, die eine Abschrift haben und Ihnen</Unicode>
                </TextEquiv>
            </TextLine>
            <TextLine id="tr_1_tl_15" custom="readingOrder {index:14;}">
                <Coords points="1386,3252 1758,3221 2058,3263 2373,3203 2569,3207 2650,3263 2815,3221 2815,3159 2741,3119 2518,3124 2430,3172 2273,3126 1853,3172 1388,3120"/>
                <Baseline points="1397,3232 1475,3226 1565,3226 1654,3220 1744,3214 1834,3214 1923,3208 2013,3202 2102,3202 2192,3202 2282,3202 2371,3202 2461,3202 2551,3208 2640,3208 2730,3202 2819,3208"/>
                <TextEquiv>
                    <Unicode>diese überhanden werden, falls sie es wollen. Ich habe</Unicode>
                </TextEquiv>
            </TextLine>
            <TextLine id="tr_1_tl_16" custom="readingOrder {index:15;}">
                <Coords points="1386,3410 1562,3366 1674,3402 2333,3357 2694,3415 2697,3287 2569,3260 2426,3298 2322,3227 2082,3298 1961,3256 1862,3296 1529,3261 1388,3302"/>
                <Baseline points="1397,3387 1445,3375 1535,3369 1625,3363 1714,3351 1804,3345 1893,3345 1983,3339 2073,3339 2162,3339 2252,3339 2341,3333 2431,3339 2521,3339 2610,3339 2700,3345"/>
                <TextEquiv>
                    <Unicode>gute Aussichten, das Stück aufgeführt zu sehen,</Unicode>
                </TextEquiv>
            </TextLine>
        </TextRegion>
        <TextRegion id="tr_2" custom="readingOrder {index:1;}">
            <Coords points="2879,589 4343,589 4343,2572 2879,2572"/>
            <TextLine id="tr_2_tl_1" custom="readingOrder {index:0;}">
                <Coords points="3047,689 3060,692 3142,667 3179,692 3232,687 3236,571 3208,564 3196,575 3183,564 3150,568 3119,559 3097,540 3051,533"/>
                <Baseline points="3058,645 3148,639 3238,639"/>
                <TextEquiv>
                    <Unicode>: 1:</Unicode>
                </TextEquiv>
            </TextLine>
            <TextLine id="tr_2_tl_2" custom="readingOrder {index:1;}">
                <Coords points="2868,1269 2981,1293 3324,1232 3730,1278 3802,1220 4291,1220 4340,1148 3783,1113 3509,1203 3271,1161 2870,1214"/>
                <Baseline points="2879,1248 2909,1248 2999,1248 3088,1248 3178,1242 3267,1236 3357,1230 3447,1236 3536,1230 3626,1230 3716,1224 3805,1218 3895,1218 3984,1218 4074,1212 4164,1212 4253,1206 4343,1212"/>
                <TextEquiv>
                    <Unicode>unvonmehr wurden mich Ihre Einwande interessiren,</Unicode>
                </TextEquiv>
            </TextLine>
            <TextLine id="tr_2_tl_3" custom="readingOrder {index:2;}">
                <Coords points="2881,1397 3247,1428 3463,1370 3763,1357 3906,1394 4208,1340 4065,1269 3965,1306 3793,1278 3633,1331 3457,1286 3120,1344 2882,1329"/>
                <Baseline points="2891,1380 2957,1380 3046,1380 3136,1374 3226,1374 3315,1374 3405,1368 3494,1362 3584,1362 3674,1356 3763,1356 3853,1356 3943,1350 4032,1344 4122,1344 4211,1338"/>
                <TextEquiv>
                    <Unicode>damit ich nachbessern kann. Daß die Ergöption zu</Unicode>
                </TextEquiv>
            </TextLine>
            <TextLine id="tr_2_tl_4" custom="readingOrder {index:3;}">
                <Coords points="2881,1533 3183,1518 3254,1553 3362,1514 3472,1555 3549,1511 3904,1518 4071,1557 4192,1533 4194,1454 3760,1417 3650,1450 3527,1423 3353,1481 3181,1434 3000,1474 2882,1445"/>
                <Baseline points="2891,1517 2945,1511 3034,1511 3124,1511 3214,1511 3303,1511 3393,1505 3483,1505 3572,1505 3662,1493 3751,1493 3841,1493 3931,1493 4020,1487 4110,1481 4199,1481"/>
                <TextEquiv>
                    <Unicode>lang’s, weil ich und habe sie auch schon um ein</Unicode>
                </TextEquiv>
            </TextLine>
            <TextLine id="tr_2_tl_5" custom="readingOrder {index:4;}">
                <Coords points="2893,1670 3009,1650 3089,1679 3155,1657 3228,1692 3315,1672 3377,1694 3450,1666 3452,1577 3359,1595 3159,1568 3098,1586 3073,1568 2893,1621"/>
                <Baseline points="2903,1654 2915,1654 3005,1648 3094,1654 3184,1642 3273,1642 3363,1642 3453,1642"/>
                <TextEquiv>
                    <Unicode>volles Drittel gekürzt.</Unicode>
                </TextEquiv>
            </TextLine>
            <TextLine id="tr_2_tl_6" custom="readingOrder {index:5;}">
                <Coords points="3142,1835 3318,1787 3571,1837 3719,1785 3857,1822 3904,1793 3976,1826 4183,1804 4333,1833 4333,1763 4287,1732 4106,1685 3901,1709 3847,1674 3717,1745 3144,1701"/>
                <Baseline points="3154,1792 3172,1786 3261,1786 3351,1786 3441,1792 3530,1792 3620,1786 3710,1780 3799,1780 3889,1780 3978,1780 4068,1786 4158,1780 4247,1786 4337,1786"/>
                <TextEquiv>
                    <Unicode>keines kann ich Ihnen leide nicht berichten,</Unicode>
                </TextEquiv>
            </TextLine>
            <TextLine id="tr_2_tl_7" custom="readingOrder {index:6;}">
                <Coords points="2917,1961 3117,1943 3282,1985 3862,1939 4309,1994 4309,1853 4045,1928 3853,1861 3798,1906 3558,1855 3483,1895 3298,1859 2917,1894"/>
                <Baseline points="2927,1947 3017,1947 3106,1941 3196,1941 3285,1941 3375,1935 3465,1941 3554,1935 3644,1935 3733,1935 3823,1941 3913,1935 4002,1935 4092,1947 4182,1947 4271,1947 4313,1953"/>
                <TextEquiv>
                    <Unicode>umso mehr hoffe ich, Neues von Ihnen zu erfahren.</Unicode>
                </TextEquiv>
            </TextLine>
            <TextLine id="tr_2_tl_8" custom="readingOrder {index:7;}">
                <Coords points="2935,2130 3091,2130 3164,2086 3298,2155 3463,2091 3965,2135 4126,2080 4248,2104 4248,2055 4135,2003 3518,2040 3351,1983 2935,2020"/>
                <Baseline points="2945,2114 2999,2096 3088,2091 3178,2085 3267,2079 3357,2079 3447,2079 3536,2073 3626,2079 3716,2079 3805,2079 3895,2079 3984,2079 4074,2079 4164,2079 4253,2079"/>
                <TextEquiv>
                    <Unicode>Ist sie Stück fertig mir wie und Sie zufrieden.</Unicode>
                </TextEquiv>
            </TextLine>
            <TextLine id="tr_2_tl_9" custom="readingOrder {index:8;}">
                <Coords points="2954,2241 3098,2252 3219,2212 3377,2243 3461,2214 3587,2256 3648,2216 3794,2216 3794,2157 3646,2124 3474,2190 3216,2119 3102,2166 3051,2132 2954,2163"/>
                <Baseline points="2963,2216 2993,2216 3082,2216 3172,2210 3261,2204 3351,2204 3441,2210 3530,2210 3620,2210 3710,2210 3799,2210"/>
                <TextEquiv>
                    <Unicode>lassen Sie bald von sich hören.</Unicode>
                </TextEquiv>
            </TextLine>
            <TextLine id="tr_2_tl_10" custom="readingOrder {index:9;}">
                <Coords points="3076,2434 3203,2408 3271,2443 3457,2373 3507,2377 3556,2425 3641,2401 3673,2421 3805,2373 3902,2381 3902,2337 3840,2335 3769,2282 3655,2337 3450,2273 3274,2317 3197,2252 3078,2271"/>
                <Baseline points="3088,2371 3100,2371 3190,2377 3279,2371 3369,2365 3459,2365 3548,2365 3638,2365 3727,2371 3817,2365 3907,2365"/>
                <TextEquiv>
                    <Unicode>herzliche Grüße von Ihrem</Unicode>
                </TextEquiv>
            </TextLine>
            <TextLine id="tr_2_tl_11" custom="readingOrder {index:10;}">
                <Coords points="3664,2600 3782,2606 3836,2571 3901,2566 4045,2584 4075,2608 4225,2584 4243,2577 4245,2481 4194,2485 4128,2423 3990,2494 3917,2478 3869,2494 3760,2439 3725,2454 3666,2434"/>
                <Baseline points="3674,2562 3710,2556 3799,2556 3889,2551 3978,2551 4068,2551 4158,2551 4247,2551"/>
                <TextEquiv>
                    <Unicode>Teilenoffen</Unicode>
                </TextEquiv>
            </TextLine>
        </TextRegion>
    </Page>
</PcGts>
