5625 4633
1901 1102 2531 1308 Unserach, 12. VII. 47
1480 1469 1895 1686 Lieber Arthur,
1486 1713 2682 1906 ich möchte gar diesen Tage der Manisericht, von
1339 1852 2734 2020 dem ich Ihnen im May sprach, an Einander wenden. Wären
1374 1975 2720 2131 Sie so lieb, mir Ihrer Zusage gemäß, sie paar Zeilen
1350 2081 2720 2266 zu geben, die ich beilagen könnte, – was ja nicht hindert,
1365 2178 2706 2403 falls Sie an Frau erlichkeit ein Antriges thun wollen, dass
1369 2308 2746 2491 Sie bei Gelegenheit eines directen Briefs an Fischer auch
1374 2412 2678 2623 diese Sache anrähnen. Jedenfalls wenn ich Ihnen herzlich
1381 2602 1790 2729 dankbar dafür.
1512 2675 2299 2827 hoffentlich sehen wie Sie baldigt hier!!
1554 2769 2678 2956 Wie geht's noch immer recht glecht. - Viele herzliche
1353 2942 1547 3165 Grüße
2114 2987 2471 3242 Manspecht
1379 3198 2315 3397 die Meinen, sowie Risa grüßen bestens.
3626 996 4265 1206 Unterach, 16. VII. 97
3136 1360 3519 1540 Lieben Anthin,
3212 1519 4395 1724 Zeylichsten Dank für Ihren Brief mir dessen
3044 1691 4343 1901 Einlage, die mich doppelt freut, falls Sie in
3046 1875 4399 2044 desselben wirklich Ehe Meinung schreiben und
3056 2053 4421 2199 nicht blos des Zweckes halbe so freundliche Worte
3094 2188 3611 2400 für mich finden!
3278 2349 4435 2592 hoffentlich trifft mit Ihm aus Aze gleich¬
3077 2550 4439 2734 zeitig Gutes Wette ein und wir schon uns bald!
3226 2691 4498 2911 Uzwischen dies herzliche Hüße uns nahmens
3098 2912 3316 3075 Deut
3709 2950 4246 3214 Warsum
