5632 4649
1998 1590 2471 1715 Richard Specht
3003 1574 3335 1711 April 1903
2796 1588 3006 1695 Wien. 6
2727 1674 3008 1756 XX/1, Kolingasse-
2058 1688 2412 1766 Redacteur der „Beit"
2183 1781 2592 1964 Lieber Arthur,
2291 1934 3385 2083 vielen und herzlichen Dank dafür, dass Sie
2038 2047 3437 2231 so aufmerksam waren, wenn die Gestalten Ihrer „Reigen“
2044 2149 3461 2339 aufs neue ihren geagtoten und unerhört lebendigen
2021 2332 3451 2476 Tanz vorfuhren zu lassen. Ich hab' mich wieder - zum
2010 2465 3104 2599 wiewüllten Male.“ - daran früh gefreut.
2302 2565 3421 2697 Ich will Ihnen schon lang schrecken, - bei der
