5629 4679
2254 520 3173 785 1 1/2: „ „ 9 „ — „
1820 529 2092 763 :    1:
4136 560 4471 779 Votre très de l'œuvre.
2693 1042 3676 1314 Baden-Baven, 23. VII. 1900
2353 1397 3098 1642 Mein lieber Arthur!
2389 1723 3629 1917 ungebührlich lange hab ich Ihren Brief
2252 1948 3593 2120 unerwidert gelassen und ich sehr sehr in
2257 2147 3582 2324 ten Schuld, wenn auch zwei Schlimme
2257 2353 3659 2538 Wochen volle Schmerzen mich rechtfertigen
2257 2543 3656 2750 mögen. Jetzt geht's gut; die Aus liegt
2239 2756 3685 2934 in den letzten Zügen, — um ich in jenen
2245 2947 3661 3148 ersten, die das Gewesung mit
2232 3128 3622 3319 sich bringen. Dass dies Gefühl mich nicht
