5617 4648
2844 934 3343 1112 Wien, 25/2 97
2224 1215 2727 1435 kinder Arthur.
3810 1402 3977 1534 me
2252 1445 3562 1659 ich komme mit einer Bitte zu thuen:
2129 1630 3476 1805 wären die 10 lieb, mir an §. Fischer
2145 1809 3592 2052 eine Empfehlung zu haben? Ich kann mit
2117 2037 3547 2220 Tiesen nicht weiter arbeiten und mochte
2170 2220 2444 2293 ouvertimme.
2140 2214 3450 2452 Gern eine nächstes Buch, das preulich
2173 2422 3581 2620 Kunterbunt ist (lyrisch-ägisch-dramatisch,
2158 2590 3625 2824 wird in Folge dessen Rhapssdien" heißen)
2168 2781 3674 3012 bei Fischer erscheinen lassen. Wenns Ihnen
2181 2943 3614 3173 nicht unangenehm ist, so bitte ich Sie um
