5624 4680
3075 510 4457 787 1 1/4 „ 9 „ „ 5 „ 4 „ —: „
2031 962 3339 1222 Tschaukowsky 31. October 99
2040 1162 2678 1291 Brahms Omnisett
2059 1170 3296 1494 Beethoven op. 18.) Im Bett
2167 1421 2822 1665 Lieber Arthur!
2288 1752 3567 1994 möchten die Samstag Abends
2119 1964 3592 2146 an unserem Quartett beilnehmen?
2137 2130 3584 2319 Lotte Witt, Hirschfelds, Sallen, Metze
2145 2345 3586 2580 kommen und so waren wir hütte
2234 2543 3575 2708 über uns. Wenn Sie der Ueber¬
2148 2753 3642 3006 bringer nicht mehr trifft, so bitte
2208 2959 3588 3186 ich ein Filsphonische Antwort.
2286 3158 3685 3404 Von Gegen für Richausprüder
