5629 4679
921 533 1128 751 "    "  "
1495 519 2345 793 'V:A:S:V:R:S'G:G'G'H'H:H'r'r v:n 4:n 5:
2931 1232 4353 1391 Wien, um weinntwillen, resp. wegen Auf¬
1458 1268 2804 1460 täuscht, mög' Ihnen beiliegendes Bild
2947 1400 4355 1598 schuts der Hebbel biographie mit Lothar zu
1467 1449 2695 1674 zeigen. Ich bin’s Ihnen schon lang
2995 1574 4422 1805 Wochen. Einem Groben Brief des Verleger
1478 1678 1739 1877 schuldig.
3004 1817 4355 2013 Zufolge, der mir droht: 15 August oder
1649 1803 2842 2030 In den letzten Tagen konnt' ich
1462 2021 2813 2211 auch mit Arbeit beginnen. Ich habe
2965 2030 4426 2213 Zurückweisung. scheint mirs, als hätten
1464 2207 2833 2392 mit Cotta gute Vertrage für meine
2985 2233 4358 2438 Sie ihn nicht getroffen. Stelleicht sehen
1482 2398 2877 2630 Ausgabe von Hebbels Werken abgeschlossen
2944 2430 4371 2641 Sie ihn in Alt Aufsee; dann bitt’ ich die:
1498 2606 2877 2797 und meine kleinen Wezierge uge haben,
2989 2661 4309 2849 soben die's nach. Ich mag ihn nicht
1469 2806 2907 3011 mir den Plan zu einem Stück geschenkt,
2995 2860 4395 3067 speiben. Möglich machen könnt ist ja.
1453 3004 2790 3185 nach dessen Niedechsreibenkönnen ich
2996 3058 4355 3248 daß ich bis 15. Aug. fertig werde: aber
1476 3196 2811 3401 mich recht schon. Waren sie so lieb, in
2978 3239 4431 3442 ich möchte wede schleunden, noch die Aus der¬
