5658 4647
3119 502 3638 760 Votre très-Monsieur, mais elle ne
637 478 864 754 1,1
3129 1273 3436 1447 Donnerslag
3058 1428 3654 1682 2712 902
2273 1574 2622 1761 Lieber Arthur.
2300 1806 3694 1935 wenn Sie nicht verstehen, warum ich vorletzt sein soll, so
2103 1970 3669 2105 bin ich's schon nicht mehr, und warum mich Ihre "Kundigung"
2103 2105 3692 2247 so verdrossen hat, sag’ ich Ihnen nächstens mämlich. Natürlich
2109 2280 3721 2435 liegt mir dran, wenn ich schon einmal so was übernommen habe,
2109 2438 3775 2589 es möglicht gut zu machen, und wenn Sie fehlen würden, 10fänd¬
2118 2581 3727 2751 ich's schon möglicht schlecht. Abgesehen von allem persönlichen, - und
2107 2745 3735 2894 daß mir an Ihnen um Ihrer Mitwicklung liegt, weil sie an sich
2103 2855 3770 3056 von größtem Weth für mich um an sich ist. Und was würden „die Leute“
