<?xml version="1.0" encoding="UTF-8" standalone="yes"?>
<PcGts xmlns="http://schema.primaresearch.org/PAGE/gts/pagecontent/2013-07-15" xmlns:xsi="http://www.w3.org/2001/XMLSchema-instance" xsi:schemaLocation="http://schema.primaresearch.org/PAGE/gts/pagecontent/2013-07-15 http://schema.primaresearch.org/PAGE/gts/pagecontent/2013-07-15/pagecontent.xsd">
    <Metadata>
        <Creator>prov=READ-COOP:name=TrHtr:version=2.1.0:model_id=51170:date=26_07_2023_03:10</Creator>
        <Created>2023-05-02T07:52:53.951+02:00</Created>
        <LastChange>2023-07-26T03:10:35.031+02:00</LastChange>
        <TranskribusMetadata docId="1416723" pageId="54951639" pageNr="34" tsid="130880826" status="IN_PROGRESS" userId="64420" imgUrl="https://files.transkribus.eu/Get?id=XKPEHQMFQQGYIZPBEKAMGJME&amp;fileType=view" xmlUrl="https://files.transkribus.eu/Get?id=YVZHFQYPOABBFAHIZNDZEUUU" imageId="44455365"/>
    </Metadata>
    <Page imageFilename="1416723_0034.jpg" imageWidth="5629" imageHeight="4713">
        <ReadingOrder>
            <OrderedGroup id="ro_1711828436093" caption="Regions reading order">
                <RegionRefIndexed index="0" regionRef="tr_1"/>
            </OrderedGroup>
        </ReadingOrder>
        <TextRegion id="tr_1" custom="readingOrder {index:0;}">
            <Coords points="2243,1399 3919,1399 3919,2980 2243,2980"/>
            <TextLine id="tr_1_tl_1" custom="readingOrder {index:0;}">
                <Coords points="3192,1476 3286,1500 3389,1464 3471,1510 3565,1516 3877,1494 3883,1317 3748,1297 3690,1331 3636,1309 3463,1351 3198,1349"/>
                <Baseline points="3203,1467 3257,1467 3346,1467 3436,1461 3525,1455 3615,1455 3704,1449 3794,1449 3883,1449"/>
                <TextEquiv>
                    <Unicode>Badon-Baden 2/6 1400</Unicode>
                </TextEquiv>
            </TextLine>
            <TextLine id="tr_1_tl_2" custom="readingOrder {index:1;}">
                <Coords points="2232,1698 2540,1743 3126,1648 3567,1672 3806,1640 3810,1552 3656,1592 3369,1536 2236,1574"/>
                <Baseline points="2243,1670 2290,1670 2380,1670 2469,1670 2559,1670 2648,1664 2738,1658 2827,1652 2917,1652 3006,1646 3096,1640 3185,1640 3275,1640 3364,1634 3454,1634 3543,1634 3633,1628 3722,1628 3812,1622"/>
                <TextEquiv>
                    <Unicode>Verehrter Herr Doktor! Alles, was</Unicode>
                </TextEquiv>
            </TextLine>
            <TextLine id="tr_1_tl_3" custom="readingOrder {index:2;}">
                <Coords points="2230,1865 2413,1801 2728,1857 2793,1801 3316,1777 3553,1829 3774,1767 3776,1714 3559,1666 3118,1731 2704,1698 2232,1779"/>
                <Baseline points="2243,1795 2255,1795 2344,1795 2434,1795 2523,1795 2613,1789 2702,1783 2792,1783 2881,1777 2970,1777 3060,1771 3149,1771 3239,1771 3328,1771 3418,1771 3507,1765 3597,1765 3686,1759 3776,1753"/>
                <TextEquiv>
                    <Unicode>ich in fortwährendem Gedenken Ihrer</Unicode>
                </TextEquiv>
            </TextLine>
            <TextLine id="tr_1_tl_4" custom="readingOrder {index:3;}">
                <Coords points="2277,1953 2465,1921 2544,1969 2752,1929 2823,1963 2933,1899 3772,1919 3836,1907 3838,1827 3602,1797 3401,1859 3272,1805 2716,1865 2654,1829 2509,1889 2367,1837 2279,1871"/>
                <Baseline points="2290,1903 2320,1909 2410,1909 2499,1903 2589,1909 2678,1903 2768,1897 2857,1897 2947,1897 3036,1897 3126,1891 3215,1891 3305,1885 3394,1885 3484,1885 3573,1891 3663,1885 3752,1885 3841,1891"/>
                <TextEquiv>
                    <Unicode>Freundschaftlichkeit, büte und Liebens¬</Unicode>
                </TextEquiv>
            </TextLine>
            <TextLine id="tr_1_tl_5" custom="readingOrder {index:4;}">
                <Coords points="2273,2032 2536,2112 2626,2034 2758,2024 3290,2024 3497,2074 3616,2022 3700,2066 3792,2008 3869,2028 3871,1957 3389,1933 3047,1994 2706,1949 2273,2004"/>
                <Baseline points="2284,2028 2356,2034 2445,2034 2535,2028 2624,2028 2714,2022 2803,2022 2893,2016 2982,2016 3072,2016 3161,2010 3251,2010 3340,2010 3430,2004 3519,2004 3609,1998 3698,1998 3788,1998 3877,2004"/>
                <TextEquiv>
                    <Unicode>würdigkeit immer wieder Ihnen so¬</Unicode>
                </TextEquiv>
            </TextLine>
            <TextLine id="tr_1_tl_6" custom="readingOrder {index:5;}">
                <Coords points="2271,2220 2505,2156 2668,2226 2774,2178 2957,2210 3122,2134 3347,2194 3583,2116 3778,2126 3810,2078 3545,2102 3208,2036 2947,2100 2863,2056 2584,2116 2275,2110"/>
                <Baseline points="2284,2147 2290,2147 2380,2147 2469,2147 2559,2147 2648,2147 2738,2135 2827,2135 2917,2129 3006,2129 3096,2129 3185,2129 3275,2123 3364,2123 3454,2117 3543,2117 3633,2111 3722,2105 3812,2105"/>
                <TextEquiv>
                    <Unicode>gen möchte ist: Ich danke Ihnen von</Unicode>
                </TextEquiv>
            </TextLine>
            <TextLine id="tr_1_tl_7" custom="readingOrder {index:6;}">
                <Coords points="2277,2337 2740,2297 2839,2329 2931,2273 3391,2250 3612,2325 3726,2238 3832,2261 3834,2198 3543,2214 3419,2164 3019,2230 2782,2194 2622,2238 2279,2222"/>
                <Baseline points="2290,2261 2314,2261 2404,2261 2493,2261 2583,2261 2672,2261 2762,2261 2851,2255 2941,2249 3030,2243 3120,2243 3209,2249 3299,2243 3388,2243 3478,2237 3567,2237 3657,2237 3746,2231 3836,2225"/>
                <TextEquiv>
                    <Unicode>ganz ein Herzen. Mit dem ganzen</Unicode>
                </TextEquiv>
            </TextLine>
            <TextLine id="tr_1_tl_8" custom="readingOrder {index:7;}">
                <Coords points="2295,2463 2439,2393 2718,2391 2861,2477 2979,2395 3875,2393 3877,2307 3612,2325 3559,2275 3493,2325 3323,2271 3078,2275 2869,2341 2680,2305 2491,2367 2299,2331"/>
                <Baseline points="2308,2392 2362,2398 2451,2392 2541,2386 2630,2380 2720,2380 2809,2380 2899,2380 2988,2374 3078,2374 3167,2368 3257,2368 3346,2362 3436,2362 3525,2362 3615,2362 3704,2356 3794,2356 3883,2362"/>
                <TextEquiv>
                    <Unicode>Herzen einer ihr Kind über Alles lieben¬</Unicode>
                </TextEquiv>
            </TextLine>
            <TextLine id="tr_1_tl_9" custom="readingOrder {index:8;}">
                <Coords points="2303,2548 2991,2509 3198,2588 3483,2528 3543,2562 3786,2475 3877,2503 3879,2431 3622,2413 3543,2459 3391,2411 3258,2465 2947,2413 2869,2479 2732,2415 2483,2437 2439,2393 2305,2457"/>
                <Baseline points="2314,2511 2362,2511 2451,2505 2541,2505 2630,2499 2720,2499 2809,2499 2899,2499 2988,2493 3078,2493 3167,2487 3257,2487 3346,2487 3436,2481 3525,2475 3615,2481 3704,2475 3794,2475 3883,2481"/>
                <TextEquiv>
                    <Unicode>den Mutter, der Sie geholten haben,</Unicode>
                </TextEquiv>
            </TextLine>
            <TextLine id="tr_1_tl_10" custom="readingOrder {index:9;}">
                <Coords points="2307,2672 2670,2700 2957,2614 3152,2708 3216,2652 3308,2632 3421,2684 3620,2598 3752,2664 3901,2604 3903,2526 3690,2507 3154,2594 2734,2530 2311,2562"/>
                <Baseline points="2320,2630 2386,2630 2475,2630 2565,2624 2654,2618 2744,2618 2833,2613 2923,2618 3012,2613 3102,2613 3191,2607 3281,2607 3370,2601 3460,2601 3549,2595 3639,2589 3728,2589 3818,2589 3907,2589"/>
                <TextEquiv>
                    <Unicode>dieses auf dem einzigen noch möglichen</Unicode>
                </TextEquiv>
            </TextLine>
            <TextLine id="tr_1_tl_11" custom="readingOrder {index:10;}">
                <Coords points="2343,2821 2833,2742 2945,2811 3234,2722 3333,2782 3559,2710 3911,2746 3915,2666 3624,2618 3501,2688 3270,2648 3150,2708 2945,2704 2849,2630 2692,2706 2349,2688"/>
                <Baseline points="2356,2744 2398,2744 2487,2750 2577,2738 2666,2738 2756,2732 2845,2726 2935,2726 3024,2726 3114,2720 3203,2720 3293,2714 3382,2708 3472,2702 3561,2702 3651,2696 3740,2696 3830,2696 3919,2690"/>
                <TextEquiv>
                    <Unicode>Weg der Rettung zu bringen. Ob er mir</Unicode>
                </TextEquiv>
            </TextLine>
            <TextLine id="tr_1_tl_12" custom="readingOrder {index:11;}">
                <Coords points="2331,2917 2640,2939 3076,2845 3567,2891 3702,2825 3899,2845 3903,2740 3399,2754 3310,2797 3162,2762 3007,2817 2865,2756 2712,2827 2517,2799 2333,2839"/>
                <Baseline points="2344,2857 2386,2857 2475,2857 2565,2857 2654,2851 2744,2845 2833,2839 2923,2839 3012,2839 3102,2833 3191,2833 3281,2833 3370,2827 3460,2827 3549,2821 3639,2821 3728,2815 3818,2809 3907,2809"/>
                <TextEquiv>
                    <Unicode>und ihm gelingen wird, auf diesem We¬</Unicode>
                </TextEquiv>
            </TextLine>
            <TextLine id="tr_1_tl_13" custom="readingOrder {index:12;}">
                <Coords points="2353,3053 2889,2997 3031,3045 3224,2959 3475,2941 3818,3017 3893,2999 3897,2843 3585,2919 3449,2881 3252,2911 3216,2873 3114,2923 2853,2887 2752,2937 2357,2939"/>
                <Baseline points="2368,2970 2380,2970 2469,2970 2559,2970 2648,2965 2738,2965 2827,2959 2917,2953 3006,2953 3096,2947 3185,2947 3275,2941 3364,2941 3454,2935 3543,2935 3633,2935 3722,2935 3812,2929 3901,2929"/>
                <TextEquiv>
                    <Unicode>ge zum Ziete zu kommen, weiß ich</Unicode>
                </TextEquiv>
            </TextLine>
        </TextRegion>
    </Page>
</PcGts>
