5688 4585
1529 1350 2759 1482 raschen zu dürfen. Ich wie aber noch unverschämter
1547 1514 2803 1580 und möchte für den Moment, d. h. im mein erstes
1536 1611 2777 1737 Heft, etwas besonderes: haben Sie vielleicht ein paar
1527 1755 2872 1872 musikalische Aphorismen oder mochten die nur - es wurde
1527 1881 2777 1992 betr gut in den Rahmen passen – ein Jahr altes Gericht
1529 2032 2838 2174 von Ihnen geben, dessen Schlufsstiegte ich noch im Kopf
1513 2145 1664 2249 habe:
1720 2203 2508 2313 Vorgebens in den alten Tasten
1761 2311 2615 2457 duch’ ich den alten, geliebten Ton; -
1761 2431 2528 2566 Es ist ein alter Alimgekarten,
1744 2561 2634 2685 Wahrscheinlich war ers damals schon.
1511 2659 2850 2834 Wollen Sie mir das geben? Sie wissen tellt, wie die mich
1504 2799 2830 2945 damit fördern und ich weiß, daß Sieb gem Gun, wenn
1522 2921 2808 3058 Die können – trust war’ ich nicht so frech. Ich die Schmer¬
1498 3044 2808 3164 fürs Klemmte dankbar. - Nabe eventuel u Bonowefragen
1480 3162 2203 3270 spachen wir einmal mündlich.
1719 3248 2890 3390 Feier Sie mir nicht böse, — und wenns geht, helfen,
1427 3364 2890 3506 Sie mir, wie schon so oft. Alles Schöne und Gute Ihnen um Ihrer verehrten
1407 3441 1575 3585 frans
2079 3454 2586 3592 Rinharsnech
3958 503 4449 749 Votre très-Monsieur.
3844 1227 4407 1343 Wien IX), Berggasoe 21
2956 1234 3344 1389 R. Speckt.
4013 1349 4312 1443 12.12.07
3268 1493 3658 1640 Lieber Cathar,
3295 1700 4347 1859 ich komme – wieder einmal – mit seiner
3096 1819 4414 1985 großen Bitte. Ich gebe von Neujahr an eine Halbmonag
3096 1952 4372 2112 grift heraus, die „ti einer "Zeitschrift für Musik“ heisst;
3078 2085 4401 2233 es haben sich Edealisten gefunden, die genügend Rechnung
3067 2211 4343 2393 zu mir haben, um das Capital vorzustrecken u u mich
3055 2336 4330 2488 als Zeitensgeber mit deinen Gage anstellen. Ich möchte
3073 2480 4390 2650 aber, wie ichs Schnee, glaub’ ich, schon sagte, die Musik schrift¬
3098 2613 4312 2763 Feller möglich aufhalten und dafür die Kuntler
3085 2739 4390 2934 reden lassen; sei es in Ballefristischer oder exagistische
3084 2870 4339 3027 form - wenn nur irgend ein Zusammenhang mit
3065 3005 4385 3175 Musik und ihren Eindrucken da ist. Vielleicht entschließen
3055 3118 4294 3288 Sie sich einmal dazu, sich über was Musikalisches zu
3056 3268 4367 3419 änken; ich wäre ich froh, meine Leser damit über¬
