5582 4632
1404 939 2728 1159 keit des Rectificirens. Auch weiß er,
1354 1118 2704 1301 wie ich mich darüber ärgern, wenn nur
1367 1273 2743 1436 bemand über ein oder das andere meiner
1356 1399 2713 1605 Dinger ein Urtheil sagt, um das ich ihn
1348 1569 2773 1787 nicht gefragt habe. Darum will ich Ihnen
1367 1768 2812 1942 auch heute gar nichts spezielles lagen, sondern
1344 1926 2788 2089 mie, daß mir Ihr Stück ungemein sympa¬
1367 2074 2730 2228 tisch ist, daß mir vor allem die Character¬
1342 2214 2711 2398 zeichnung der Einzelnen sowie das Anlieu
1380 2379 2700 2542 besonders gelungen erscheinen und daß ich
1391 2505 2724 2728 Ihnen von ganzem Herzen einen vollen Erfolg
1386 2666 2687 2835 wünsche. Ob letzterer sicher zu erwarten ist,
1367 2803 2708 2964 darüber kann ich mir allerdings vorläufig
1414 2942 2130 3101 keine Ansicht bilden.
1552 3103 2752 3266 aber nun, — wann und wo konnte
2895 934 4386 1099 ich Sie einmal in den nächsten Tagen zwischen
2878 1058 4277 1215 6 8 Uhr Abends gehen? Wenn Sie mir die
2886 1222 4397 1470 Freude Ihres Besuches machten, wäre ich Ihnen
2912 1365 4264 1581 ungemein dankbar, da ich ein besehen
2865 1521 4277 1710 umwohl bin nur abends womöglich nicht
2869 1658 4359 1868 ausgehen soll. Nun fürchte ich. Ihnen damit
2893 1843 4271 2034 Zu viel zuzumuthen. Wenn Sie mir also
2888 1989 4384 2171 mit einen Zeile anzeigten, daß Sie kämen
2886 2156 4376 2372 wund ich mich Uhr freuen; wollen Sie das
2871 2302 4376 2520 nicht, so bitte ich Sie um ein Rendezvont
2901 2473 4386 2672 ich hätte noch eine Kleinigkeit, abgesehe von
2914 2606 4326 2822 Ihrem Stück, mit Ihnen zu besprechen.
2996 2768 4371 2968 Herzlichste Geiste und nochmaligen besten
2859 2923 3990 3092 Dank von Ihrem ergebenen
3647 3013 4288 3309 Richard Specht
