5632 4649
1328 582 1926 804 Votre très-cié de l'imprès de la nouvelle séance
2949 584 3824 834 '̃' ̃: 1: •: 9: • ; —:
2478 575 2840 740 „ „ —” „
2881 1656 4517 1815 irgendwelche geschäftlicher Ueberlegung abgegangen worden, so
1071 1648 2653 1790 sagen, wenn unter alt denen, die sich an der Sache betheiligen,
1104 1810 2630 1946 gerade die fehlt, die literarisch mir am meisten gilt und als
2848 1837 4503 1971 ist es schon abgemacht und selbstverständlich, daß die Autoren
1112 1969 2612 2131 Freund nicht weniger? Nein, sprechen die wirklich nicht für letztes
2842 1971 4077 2133 für ihn Beiträge entsprechen honorirt worden!
1104 2110 2600 2295 Wort, wenn es ein - Nein ist. Mit dem Verlag haben Sie
3200 2164 3732 2353 von Herzen Str
1097 2293 2004 2439 absolut nicht das mindeste zu thun.
3845 2269 4357 2495 Rw.
1358 2476 2696 2641 das Manuscript sende ich Ihnen, nicht zurück,
1128 2614 2643 2782 aber unserer Bereinbarung genieß, damit Sie es durchsehen.
1122 2739 2337 2920 Lassen Sie mich also bald wissen, woran ich bin.
1344 2918 2624 3080 Was das materielle betrifft: das Eiträgner der
1077 3046 2715 3253 Bücher wir Paar zur Verfügung gestellt. Sollte davon, infolge
