<?xml version="1.0" encoding="UTF-8" standalone="yes"?>
<PcGts xmlns="http://schema.primaresearch.org/PAGE/gts/pagecontent/2013-07-15" xmlns:xsi="http://www.w3.org/2001/XMLSchema-instance" xsi:schemaLocation="http://schema.primaresearch.org/PAGE/gts/pagecontent/2013-07-15 http://schema.primaresearch.org/PAGE/gts/pagecontent/2013-07-15/pagecontent.xsd">
    <Metadata>
        <Creator>prov=READ-COOP:name=TrHtr:version=2.1.0:model_id=51170:date=26_07_2023_03:11</Creator>
        <Created>2023-05-02T07:52:58.368+02:00</Created>
        <LastChange>2023-07-26T03:11:25.055+02:00</LastChange>
        <TranskribusMetadata docId="1416723" pageId="54951752" pageNr="69" tsid="130881028" status="IN_PROGRESS" userId="64420" imgUrl="https://files.transkribus.eu/Get?id=ROPALIJBFNOAPJXCFGKKFQCM&amp;fileType=view" xmlUrl="https://files.transkribus.eu/Get?id=YSSKARRCJYFECJEWMPZJZZYR" imageId="44455478"/>
    </Metadata>
    <Page imageFilename="1416723_0069.jpg" imageWidth="5752" imageHeight="4569">
        <ReadingOrder>
            <OrderedGroup id="ro_1711828466342" caption="Regions reading order">
                <RegionRefIndexed index="0" regionRef="tr_1"/>
            </OrderedGroup>
        </ReadingOrder>
        <TextRegion id="tr_1" custom="readingOrder {index:0;}">
            <Coords points="1813,868 3889,868 3889,3779 1813,3779"/>
            <TextLine id="tr_1_tl_1" custom="readingOrder {index:0;}">
                <Coords points="1877,971 1980,994 2731,934 2808,963 2860,942 2865,862 2527,883 2473,852 2372,888 2292,854 2191,906 2104,875 2026,909 1882,888"/>
                <Baseline points="1890,972 1974,966 2063,960 2153,954 2242,948 2332,948 2421,942 2511,936 2600,930 2690,924 2779,924 2869,918"/>
                <TextEquiv>
                    <Unicode>PROFESSOR RICHARD SPECHT</Unicode>
                </TextEquiv>
            </TextLine>
            <TextLine id="tr_1_tl_2" custom="readingOrder {index:1;}">
                <Coords points="1988,1051 2122,1063 2222,1027 2512,1030 2589,1007 2775,1035 2777,958 2731,937 1993,978"/>
                <Baseline points="2004,1025 2069,1025 2159,1025 2248,1019 2338,1008 2427,1008 2517,1002 2606,996 2696,996 2785,996"/>
                <TextEquiv>
                    <Unicode>WIEN, XIX/1, KREINDLGASSE 8.</Unicode>
                </TextEquiv>
            </TextLine>
            <TextLine id="tr_1_tl_3" custom="readingOrder {index:2;}">
                <Coords points="2191,1079 2248,1100 2266,1084 2313,1082 2341,1107 2403,1074 2429,1076 2460,1084 2504,1128 2532,1131 2555,1123 2561,1014 2486,1027 2468,1017 2450,1030 2413,1017 2401,1030 2191,1032"/>
                <Baseline points="2206,1073 2296,1067 2385,1061 2475,1055 2564,1061"/>
                <TextEquiv>
                    <Unicode>TELEPHON 14 0 95</Unicode>
                </TextEquiv>
            </TextLine>
            <TextLine id="tr_1_tl_4" custom="readingOrder {index:3;}">
                <Coords points="2181,1316 2222,1304 2248,1314 2310,1270 2349,1260 2447,1283 2537,1265 2545,1141 2401,1198 2357,1182 2323,1203 2310,1187 2251,1200 2210,1167 2191,1169"/>
                <Baseline points="2200,1258 2278,1252 2368,1246 2457,1240 2546,1234"/>
                <TextEquiv>
                    <Unicode>16.III.28.</Unicode>
                </TextEquiv>
            </TextLine>
            <TextLine id="tr_1_tl_5" custom="readingOrder {index:4;}">
                <Coords points="2243,1551 2305,1546 2380,1580 2460,1556 2638,1595 2710,1562 2834,1577 2839,1466 2814,1451 2651,1461 2620,1435 2532,1479 2450,1466 2416,1482 2251,1425"/>
                <Baseline points="2260,1538 2308,1532 2397,1532 2487,1526 2576,1521 2666,1515 2755,1509 2845,1509"/>
                <TextEquiv>
                    <Unicode>Liebster Arthur,</Unicode>
                </TextEquiv>
            </TextLine>
            <TextLine id="tr_1_tl_6" custom="readingOrder {index:5;}">
                <Coords points="1977,1786 3402,1760 3714,1732 3717,1637 2932,1678 2731,1631 2530,1706 1980,1724"/>
                <Baseline points="1992,1771 2022,1771 2111,1765 2200,1759 2290,1753 2379,1753 2469,1753 2558,1747 2648,1741 2737,1735 2827,1729 2916,1729 3006,1723 3095,1717 3185,1711 3274,1711 3364,1705 3453,1699 3543,1693 3632,1688 3722,1688"/>
                <TextEquiv>
                    <Unicode>ich habe eine grosse Bitte an Sie: lesen Sie das</Unicode>
                </TextEquiv>
            </TextLine>
            <TextLine id="tr_1_tl_7" custom="readingOrder {index:6;}">
                <Coords points="1815,1915 1954,1964 2855,1858 3738,1853 3774,1745 1820,1822"/>
                <Baseline points="1831,1896 1896,1890 1986,1890 2075,1884 2165,1878 2254,1872 2344,1866 2433,1866 2523,1855 2612,1855 2702,1855 2791,1849 2880,1843 2970,1843 3059,1837 3149,1825 3238,1819 3328,1819 3417,1813 3507,1813 3596,1807 3686,1801 3775,1795"/>
                <TextEquiv>
                    <Unicode>mitfolgende Produkt und sagen Sie mir Ihre Meinung. Ich</Unicode>
                </TextEquiv>
            </TextLine>
            <TextLine id="tr_1_tl_8" custom="readingOrder {index:7;}">
                <Coords points="1828,2021 2323,2057 3193,1936 3691,1967 3748,1853 1833,1939"/>
                <Baseline points="1843,2010 1872,2010 1962,2004 2051,1998 2141,1992 2230,1986 2320,1986 2409,1980 2499,1974 2588,1968 2678,1962 2767,1962 2857,1956 2946,1950 3036,1950 3125,1938 3215,1938 3304,1932 3393,1932 3483,1926 3572,1920 3662,1914 3751,1914"/>
                <TextEquiv>
                    <Unicode>bin mir der Breite der Sache bewusst - aber Sie selbst</Unicode>
                </TextEquiv>
            </TextLine>
            <TextLine id="tr_1_tl_9" custom="readingOrder {index:8;}">
                <Coords points="1812,2142 2901,2142 3010,2070 3425,2055 3614,2101 3828,2044 3833,1980 2168,2073 1817,2026"/>
                <Baseline points="1825,2123 1866,2123 1956,2111 2045,2105 2135,2105 2224,2099 2314,2099 2403,2093 2493,2087 2582,2087 2672,2081 2761,2075 2851,2069 2940,2063 3030,2057 3119,2057 3209,2051 3298,2045 3387,2045 3477,2039 3566,2033 3656,2033 3745,2028 3835,2028"/>
                <TextEquiv>
                    <Unicode>geben dem Humoristen ein gewisses Recht dazu, und ich bil-</Unicode>
                </TextEquiv>
            </TextLine>
            <TextLine id="tr_1_tl_10" custom="readingOrder {index:9;}">
                <Coords points="1820,2256 2661,2261 2974,2191 3054,2243 3283,2176 3374,2230 3769,2171 3771,2086 1825,2189"/>
                <Baseline points="1837,2236 1896,2230 1986,2230 2075,2218 2165,2218 2254,2212 2344,2206 2433,2206 2523,2200 2612,2200 2702,2195 2791,2189 2880,2189 2970,2177 3059,2177 3149,2171 3238,2165 3328,2159 3417,2159 3507,2153 3596,2147 3686,2141 3775,2141"/>
                <TextEquiv>
                    <Unicode>de mir ein, hier etwas Humor herausgeholt zu haben. Und:</Unicode>
                </TextEquiv>
            </TextLine>
            <TextLine id="tr_1_tl_11" custom="readingOrder {index:10;}">
                <Coords points="1835,2349 1998,2398 2656,2315 3400,2323 3686,2290 3748,2189 1838,2302"/>
                <Baseline points="1849,2344 1872,2344 1962,2338 2051,2332 2141,2332 2230,2326 2320,2326 2409,2320 2499,2314 2588,2314 2678,2308 2767,2302 2857,2302 2946,2296 3036,2290 3125,2284 3215,2278 3304,2272 3393,2272 3483,2266 3572,2260 3662,2260 3751,2242"/>
                <TextEquiv>
                    <Unicode>stossen Sie sich nicht an den paar Derbheiten des Aus-</Unicode>
                </TextEquiv>
            </TextLine>
            <TextLine id="tr_1_tl_12" custom="readingOrder {index:11;}">
                <Coords points="1797,2468 3743,2429 3867,2403 3872,2310 1799,2424"/>
                <Baseline points="1813,2457 1819,2457 1908,2457 1998,2451 2087,2445 2177,2439 2266,2439 2356,2433 2445,2433 2535,2427 2624,2421 2713,2421 2803,2415 2892,2409 2982,2409 3071,2403 3161,2397 3250,2391 3340,2391 3429,2385 3519,2379 3608,2379 3698,2373 3787,2368 3877,2368"/>
                <TextEquiv>
                    <Unicode>drucks, die nicht der Lust an unziemlichen Wort entspringen</Unicode>
                </TextEquiv>
            </TextLine>
            <TextLine id="tr_1_tl_13" custom="readingOrder {index:12;}">
                <Coords points="1838,2628 3113,2519 3820,2543 3825,2419 1843,2524"/>
                <Baseline points="1855,2576 1861,2576 1950,2570 2039,2564 2129,2564 2218,2558 2308,2552 2397,2546 2487,2546 2576,2540 2666,2535 2755,2529 2845,2523 2934,2523 3024,2517 3113,2511 3203,2511 3292,2505 3382,2499 3471,2493 3560,2493 3650,2487 3739,2481 3829,2475"/>
                <TextEquiv>
                    <Unicode>sondern, glaub' ich, der Wahrheit des Milicus entsprechen.</Unicode>
                </TextEquiv>
            </TextLine>
            <TextLine id="tr_1_tl_14" custom="readingOrder {index:13;}">
                <Coords points="1975,2692 3531,2664 3771,2620 3776,2550 1980,2623"/>
                <Baseline points="1992,2678 2081,2678 2171,2672 2260,2666 2350,2666 2439,2660 2529,2654 2618,2654 2707,2648 2797,2642 2886,2636 2976,2630 3065,2630 3155,2624 3244,2618 3334,2618 3423,2612 3513,2612 3602,2606 3692,2600 3781,2594"/>
                <TextEquiv>
                    <Unicode>Ich hab' aber eine zweite Bitte: könnten Sie nicht</Unicode>
                </TextEquiv>
            </TextLine>
            <TextLine id="tr_1_tl_15" custom="readingOrder {index:14;}">
                <Coords points="1825,2850 3314,2746 3769,2788 3843,2767 3849,2659 1830,2728"/>
                <Baseline points="1843,2797 1884,2797 1974,2797 2063,2791 2153,2785 2242,2779 2332,2779 2421,2773 2511,2767 2600,2767 2690,2761 2779,2761 2869,2755 2958,2749 3047,2743 3137,2743 3226,2737 3316,2731 3405,2725 3495,2725 3584,2719 3674,2719 3763,2713 3853,2713"/>
                <TextEquiv>
                    <Unicode>wieder einmal auf ein Vormittagsstündchen (Nachmittag tun</Unicode>
                </TextEquiv>
            </TextLine>
            <TextLine id="tr_1_tl_16" custom="readingOrder {index:15;}">
                <Coords points="1864,2932 3779,2878 3846,2865 3849,2770 1866,2847"/>
                <Baseline points="1878,2910 1884,2916 1974,2910 2063,2910 2153,2904 2242,2898 2332,2892 2421,2892 2511,2886 2600,2886 2690,2875 2779,2869 2869,2869 2958,2863 3047,2863 3137,2857 3226,2851 3316,2845 3405,2845 3495,2839 3584,2839 3674,2833 3763,2833 3853,2827"/>
                <TextEquiv>
                    <Unicode>Sie's ja nicht) zu uns kommen? Ganz abgesehen davon, dass</Unicode>
                </TextEquiv>
            </TextLine>
            <TextLine id="tr_1_tl_17" custom="readingOrder {index:16;}">
                <Coords points="1856,3092 2119,3028 2519,3069 2765,3007 3846,2994 3851,2868 1861,2966"/>
                <Baseline points="1872,3030 1884,3030 1974,3024 2063,3018 2153,3012 2242,3012 2332,3006 2421,3006 2511,3000 2600,3000 2690,2994 2779,2988 2869,2982 2958,2982 3047,2976 3137,2970 3226,2964 3316,2964 3405,2964 3495,2958 3584,2952 3674,2952 3763,2952 3853,2946"/>
                <TextEquiv>
                    <Unicode>meine Frau Sie heiss liebt und glücklich ist, wenn Sie da</Unicode>
                </TextEquiv>
            </TextLine>
            <TextLine id="tr_1_tl_18" custom="readingOrder {index:17;}">
                <Coords points="1858,3154 2127,3201 3603,3123 3882,3090 3885,2981 1861,3090"/>
                <Baseline points="1872,3143 1920,3143 2010,3137 2099,3131 2189,3131 2278,3125 2368,3119 2457,3119 2546,3113 2636,3107 2725,3107 2815,3101 2904,3095 2994,3095 3083,3089 3173,3083 3262,3083 3352,3077 3441,3077 3531,3065 3620,3065 3710,3059 3799,3059 3889,3059"/>
                <TextEquiv>
                    <Unicode>sind, möchte ich gern allerlei mit Ihnen beplaudern. Viel-</Unicode>
                </TextEquiv>
            </TextLine>
            <TextLine id="tr_1_tl_19" custom="readingOrder {index:18;}">
                <Coords points="1861,3286 3645,3234 3779,3216 3784,3128 1866,3183"/>
                <Baseline points="1878,3262 1908,3256 1998,3250 2087,3244 2177,3238 2266,3238 2356,3232 2445,3232 2535,3226 2624,3226 2713,3220 2803,3220 2892,3209 2982,3203 3071,3203 3161,3197 3250,3197 3340,3191 3429,3191 3519,3185 3608,3179 3698,3179 3787,3173"/>
                <TextEquiv>
                    <Unicode>leicht können Sie mir das Todesurteil über die Novelle</Unicode>
                </TextEquiv>
            </TextLine>
            <TextLine id="tr_1_tl_20" custom="readingOrder {index:19;}">
                <Coords points="1869,3415 3190,3327 3645,3363 3753,3335 3758,3219 1871,3325"/>
                <Baseline points="1884,3370 1974,3364 2063,3364 2153,3358 2242,3358 2332,3346 2421,3346 2511,3346 2600,3340 2690,3340 2779,3334 2869,3328 2958,3328 3047,3322 3137,3316 3226,3316 3316,3304 3405,3304 3495,3304 3584,3298 3674,3298 3763,3292"/>
                <TextEquiv>
                    <Unicode>dann auch gleich verhängen... ich warte sehr angetvoll</Unicode>
                </TextEquiv>
            </TextLine>
            <TextLine id="tr_1_tl_21" custom="readingOrder {index:20;}">
                <Coords points="1866,3539 3482,3446 3727,3508 3732,3371 1871,3415"/>
                <Baseline points="1884,3483 1950,3483 2039,3483 2129,3477 2218,3477 2308,3471 2397,3465 2487,3465 2576,3459 2666,3453 2755,3453 2845,3447 2934,3441 3024,3441 3113,3435 3203,3435 3292,3429 3382,3423 3471,3417 3560,3417 3650,3411 3739,3411"/>
                <TextEquiv>
                    <Unicode>und sehr gespannt auf das, was Sie mir sagen werden.</Unicode>
                </TextEquiv>
            </TextLine>
            <TextLine id="tr_1_tl_22" custom="readingOrder {index:21;}">
                <Coords points="2050,3616 2171,3632 2269,3603 2408,3681 2630,3663 2638,3495 2517,3536 2447,3513 2367,3539 2284,3518 2235,3544 2199,3513 2158,3536 2122,3518 2055,3531"/>
                <Baseline points="2063,3602 2105,3596 2195,3590 2284,3590 2373,3590 2463,3584 2552,3572 2642,3572"/>
                <TextEquiv>
                    <Unicode>Alles herzliche</Unicode>
                </TextEquiv>
            </TextLine>
            <TextLine id="tr_1_tl_23" custom="readingOrder {index:22;}">
                <Coords points="3170,3774 3211,3782 3242,3769 3268,3792 3319,3779 3384,3813 3436,3787 3505,3818 3503,3663 3400,3694 3245,3681 3221,3699 3167,3696"/>
                <Baseline points="3185,3763 3274,3763 3364,3763 3453,3769 3513,3763"/>
                <TextEquiv>
                    <Unicode>cunary</Unicode>
                </TextEquiv>
            </TextLine>
        </TextRegion>
    </Page>
</PcGts>
