5596 4585
2496 560 2680 715 1o, 1m.
2861 541 3375 768 Votre très-Monsieur, â¬
2865 1082 3639 1256 Wien, IX. Berggasse 21, 31. V. 1905
2353 1456 2724 1594 Lieber Arthur!
2353 1678 3631 1806 Herr Mai Mell, der Dichter der "Laleinischen Erzählungen
2133 1820 3643 1955 Die theien ja meines Wissens gefallen haben, bittet mich, ihn bei Ihnen
2127 1951 3660 2076 einzuführen und ich kann dem sehr netten jungen Mann das schwer
2139 2095 3584 2213 abschlagen, umsoweniger, als er von sagt, daß er Ihnen etwas zu
2139 2209 3624 2307 bringen hätte – keine seiner Bichtungen – was Sie vielleicht interessirt.
2139 2328 3601 2437 tertzdem möchte ich vorher bei Ihnen anfragen, ob ihnen auch
2150 2473 3629 2561 recht ist; wenn ja, so wäre ich Ihnen dankbar, wenn Sie mir eine
2144 2561 3586 2670 Stunde angeben wollten, zu der die ihn empfangen mögen,
2137 2693 3612 2815 wenn nein, so sagen die's ohne weiteres, mit oder ohne Gründ¬
2156 2821 3465 2959 im letzteren halb, werd’ ich es ihm schon planensibel machen.
2423 2920 3681 3043 Sind Sie auch einmal für mich zu Hause.“ Ich wurde mich
2169 3041 3178 3186 freuen. Alles herzliche Ihnen um Ihre Frau
3106 3066 3672 3209 Str Ruhandwachz
