5635 4680
3095 1160 4505 1340 möglich wäre, mir ein unflüssiges Exemplar
3023 1347 4433 1507 des „Märchens“ für Helene Rosner zu geben,
3053 1477 4468 1648 die sich ganz außerordentlich dafür interessirt
3308 1648 4482 1838 Sonst bin ich gefriege und bite so nichts
3137 1829 3363 1921 mer.
3243 1907 4433 2055 Die Glöckner grüßt Sie schönstens und
3118 2034 4385 2198 läßt Ihnen lagen, Sie seien ein schöner
3100 2201 4276 2367 Mann. – Ich kann gar nichts dafür.
3335 2349 3893 2556 Herzlichs Ihr
3608 2566 4279 2748 Rimarsspecht
