<?xml version="1.0" encoding="UTF-8" standalone="yes"?>
<PcGts xmlns="http://schema.primaresearch.org/PAGE/gts/pagecontent/2013-07-15" xmlns:xsi="http://www.w3.org/2001/XMLSchema-instance" xsi:schemaLocation="http://schema.primaresearch.org/PAGE/gts/pagecontent/2013-07-15 http://schema.primaresearch.org/PAGE/gts/pagecontent/2013-07-15/pagecontent.xsd">
    <Metadata>
        <Creator>prov=READ-COOP:name=TrHtr:version=2.1.0:model_id=51170:date=26_07_2023_03:10</Creator>
        <Created>2023-05-02T07:52:51.046+02:00</Created>
        <LastChange>2023-07-26T03:10:11.853+02:00</LastChange>
        <TranskribusMetadata docId="1416723" pageId="54951562" pageNr="9" tsid="130880760" status="IN_PROGRESS" userId="64420" imgUrl="https://files.transkribus.eu/Get?id=HGXUOZWDSFMRKCYIKMPVRGPS&amp;fileType=view" xmlUrl="https://files.transkribus.eu/Get?id=IEEOHXJAJKDJLKFIKYUFTDCD" imageId="44455288"/>
    </Metadata>
    <Page imageFilename="1416723_0009.jpg" imageWidth="5603" imageHeight="4648">
        <ReadingOrder>
            <OrderedGroup id="ro_1711828417339" caption="Regions reading order">
                <RegionRefIndexed index="0" regionRef="tr_1"/>
            </OrderedGroup>
        </ReadingOrder>
        <TextRegion id="tr_1" custom="readingOrder {index:0;}">
            <Coords points="1362,1264 4367,1264 4367,3003 1362,3003"/>
            <TextLine id="tr_1_tl_1" custom="readingOrder {index:0;}">
                <Coords points="2923,1362 3107,1405 3455,1331 3764,1425 4109,1320 4314,1358 4317,1228 3911,1268 3833,1217 3726,1266 3608,1210 3455,1246 3276,1215 2925,1266"/>
                <Baseline points="2933,1338 2975,1338 3064,1332 3154,1332 3244,1326 3333,1326 3423,1326 3512,1326 3602,1326 3692,1326 3781,1326 3871,1320 3960,1314 4050,1320 4140,1314 4229,1314 4319,1314"/>
                <TextEquiv>
                    <Unicode>nichtig und von Herzen freuen, wenn</Unicode>
                </TextEquiv>
            </TextLine>
            <TextLine id="tr_1_tl_2" custom="readingOrder {index:1;}">
                <Coords points="1387,1414 1704,1389 1972,1472 2297,1351 2565,1420 2784,1353 2785,1246 2670,1210 2577,1255 2044,1241 1760,1324 1503,1244 1391,1263"/>
                <Baseline points="1397,1392 1445,1380 1535,1368 1625,1368 1714,1368 1804,1368 1893,1368 1983,1356 2073,1356 2162,1356 2252,1350 2341,1350 2431,1350 2521,1350 2610,1344 2700,1344 2789,1332"/>
                <TextEquiv>
                    <Unicode>Ihnen nun schriftlich meine herzlichen</Unicode>
                </TextEquiv>
            </TextLine>
            <TextLine id="tr_1_tl_3" custom="readingOrder {index:2;}">
                <Coords points="2910,1507 3171,1508 3381,1594 3556,1485 3722,1530 3936,1463 4283,1489 4363,1461 4365,1396 4164,1416 4048,1367 3742,1436 3458,1358 3335,1423 2912,1431"/>
                <Baseline points="2921,1505 2933,1499 3022,1493 3112,1487 3202,1487 3291,1487 3381,1487 3471,1487 3560,1481 3650,1481 3739,1475 3829,1469 3919,1463 4008,1463 4098,1463 4187,1463 4277,1457 4367,1463"/>
                <TextEquiv>
                    <Unicode>es durchgreift. Wenn soll denn erste</Unicode>
                </TextEquiv>
            </TextLine>
            <TextLine id="tr_1_tl_4" custom="readingOrder {index:3;}">
                <Coords points="1364,1590 1630,1521 1745,1577 1928,1528 2190,1579 2368,1516 2415,1557 2623,1559 2755,1519 2757,1389 2454,1393 2364,1442 2265,1400 2067,1416 1977,1472 1776,1413 1501,1443 1366,1396"/>
                <Baseline points="1374,1517 1415,1517 1505,1517 1595,1511 1684,1511 1774,1511 1863,1517 1953,1517 2043,1511 2132,1511 2222,1517 2312,1511 2401,1511 2491,1505 2580,1499 2670,1493 2760,1499"/>
                <TextEquiv>
                    <Unicode>Glückwünsche zur Annahme Ihres Schau¬</Unicode>
                </TextEquiv>
            </TextLine>
            <TextLine id="tr_1_tl_5" custom="readingOrder {index:4;}">
                <Coords points="2876,1680 2990,1729 3156,1718 3214,1689 3382,1704 3424,1684 3458,1713 3509,1689 3619,1697 3616,1579 3540,1592 3444,1561 3391,1603 3288,1575 3238,1595 3160,1545 3082,1566 3008,1539 2880,1574"/>
                <Baseline points="2885,1654 2909,1648 2999,1654 3088,1654 3178,1648 3267,1648 3357,1642 3447,1636 3536,1636 3626,1625"/>
                <TextEquiv>
                    <Unicode>Aufführung sein.</Unicode>
                </TextEquiv>
            </TextLine>
            <TextLine id="tr_1_tl_6" custom="readingOrder {index:5;}">
                <Coords points="1353,1704 1581,1693 1688,1745 1803,1695 1903,1726 2026,1682 2028,1597 1925,1566 1802,1617 1731,1581 1606,1583 1552,1546 1355,1586"/>
                <Baseline points="1362,1666 1403,1666 1493,1666 1583,1660 1672,1660 1762,1660 1852,1660 1941,1660 2031,1654"/>
                <TextEquiv>
                    <Unicode>spiels aussprechen.</Unicode>
                </TextEquiv>
            </TextLine>
            <TextLine id="tr_1_tl_7" custom="readingOrder {index:6;}">
                <Coords points="3012,1863 3290,1812 3419,1874 3599,1805 3777,1876 3903,1832 4193,1852 4198,1686 4003,1720 3826,1682 3332,1767 3017,1717"/>
                <Baseline points="3022,1840 3034,1840 3124,1828 3214,1816 3303,1810 3393,1810 3483,1810 3572,1804 3662,1798 3751,1798 3841,1798 3931,1792 4020,1792 4110,1792 4199,1792"/>
                <TextEquiv>
                    <Unicode>Mit den schönsten Grüßen Ihr</Unicode>
                </TextEquiv>
            </TextLine>
            <TextLine id="tr_1_tl_8" custom="readingOrder {index:7;}">
                <Coords points="1592,1923 1809,1868 2010,1879 2096,1838 2324,1847 2520,1928 2690,1897 2690,1754 2628,1738 2496,1782 2391,1726 2256,1769 2167,1729 1946,1751 1894,1720 1785,1780 1592,1711"/>
                <Baseline points="1601,1834 1690,1840 1780,1846 1869,1840 1959,1834 2049,1834 2138,1834 2228,1834 2318,1834 2407,1840 2497,1840 2586,1840 2676,1852 2694,1846"/>
                <TextEquiv>
                    <Unicode>Ich gestehe Ihnen dabei offen,</Unicode>
                </TextEquiv>
            </TextLine>
            <TextLine id="tr_1_tl_9" custom="readingOrder {index:8;}">
                <Coords points="1398,1999 2098,2038 2201,1997 2447,2049 2628,1986 2798,1995 2778,1932 2639,1905 2500,1939 2355,1876 1693,1941 1398,1888"/>
                <Baseline points="1409,1977 1457,1977 1547,1983 1636,1983 1726,1989 1816,1989 1905,1989 1995,1989 2085,1989 2174,1983 2264,1983 2353,1983 2443,1983 2533,1983 2622,1977 2712,1971 2801,1965"/>
                <TextEquiv>
                    <Unicode>daß ich den egoistischen Hintergedanken</Unicode>
                </TextEquiv>
            </TextLine>
            <TextLine id="tr_1_tl_10" custom="readingOrder {index:9;}">
                <Coords points="3051,1993 3185,1979 3344,2080 3478,2015 3560,2053 3753,1977 3892,1972 3892,1908 3798,1925 3603,1854 3438,1887 3272,1865 3245,1838 3169,1876 3097,1850 3053,1867"/>
                <Baseline points="3064,1977 3088,1971 3178,1977 3267,1971 3357,1977 3447,1977 3536,1977 3626,1971 3716,1971 3805,1965 3895,1965"/>
                <TextEquiv>
                    <Unicode>aufrichtig ergebener</Unicode>
                </TextEquiv>
            </TextLine>
            <TextLine id="tr_1_tl_11" custom="readingOrder {index:10;}">
                <Coords points="1391,2199 1630,2143 1832,2176 2089,2143 2355,2194 2766,2156 2767,2096 2538,2084 2474,2038 1829,2113 1671,2055 1604,2091 1395,2055"/>
                <Baseline points="1403,2144 1427,2150 1517,2150 1607,2144 1696,2144 1786,2150 1875,2156 1965,2150 2055,2144 2144,2138 2234,2132 2324,2132 2413,2132 2503,2126 2592,2126 2682,2126 2772,2126"/>
                <TextEquiv>
                    <Unicode>habe, Sie um das "Mauchen" anzu¬</Unicode>
                </TextEquiv>
            </TextLine>
            <TextLine id="tr_1_tl_12" custom="readingOrder {index:11;}">
                <Coords points="3292,2299 3400,2357 3471,2342 3572,2409 3797,2304 3887,2330 4043,2279 4153,2299 4178,2037 4088,2038 3789,2151 3684,2069 3608,2069 3513,2017 3312,2080"/>
                <Baseline points="3303,2288 3357,2294 3447,2276 3536,2270 3626,2258 3716,2252 3805,2246 3895,2234 3984,2228 4074,2222 4164,2210"/>
                <TextEquiv>
                    <Unicode>Richauspecht</Unicode>
                </TextEquiv>
            </TextLine>
            <TextLine id="tr_1_tl_13" custom="readingOrder {index:12;}">
                <Coords points="1380,2366 1619,2295 1713,2362 1908,2297 2348,2319 2480,2284 2585,2319 2706,2303 2710,2196 2440,2239 2026,2207 1811,2281 1384,2199"/>
                <Baseline points="1392,2306 1457,2300 1547,2300 1636,2294 1726,2294 1816,2294 1905,2294 1995,2294 2085,2294 2174,2288 2264,2282 2353,2282 2443,2282 2533,2276 2622,2276 2712,2270"/>
                <TextEquiv>
                    <Unicode>schnorren, da mir Vormann sagt</Unicode>
                </TextEquiv>
            </TextLine>
            <TextLine id="tr_1_tl_14" custom="readingOrder {index:13;}">
                <Coords points="1398,2474 1773,2464 1939,2538 2189,2480 2330,2518 2509,2444 2800,2471 2804,2344 1400,2411"/>
                <Baseline points="1409,2467 1463,2467 1553,2467 1642,2467 1732,2461 1822,2461 1911,2455 2001,2455 2091,2455 2180,2455 2270,2449 2359,2449 2449,2443 2539,2443 2628,2437 2718,2431 2807,2437"/>
                <TextEquiv>
                    <Unicode>es sei im Mannferigt gedruckt. Wollen</Unicode>
                </TextEquiv>
            </TextLine>
            <TextLine id="tr_1_tl_15" custom="readingOrder {index:14;}">
                <Coords points="3071,2666 3250,2686 3413,2662 3603,2710 3684,2682 3847,2690 3869,2682 3876,2521 3628,2558 3431,2541 3198,2597 3162,2576 3075,2594"/>
                <Baseline points="3082,2652 3160,2658 3250,2658 3339,2658 3429,2664 3518,2652 3608,2646 3698,2640 3787,2628 3877,2610"/>
                <TextEquiv>
                    <Unicode>wien, IX, Molingnue 19</Unicode>
                </TextEquiv>
            </TextLine>
            <TextLine id="tr_1_tl_16" custom="readingOrder {index:15;}">
                <Coords points="1427,2646 1767,2695 1877,2659 2062,2690 2283,2619 2737,2666 2757,2521 2362,2502 2038,2577 1881,2511 1653,2583 1523,2539 1429,2570"/>
                <Baseline points="1439,2628 1505,2628 1595,2622 1684,2622 1774,2622 1863,2616 1953,2616 2043,2622 2132,2622 2222,2622 2312,2616 2401,2610 2491,2610 2580,2610 2670,2616 2760,2616"/>
                <TextEquiv>
                    <Unicode>Sie nur schicken, liebe Dooton? Ich</Unicode>
                </TextEquiv>
            </TextLine>
            <TextLine id="tr_1_tl_17" custom="readingOrder {index:16;}">
                <Coords points="1398,2836 1874,2811 1982,2861 2494,2890 2659,2793 2767,2807 2769,2659 2407,2729 2053,2697 1796,2757 1545,2700 1400,2738"/>
                <Baseline points="1409,2795 1427,2801 1517,2801 1607,2801 1696,2801 1786,2807 1875,2801 1965,2801 2055,2801 2144,2801 2234,2801 2324,2795 2413,2795 2503,2789 2592,2784 2682,2778 2772,2778"/>
                <TextEquiv>
                    <Unicode>interessene mich wirklich aufs let¬</Unicode>
                </TextEquiv>
            </TextLine>
            <TextLine id="tr_1_tl_18" custom="readingOrder {index:17;}">
                <Coords points="1357,3091 1738,3089 1925,2981 2384,3048 2558,3017 2758,3073 2766,2818 2590,2905 2411,2925 2306,2874 2089,2936 1836,2858 1639,2923 1362,2847"/>
                <Baseline points="1368,2987 1421,2993 1511,2987 1601,2987 1690,2987 1780,2987 1869,2981 1959,2981 2049,2981 2138,2981 2228,2981 2318,2975 2407,2969 2497,2963 2586,2963 2676,2963 2766,2963"/>
                <TextEquiv>
                    <Unicode>hafteste dafür, und werde mich auf¬</Unicode>
                </TextEquiv>
            </TextLine>
        </TextRegion>
    </Page>
</PcGts>
