5785 4616
736 1291 1191 1453 POSTKARTE.
457 1432 708 1544 Absender:
145 1451 770 1603 Ruhardpenn Gmunden
172 1577 770 1680 Stern gasse 9 Villa Min.
160 1649 424 1725 12. rt. 22.
195 1692 924 1818 hiebter besser, eine Bitte: ich
1003 1694 1911 1854 Herrn Dr Anthon Schnitzler
172 1777 943 1899 arenstalte am 1. August in sie.
179 1861 920 1980 tigen Kursaal einen Schnitzler¬
179 1942 991 2085 Abend: Confermee - „Die Gefährtin
179 2025 955 2161 - der Ehrenstag - "Erzenten".
1325 1989 1649 2161 Wien 18
172 2109 974 2242 Mären sie so lieb, nur „Erzentnis“
179 2199 941 2325 zu leigen (Rücksendung abreu.
1222 2175 1870 2337 Hernwartestraße 71
172 2278 791 2390 Kunstverlag Lehr, Wien VII.
1036 3957 1694 3993 Immeuble
505 3953 746 4048 INNSBRUCHI
524 4024 1720 4134 Mayshofen, 16.9.21. Einer Arthur, ich fahre
524 4107 1723 4246 Sonntag wie hier weg, klaibe zwei Tage in Salzburg
536 4219 1713 4334 den Mittwoch in Wien und hoffe sie dann sehr bald
548 4293 1706 4422 zu sehen. Abgesehen davon, daß ich mich schon mehr
500 4374 1713 4496 fehr auch Ihnen lapsa und auf auf sie fremme, brauche
3688 2163 5589 2273 — so werden die Donnerstag auf 8-10 Tage nach Brugang (Hotel Europe). ein wenig Strawleben und
3683 2261 5594 2352 Monsieurität Gieler. Lassen Sie bald wieder an sich seiner, lieber Achtur, so wirklichen Fiefer Arbeitbahn
3683 2309 5582 2490 besser als ich die meiner und seien Sie an und beiden allerhaupt gegenst
