5643 4696
2126 941 3527 1116 Cosain, wenn er wirklich ofst mä¬
2119 1049 3498 1260 hat und wir sind über 0,35 seit
2123 1167 3496 1355 einem halben Jahre nicht hinaus
2112 1227 3529 1455 gekommen. Es liegen zwischen den¬
2121 1333 3553 1557 Anfallserien, staufen von 2-3 Kochen,
2119 1439 3549 1640 das ihm von Dr Breuer erlaubte,
2130 1536 3487 1722 und von mir zugemessene
2141 1630 3529 1853 Quantum Als ohne besteht in
2156 1736 3540 1937 einer täglichen Ration von
2157 1807 3569 2046 einer Plasche Wein und 2 kleinen
2156 1939 3565 2137 Flucans Rum. Was er aber heim¬
2152 2033 3585 2287 lich thut, kann ich nicht wissen. Et
2183 2145 3560 2411 jat er diesen Sommer während
2207 2302 3564 2462 eines Zeitraumes von einigen
2203 2380 3596 2623 Woch um 6 Flaschen Wein heimlich
2205 2458 3596 2659 aus dem Keller gehabt. Eine ge¬
2207 2602 3607 2820 ringe Quantität, aber wie daß
2223 2697 3613 2909 umsere die Sehnsucht nach Alkehn¬
2161 2779 3631 3038 sein, da er diesen nur bei Nacht
2229 2889 3596 3102 wenn Alles schlief, holen konnte,
2252 2996 3585 3255 und dies dennoch that. Augen¬
