5629 4679
3070 1125 3502 1284 IX/1. Kolingasse 19. II 1902
2227 1165 2617 1272 RICHARD SPECHT
2402 1447 2753 1655 Lieber Arthur!
2530 1714 3621 1902 ich bin ein paar Tage lang im Bett gelegen
2300 1874 3669 2074 und konnte Ihnen daher Ehr Manuskript nicht früher,
2303 2055 3642 2249 senden. Abgesehen wir einigen Leugen ein Anfang
2309 2247 3669 2458 gefällt es mir ausnehmend; der Bühnenwirkung
2321 2404 3669 2607 hätte wol auch die fortwährende ganzmusik und das
2324 2598 3631 2767 unruhige Hin- und Hr. des Hintergründes geschadet,
2341 2775 3630 2928 aber im Lesen ist es reizend, und ich gab' es Ihnen
2348 2911 3664 3109 waschaftig nicht zur zurück. Welcher Art die Ur¬
2327 3107 3674 3313 theilungen sind. Die Ihnen über den. Wiener Verlag’
