5752 4569
580 1083 810 1251 Le Comte
1490 1175 1792 1385 Herrn
605 1251 802 1500 be
1502 1363 2344 1593 Dr Artur Schmitzler
1197 1427 1402 1563 e.
1207 1507 1446 1712 P.S.
1780 1571 2280 1756 Wien XVIII
1602 1741 2375 1941 Sternwartestraße 71
827 1790 1383 2039 P.S.H.
1007 2446 1707 2673 Richard Specht
737 2561 2078 2785 übersendet Ihnen mit herzlichem Gruß ein Exemplar des
722 2675 2068 2856 Saar – Bücher, das morgen officiell überreicht wird. Saar
729 2809 2114 2997 wäre höchst erfreut, die in dem Aufe vertretenen Autoren¬
3878 605 4175 766 sd i Sprecht
3061 658 4192 871 Kreifstein, 21.8.29  Waldhobel kreuz.
2631 732 3092 876 Liebster Arzue.
3778 780 4192 946 slein aßkondten.
2878 841 3585 976 mir ist schon längst bange
2658 915 3590 1061 nach Ihnen; wir denken Ihrer oft
2653 1015 3609 1158 und sprengen von Ihnen, dem so mehr
2668 1095 4553 1278 „abhanden“ gekommenen – wann Herrn K. Arthur Schmitzler
2675 1193 3568 1341 gibts einmal ein Wiedersehn??
2787 1283 3583 1419 Hier ists schön, trotz zu vielen
2656 1368 3617 1527 kühlen Vatters und gegen brießliche
2668 1444 3653 1597 Plage – aber man kommt doch wieder
2675 1556 3702 1683 zu sich. — Anfangs september hier wie
3914 1475 4314 1710 Wien 18
2666 1634 3717 1795 in Wien – Feien Sie bis dahin gewicht
2678 1724 3514 1878 an uns gefertt verlassen. Ihr
3761 1688 4529 1890 Hernwartestraffen + 1
2614 1758 3602 1992 vialo herzliche Grüsse A. Speck N.Y.
4204 2085 4634 2361 6.10.30 T
3212 2197 3363 2385 G.C.P.
2814 2275 3292 2502 hiersten Arthun.
2817 2388 4607 2605 ich wollte Ihnen immer wieder telephonieren, nun aus fehnsucht,
2831 2539 4607 2717 wenigstens Ihre Stimme endlich einmal nieder zu hören – da muß
2807 2641 4619 2827 mir passieren, daß mir Ihre neue Nummer in Verlust gerät, die Sie
2856 2785 4619 2929 nur bei unserm letzten Beisammensein mitteilten. Vollen
2656 2846 4619 3070 sie mich nicht während irgendeiner Abendstunde anrufen und sie mir
2870 2997 4617 3185 nochmals sagen? Damit wäre auch mein Punctch erfüllt, einen Land
2875 3131 4673 3280 von Ihnen zu vernehmen und zu hören, wie es Ihnenn ergeht und was
2863 3241 4678 3397 Sie Schönes schaffen? Ich hatte wieder schlechte Zeilen, aber auch, wie ich hoffe.
2873 3348 4704 3495 gute Arbeit; und mancherlei Tagen und körperliche Schmerzen dazu.
2873 3453 4780 3656 Kufen Sie an, Arthur, und seine Sie in aller Liebe gegrüßt. Die Mutter
