4342 4584
886 397 3221 669 und zEITSCHRIFT FÜR MUSIX UND THEATER
3361 503 3641 640 ...
3703 523 3919 672 P.S.
1607 637 2873 766 Wien, IX., SCHWARZSPANIERSTRASSE 15.
2312 976 3440 1166 Wien, 13. August 1909
1549 1374 1967 1572 lieber Cathar.
1452 1616 3525 1838 daß die nicht gleich mitthun können, kränkt mich sehr; könnten nicht doch ein
1312 1803 3577 1993 paar Ayjoriomen o.g. über Musik oder Theater für das 1. Haft abfallen? Es wäre mir
1303 1941 3647 2157 Ob hieb, etwas von Chren, die zu haben. Oder: erär’ es nicht möglich, den Pantonimen
1306 2046 3580 2353 teil zu Dohnangi’s. Ichlein der Pierrette“ zuerst kein uns zu veröffentlichen. Z
1315 2206 2198 2396 wäre tete glücklich, wenn ginge.
1625 2379 3545 2601 Und: Nach ich wenigstens Ihren Namen auf die Kiste der Mitarbeiter
1312 2516 3601 2756 setzen. Die Antwort war nicht positiv genug, daß ich das hätte wagen dürfen.
1318 2659 2925 2890 ohne nochmals ausdrücklich um diese Erlaubnis anzufragen.
2174 2905 2928 3110 In herzlicher Ergebenheit
2838 3069 2972 3250 P.
2762 3159 3232 3440 Bunnen
1131 3247 2388 3425 Zy bis bis 18. 18 in Unterach, dann in Wien.
1116 3416 2212 3636 Empfehlen die mich Stee Frau aufs beste!
