5638 4585
3125 522 3578 765 G.C.H.F.P.
3673 544 3993 799 V. P. I. S.
3056 858 3620 1089 Wien, 24.II.1904
2378 1291 2837 1463 Lieber Arthur,
2232 1518 3667 1690 mit diesen herzlichen Grüßen sende ich Ihnen meinen
2040 1684 3665 1831 5. Hebbelband. - der 6. kommt gleich nach – und, auf
2042 1852 3659 1999 besonderen Wunsch des jungen Autors, Mells, Lateinische
2064 2014 3643 2167 Erzählungen, die er Ihnen durch mich überreichen läßt (er
2054 2190 3655 2321 selbst ist zu schüpfern dazu) und die Sie mit interessiren werden.
2388 2335 3637 2485 Ich würde mich sehr freuen, wenn ich Sie vor
2046 2451 3645 2619 den Sommerferien noch am Mal gehen könnte. Nach ich Sie
2058 2633 2985 2752 einmal aufsuchen, — und wann?
2360 2742 3659 2938 Empfehlen Sie mir Ihrer Frau Gemahlin und seien
2048 2894 2653 3135 Sie herzlich gegrüßt.
2744 2930 3714 3230 Hr Ruhardssen
