5604 4632
2956 1120 3476 1268 13.1-.1899
2329 1360 2888 1623 Lieber Arthue,
2322 1664 3499 1838 können und wollen Sie morgen
2191 1772 3484 2002 Abends bei uns sein. Kammermusch
2198 1953 3448 2101 (Beethoven op. 59 f. der Quartett, Tschaï¬
2198 2079 3421 2209 Rowsky D-der, Klavierquintet von
2193 2173 3385 2354 Bvorak oder Schumann.). Casse
2193 2349 3494 2525 will – aber da kann ich kein Programm
2193 2487 3494 2704 beifügen. Wir fangen um 7 Uhr, schuteten,
2204 2653 3489 2809 ½ 8 Uhr an, — was natürlich nicht finder.
2170 2782 3490 2993 daß Sie auch in jeder späteren Stunde (vor
2150 2960 3436 3122 (Mitternacht aber) den Meinen und nur
