6758 4689
2435 306 2735 446 Speilt
886 349 1082 441 6.6.10
3581 332 3772 528 Hz
3143 389 3331 519 ÄVEN
2930 448 3357 604 BRIERRA
2348 512 3152 677 Alles nebe und gänzliche wir uns
523 509 1214 698 die Legatur. Elektra liegt
2324 625 3223 780 beiden, liebe freunde; schön ist hiert
420 625 1195 799 bereit. Hollten sie nicht anders des
1836 738 2178 849 Kap. I
2313 700 4206 957 und es geht uns ganz gut; aber beim Jann u. Frau K. Ärttner Schnitzler
401 766 1212 889 Zoniren, so mraite ich die 10 Minuten
2317 860 3218 995 am 3. oct 4. tägt. bin ich in Wien – was
1264 816 2148 976 Jener Dr Arthur Schnitzler
403 835 1207 1000 vor Oeginn der Vorstellung unter den
2322 950 3140 1106 de ich auch erzälen können, daß
464 955 1231 1089 Arhaden der Hofagen auf der Kärtelner
3324 931 4093 1113 18 Bernwartestrasse 31
460 1035 1235 1202 straßen seite (wo das Alumengeschuß
2299 1080 3190 1240 meine Vorgefühle mich nicht getäuscht
408 1139 1169 1290 Heinrich floh ist.) Ich sieu' mich sehr.
3536 1099 3789 1238 Wien
1490 1132 1761 1290 Wien 18
2315 1150 3234 1363 haben. Herzließt und in früher Erwartung
3536 1249 3789 1323 w.
429 1231 1247 1353 die Elekter“ in drei Gesellschaft zu genißen.
2306 1287 2888 1414 guten Wiedersehens Sr.
1393 1271 2082 1448 Sternwarteshale 71
387 1330 1129 1450 Inssichste Geiste im Hand zu Haus
3440 1313 3906 1504 besterreich
2287 1358 3206 1551 17 8 Uitg. Firma F. B. den Middelburg
778 1419 1108 1514 Onnon
2386 1530 3218 1697 Brief nach Hamburg, Stadtheater!
644 1539 2228 1730 wörtig am 4. August!) und mir Ihre Striche im „Prantag“ anzu¬
2690 1671 3197 1770 Jesuitenkirche 14.11.21.
648 1716 2195 1803 geben? Ich war' Ihren sehr dankbar und verspreche Ihnen, mindestens
2438 1733 3194 1869 Kleiter Arthur, viele herzliche Grüß von
464 1749 2185 1917 „ so gut vorzulesen, wie die meistern Vortragskündlich“. die das ge¬
2433 1836 3204 1938 unterwagig uns gehts gut, ich hatte viel
655 1893 1068 2004 wohnlich betragen.
2435 1921 3249 2035 Erfolg nur es scheint sich manches latens:
780 1926 2197 2084 zu wäre, als Sie nicht herkommen! Umso mehr, auf wir uns
2431 1999 3258 2122 eileichternde zu fügen. Morgen geher nach¬
377 2042 2178 2174 dann sämmtlich doch erst spät im Herbst sehen: ich muß vom 6. - 22. August
3310 2016 4116 2176 Herrn Dr Arthur Schnitzler
2438 2091 3253 2204 Zimbrung weiter. Zum Nov. mache ich sie
408 2126 2240 2247 als berichtestellen für die vassische Zeitung zu den Salzburger festzielen und mit
2431 2159 3296 2315 über die „Toriser“ Zennhäusestenbeitung.
410 2195 2174 2353 das doch nicht auslassen – so wenig gelesen es uns kommt. Ist es denn ganz
2433 2268 3277 2395 dann kommen wir seine – der Acontermine
429 2291 2152 2433 ausgeschlossen, daß Sie sich das „Latzungen“ auf dem Maga auch
2431 2339 3272 2464 ist in Darmbert auf den Jannen geschoten,
427 2367 2084 2541 München anschauen und daß man sich wenigstens in Legbung trifft?
2433 2416 3272 2558 werden. - Mit Fischer bin ich endlich wunsch¬
3522 2414 3883 2560 Wien 18
759 2438 2228 2579 betreiten sie und? Ich sitge über meinem kleinen Ragnicat.
2449 2501 3227 2614 gemäß einig geworden; ich trage jetzt
441 2553 1634 2683 Auchel, das mir nicht eben leicht von der Hand geht.
2433 2593 3258 2699 im Kopf dies aus, was dann in Wien gleich
3536 2567 4199 2702 Sternwarteströpe 71
816 2577 2240 2732 und fischer wird nicht und nicht fertig – es ist zum Verzweifeln.
2409 2650 3263 2768 m Tayur soll. So denke ich Ihres gebührlich und
365 2633 681 2798 am Maure am
2407 2709 2659 2805 Unwiederich
792 2702 2108 2846 ferin Sie aufmals und herzlich gegenst etc
2376 2768 2657 2862 them acct on
2846 2737 3312 2853 liebe. Ihr Unarössen
365 2770 523 2841 lich!
2445 2864 3421 3025 Specht, Amsterdam. Pension Datels
401 2923 1620 3131 Speine Mayrkopn kr 30r Postkarte
2449 2989 3079 3114 de dai ressestraat 40
3187 3006 3400 3147 P.S.
738 3034 1891 3211 aus dem Verlag der Wagner'scher
3289 3112 3930 3244 BRIEFKAART
2466 3135 3423 3315 Liebste Anthon, ich grüße Sie für zweiten,
835 3157 1822 3286 Universitäts-Buchdruckeref
2466 3263 3388 3385 Ob ich vom Zweigen in demnitz der heiß
1127 3265 1620 3348 Innsbruch
2468 3338 3484 3473 nißlichen Gegarren und sonstigen „Conclaren“
481 3374 997 3463 WALTER KÜHN-SERIE
1869 3350 2112 3513 M3
415 3400 1172 3520 ich wieder einmal Ihr Kosten: ich
2485 3416 3343 3550 dingen so müde bin. Ich nun an die
3454 3428 4279 3588 Herrn Dr. Arthur Schnitzler
403 3494 1181 3612 Driege als magen Arbeitrausten.
2454 3510 3400 3656 Luft Zollends, weil ich nicht – aber wie es
415 3567 1172 3671 eineNovelle mit (daran hoff Ihm
2466 3605 3322 3751 Von ich. Verfännt, wie schon lange nicht.
415 3572 2152 3779 einmal gefallen hat) aus mögte es Herrn Dr Arthur Schnitzler
415 3718 1160 3810 sehr von Ikam Riktum abfängig
2525 3722 3341 3852 mir sie? Es wann lieb, wenn einen
427 3779 1160 3876 machen, was ich damit nun soll.
1414 3737 1782 3904 Wien 18
3647 3746 4015 3878 Wien 18
2461 3793 3334 3942 Zeite am Ihnen mich auf die (bis zum
415 3852 1181 3949 durch ein bisses Geldendienstände
2449 3899 2850 4005 8 Mai) amüsse
429 3916 1193 3998 halb’s damit völligraus er je. - Alle
1365 3873 2150 4055 Hernwarteshofe 71
434 3968 1172 4055 auch xyz innebruße Grüße im meinen
3579 3918 4262 4102 Hernwarteshofe 71
2652 3954 3437 4111 von gegen die Mitte.
420 4027 1127 4149 Frau und Heim überauf
2407 3998 3180 4199 tuch von mir schönste Grüsse!
2954 4086 3416 4239 Ihre Weindabssecht.
4406 344 4635 502 9.1.19
4401 460 5255 592 lieben Arthur, ich telefonier Sie
4413 533 5267 667 his Anfang dezember röchentlich
4425 629 5297 752 3 - et mal an und niemals melden
4444 705 5274 842 lich war – haben sie eine neue Nun
5344 698 6224 912 Jener Dr. Arthur Schnitzler
4449 790 5286 903 men? Dann sagen sie sie nur, um
4458 860 5278 1007 tagen sie mir auch, ob es Olga nach
4479 945 5311 1075 Ihnen recht wäre, wenn ich einen
4489 1040 5295 1141 der nächsten Abende bei Stüen der
4472 1075 5314 1240 brächte. Ich fühle mich trotz aller Ar¬
4491 1167 5321 1315 beit recht leer und einsam und es
5630 1162 6007 1294 Wien 18
4500 1254 5323 1403 wäre nur Ehrrichung, eine Stunde
4484 1332 5352 1469 mit Menschen zu verbringen, die mir
5540 1337 6287 1516 Sternwarteshafte 71
4489 1412 5356 1530 gut sind. Und das sind sie doch nach?
4569 1485 5344 1610 von Herzen H. Timark,
5146 1716 5684 1867 Postkahme
4460 1796 5840 1980 Siamms, 15.III.U.AUS DEMVERLAGE DER WAGNER'SCHEN UNIVye
5130 1917 5731 2011 BURCHDRUKEREI, INrerseauCK
4508 1945 5071 2096 WALTER KÖHN-SERIE
4470 2025 5389 2214 Liebe Archiv. könnte kank für Ihren Auf¬
4467 2169 5352 2289 uns ihre Zigarreniktion; ich überlasse es ganz
5408 2164 6233 2350 Johann Dr Johann Sonntzler
4456 2251 5344 2367 Ihrer Münigung. die viele Sie mir überlassen,
4460 2334 5344 2457 und die natürlich mit Ihrem Vorschlag durchaus in
4456 2414 5368 2548 verstanden. Wir kennen hier durch, hof dem 2
5594 2466 5941 2638 mein 18
4456 2492 5368 2631 wunderthon ist - aber das Essen d. misserkt,
4460 2584 5368 2706 im Regenbetrag hat sich schon eingestellt
4449 2655 5370 2782 (nebenstei bin ich heute - auch meine ersten dieses
5540 2614 6264 2796 Hernwartestocke 7
4460 2746 5363 2841 jährigen Zättentrung steif wie ein Stock, lehre
4437 2805 5403 2945 wie ein Carrengeul und dese bei jedem Spill).
4484 2961 5726 3180 Erben, Maynokon im Octobr.
4529 3034 5130 3171 ville, Eberhärter, Troc
4795 3126 5967 3279 aus dem Verlag der Wagner'schen
4901 3225 5894 3392 Universitäts-Buchdruckere
4467 3312 4658 3400 26.8.21
5189 3319 5705 3416 Innsbruch
4503 3430 5000 3524 GUIDO HEIGL-SERIE
4470 3508 5177 3616 Liebe Xthin. kommen Sie doch fas:
4460 3572 5191 3685 Hübsche Zimmer gutes Ehm. schöne
5253 3522 6108 3701 Jenn a Arthur Schmitzler
4467 3654 5208 3751 können, mögliche Preise – es gefiele Stra¬
4460 3722 5191 3819 sichen. Und uns weis ein Lüssel, recht,
4472 3789 5191 3885 Dafern Sommer des Mißengnügens nödige
4465 3836 5165 3930 ein merkliches Gesicht zu sahen, ein
5481 3805 5783 3982 Wien 18
4460 3902 5161 3994 mentchlicher Wort zu seien. Wo sind Frau
4727 3963 5177 4048 Ihnen. Sie schweigen jetzt
4562 3965 4739 4083 a ppe ee
4727 4003 5208 4097 lange. Wien Sie durch
5415 3972 6085 4128 Sternwartestr. 71
4453 4067 5170 4149 Kühl geschäft. Und wenns gegen kommen die
4425 4123 5090 4210 ### Ia Maaßen
