5629 4665
1161 1360 2687 1524 wenn ichs halbwegs gut ausführen konnte. - Wollen
1163 1493 2747 1672 Sie war was von Ihrem neuen Stück verrathen? Und was
1175 1645 2082 1774 ist's mit der „kleinen Comödin“.
1497 1780 2710 1926 sch war Ihnen herzlichst dankbar, wenn Sie
1151 1908 2761 2037 bald wieder von sich hören ließen und mir auch Geschichten
1126 2041 2773 2222 aus der Spreuenstadt im Allgemeinen und aus dem Bungtheater
1140 2209 2786 2359 ein besonderen erzählen wurden. - Um wurde gestern bahrs
1169 2349 2740 2517 Auflag über Liebelei gefauert, - er ist ein bissel gefür,
1188 2494 2798 2652 feind’ ich. Als schriftsteller kann mich Bahr durch nichts mehr
1194 2642 2781 2823 überratchen. – wie sich aber endlich in dem Umschen am
1175 2802 2675 2956 kennen wurde. der doch, - für mich wenigstens – trotz aller
1179 2954 2738 3122 möglichten Fachen so viel Sympathischer hat. — Wird die
1175 3065 2827 3264 Wolter weiterspielen, - oder war das um ein Ehrenabend,
1163 3225 2726 3385 ein versteckter Abschied. Und wie gefällt Ihnen Kutscherr ein
1151 3366 1524 3534 Bürgtheater?
1342 3506 2773 3713 Neben Sie recht wohl, lieber freund; ich will jetzt den
3996 542 4226 695 1,1
2915 1280 4535 1493 freien Samberg Nachmittag benützen, um mir wir paar
2933 1411 4316 1594 Bilder anzusehen; vielleicht für ich da was Schönes.
3192 1561 3666 1698 schreiben sie bald.
3227 1686 4033 1842 herzlichste Grüße von Ihrem
3686 1817 4361 2059 Anhausung
