3832 4232
3177 333 3318 541 18
984 559 2391 823 Sie: Komm nach einen Moment!-
1009 789 1876 987 Er: (zu ihr) Nun?
1024 918 3551 1194 Sie: Wirst du mir morgen auch wieder so bald davonlau-
1244 1172 1524 1329 f en?-
1037 1298 1537 1527 Er: Ne in.
1040 1424 3403 1706 Sie: Wirst du mich morgen wieder so roh behandeln?
1046 1700 1552 1864 Er: Ne in.
1050 1785 2998 2039 Sie! Wirst du morgen auch so falsch sein?
1059 2039 1640 2206 Er: Ne in! -
1072 2143 3491 2363 Sie! (indem sie ihn heftig umarmt) Geh,geh! - (sie
1307 2376 2454 2545 hüllt sich in die Decke)
1348 2517 3542 2709 (geht rasch; schliesst die Tür.Er ist im Vorzim-
1087 2605 1248 2743 Er:
1285 2674 3658 2872 mer.Nachdem er Pelz und Hut genommen, zündet er ein
1336 2825 3491 3055 kleines Wachskerzchen an,betritt das stiegen
1342 3070 3548 3224 haus, geht die Treppen hinunter. Er läutet beim
1342 3186 3501 3454 Portier; dieser ist taub und öffnet erst nach
1361 3403 3491 3617 dreimaligem Läuten. Auf der strasse liegt der
1364 3576 3560 3787 Schnee fusshoch, da die Schneeschaufler erst um
