3800 4200
1073 527 3446 766 Sie! Zuweilen tust du das auch im Nachhausegehen?!
1083 804 3575 970 gr: (lächelnd) Na, das ist schon wahr, dass ich manch-
1331 960 3271 1143 mal im Halbechlummer nach Hause spaziere.
1105 1161 3528 1318 Sie! Du bist eigentlich ein sonderbarer Mensch - du
1340 1318 3035 1503 tust überhaupt nichts als schlafen.
1121 1456 2652 1679 Er: (erhebt sich ein wenig) '!!
1121 1613 3371 1858 Sie! Du schläfst bei dir, du schlafet bei mir, du
1362 1905 2342 2040 schläfst auf dem Weg
1384 1968 3459 2188 (resigniert) Na... gut...da verlanget du wohl
1124 2065 1303 2216 Er:
1368 2175 3428 2398 nicht, dass ich mich verteidige. Es verletzt
1375 2323 3484 2567 dich, - dass ich es überhaupt Über mich bringe,
1381 2621 2304 2743 von dir wegzugehen.
1152 2753 3509 2972 Sie! Es verletzt mich durchaus nicht. Ich sage dir
1387 2972 3528 3154 ja bereits seit zwei Stunden, dass du weggehen
1400 3158 1764 3293 sollet.
1155 3302 3675 3446 Er! Dass ich es kann,nicht dass ick es soll
1168 3449 3534 3745 Sie! Nun, warum gehet du nicht? warum bist du nichts
