3560 4136
612 505 3084 820 Er! Siehet du, wenn ich un zwei weggehe, komme ich um
845 741 2996 934 halb drei nachhause: nicht wahr?... Denn ich
864 858 2958 1082 hab noch nie einen Wagen um zwei in der Nähe
861 1060 3047 1312 deines Hauses gefunden; ich muss also immer zu
864 1315 1416 1473 Fues gehen.
924 1438 2056 1640 Oh, das sind strapazen! -
653 1482 877 1646 Sie:
896 1608 2980 1804 Ich sage ja nicht, dass das Strapazen sind...
650 1684 864 1845 Sr:
896 1763 3062 2012 fällt mir gar nicht ein - obwohl ich de in Ge -
911 1943 3182 2141 sicht sehen möchte, wenn du jetzt auf die Strasse
918 2170 1835 2324 hinaus müsstest!...
697 2268 3028 2514 3i»; Für dich?... Für dieh? - Ach, da tät ich wohl
930 2532 1902 2700 noch manches andere!
940 2624 3160 2845 Ich wahrhaftig auch! Aber ich wollte nur sagen:
716 2690 877 2873 er:
949 2807 3229 3040 um halb drei bin ich erst zu Hause. Sie ich mich
968 2980 3065 3192 dann niederlege, sin paar Seiten gelesen habe,
959 3170 3283 3441 das Licht auslösche, wird es doch regelmässig halb
978 3403 1233 3595 vier.
747 3491 3286 3744 Sie! Dass du eine Stunde zum Lichtauslöschen brauchet!
