3544 4136
718 685 2327 918 endlich einmal begreifen. Nicht?...
724 839 3094 1076 Sie! Halt ich dich denn? - Ich versteh dichbnicht!
727 1036 3163 1236 gr: Du bist bel=idigt, ich merk'e ja. Du meinst, ick
957 1206 3142 1463 hab dich nicht lieb... Ich bete dich ja an! -
979 1354 3272 1633 Schau... das musst du doch begreifen, nicht wahr?-
1000 1533 3306 1745 Man kann jemanden wahnsinnig lieben und muss doch
991 1745 2794 1973 um acht Uhr früh aufstehn; nicht wahr?
758 1897 2697 2166 Sie! Na so geh nur,ee ist ja gleich acht.
1000 2082 3224 2285 (mit unvergleichlicher Milde) Ich habe ja nicht
758 2142 927 2327 Er:
1000 2260 3275 2494 behauptet, dass es gleich acht ist. Aber bevor es
1003 2436 3233 2633 acht wird, muss ich nämlich ein wenig geschlafen
1009 2642 1318 2772 haben.
1024 2630 3182 2915 Du hättest auch schon un zehn weggehen können.
782 2733 997 2948 Sie:
1024 2897 3166 3085 (w. o.) Es war für mich durchaus kein Grund, um
788 2978 954 3151 Er:
1024 3051 3306 3294 zehn wegzugehen, es genügt, wenn ich um halb zwei
1036 3266 3191 3521 weggehe, oder auch um zwei. Denn... Du, schatz,
1027 3491 1673 3642 höret du...?-
803 3691 1321 3918 Sie: Ja!...
