3544 4120
933 583 3086 837 mieszuverstehn - nein! - Ich sag' auch nicht -
939 778 2928 970 dass man nicht zuweilen mit vier oder fünf
939 948 3077 1150 Stunden Schlafe genug hat; aber, Kind, erinnere
945 1112 3213 1379 dich doch; gestern war'e fünf,wie dahvon dir weg¬
948 1360 1587 1534 gegangen bin.
713 1466 3204 1692 sie: Hab ich dich vielleicht gestern zurückgehalten? -
954 1689 3247 1825 Und im übrigen hast du dich einfach verschlafen!-
961 1872 3334 2020 Ja! von eine bis fünf hast du geschlafen, so ruhig!-
961 2017 3217 2222 Das heiset, r u h 1 g kann ich nicht sagen, denn
982 2219 1931 2398 du haet geschnarcht.
738 2402 2770 2541 Er: Das ist ein Unsinn. Ich schnarche nie.
747 2569 3117 2745 Sie! Na ja, du haste ja gut, du schläfst ja dabei, da
985 2767 3136 2900 kannst du’s nicht hören.- Ich vereichere dich,
985 2941 3247 3111 du schnarchst.... So... hörst du? (sie schnarcht)
995 3102 2882 3251 Wehn du glaubet, dass das sehr schön ist
1004 3238 3161 3514 Ah, das ist eine Erfindung von dir! - Ich kenne
753 3325 927 3446 Er:
992 3443 3114 3650 Dich! - Du willet mir das Schlafen verleiden,
1050 3660 3201 3836 Oh gewies, gewiss! noch niemand hat mir gesagt,
