3832 4216
3233 391 3370 599 15
951 560 3385 820 Sie! (setzt sich auf und betrachtet ihn, wie er eben
1193 793 2625 1005 seine Weste zuknöpft) Egoist! -
1187 939 3300 1153 Warum findest du denn plötzlich, dass ich ein
951 1020 1123 1181 Er:
1190 1163 1829 1387 Egoist bin! -
960 1290 3385 1511 Sie! Ach Gott! - Ein Mann! - Ich bin eben nur immer
1205 1480 3494 1665 die Dumme, die das noch nicht weghat, wie man Euch
1193 1683 1932 1856 behandeln muss!
1199 1820 2973 2031 Das kommt mir auch manchmal so vor! -
966 1895 1160 2068 Fr:
981 2010 3409 2198 Sie:  Herzlos! Kalt! Dürr! Vertrocknet! (schüttelt
1226 2189 3364 2377 sich. Sie legt sich wieder nieder und vergräbt
1232 2395 2979 2555 sich bis unter die Nase in die Decke)
1223 2519 3451 2737 (ist vollkommen angekleidet und stellt sich vor
990 2619 1184 2788 Er:
1220 2734 3236 2934 sie hin) Also warum bin ich eigentlich ein
1226 2900 1583 3100 Ego ist?
1002 3067 2095 3282 Sie: Frag mich nicht! -
996 3309 3418 3488 Er! Du willet mir nicht sagen, warum ich ein Egoist
1269 3451 3239 3657 bin? - Weil ich eine Orange gegossen habe?
