<?xml version="1.0" encoding="UTF-8" standalone="yes"?>
<PcGts xmlns="http://schema.primaresearch.org/PAGE/gts/pagecontent/2013-07-15" xmlns:xsi="http://www.w3.org/2001/XMLSchema-instance" xsi:schemaLocation="http://schema.primaresearch.org/PAGE/gts/pagecontent/2013-07-15 http://schema.primaresearch.org/PAGE/gts/pagecontent/2013-07-15/pagecontent.xsd">
    <Metadata>
        <Creator>prov=READ-COOP:name=TrHtr:version=2.1.0:model_id=51170:date=30_07_2023_05:51</Creator>
        <Created>2023-05-10T13:46:34.674+02:00</Created>
        <LastChange>2023-07-30T05:51:10.317+02:00</LastChange>
        <TranskribusMetadata docId="1428591" pageId="55414272" pageNr="41" tsid="131484574" status="IN_PROGRESS" userId="64420" imgUrl="https://files.transkribus.eu/Get?id=OENSXYYKTJRHLVSDRVVLJWOU&amp;fileType=view" xmlUrl="https://files.transkribus.eu/Get?id=VNVATQKGIEJTJVLMZWLHDDLB" imageId="44688406"/>
    </Metadata>
    <Page imageFilename="1428591_0041.jpg" imageWidth="3480" imageHeight="4136">
        <ReadingOrder>
            <OrderedGroup id="ro_1711790533519" caption="Regions reading order">
                <RegionRefIndexed index="0" regionRef="tr_1"/>
                <RegionRefIndexed index="1" regionRef="tr_2"/>
            </OrderedGroup>
        </ReadingOrder>
        <TextRegion id="tr_1" custom="readingOrder {index:0;}">
            <Coords points="677,424 3201,424 3201,2239 677,2239"/>
            <TextLine id="tr_1_tl_1" custom="readingOrder {index:0;}">
                <Coords points="2852,539 2877,539 2889,530 2908,533 2924,517 2965,536 2990,536 2993,389 2971,389 2933,357 2914,354 2886,370 2871,360 2855,360"/>
                <Baseline points="2870,474 2912,477 2957,474 2993,474"/>
                <TextEquiv>
                    <Unicode>18</Unicode>
                </TextEquiv>
            </TextLine>
            <TextLine id="tr_1_tl_2" custom="readingOrder {index:1;}">
                <Coords points="667,667 1188,696 1391,658 1514,718 1670,658 1818,708 2059,680 2059,592 1987,570 667,526"/>
                <Baseline points="686,653 725,650 769,650 814,650 859,650 904,650 948,650 993,650 1038,650 1083,653 1128,650 1172,650 1217,650 1262,650 1307,650 1351,653 1396,650 1441,650 1486,650 1530,650 1575,653 1620,653 1665,656 1709,656 1754,656 1799,656 1844,656 1888,656 1933,656 1978,653 2023,650 2068,647"/>
                <TextEquiv>
                    <Unicode>Sie! Komm nach einen Moment!-</Unicode>
                </TextEquiv>
            </TextLine>
            <TextLine id="tr_1_tl_3" custom="readingOrder {index:2;}">
                <Coords points="674,893 890,865 978,924 1056,899 1147,934 1382,868 1539,896 1539,752 1504,740 1304,765 1078,727 865,771 743,733 674,749"/>
                <Baseline points="692,829 695,829 740,826 784,829 829,829 874,829 919,826 963,832 1008,829 1053,829 1098,829 1142,829 1187,829 1232,829 1277,829 1321,829 1366,829 1411,826 1456,826 1501,826 1545,826"/>
                <TextEquiv>
                    <Unicode>er: (zu ihr) Nun?</Unicode>
                </TextEquiv>
            </TextLine>
            <TextLine id="tr_1_tl_4" custom="readingOrder {index:3;}">
                <Coords points="677,1087 3196,1022 3134,912 1128,950 677,881"/>
                <Baseline points="695,1005 740,1005 784,1002 829,1005 874,1005 919,1002 963,1005 1008,1005 1053,1005 1098,1005 1142,1005 1187,1005 1232,1005 1277,1008 1321,1005 1366,1005 1411,1005 1456,1005 1501,1008 1545,1008 1590,1011 1635,1011 1680,1011 1724,1011 1769,1011 1814,1011 1859,1011 1903,1011 1948,1008 1993,1008 2038,1008 2082,1008 2127,1008 2172,1008 2217,1005 2261,1005 2306,1008 2351,1008 2396,1008 2441,1008 2485,1008 2530,1008 2575,1008 2620,1008 2664,1008 2709,1011 2754,1008 2799,1008 2843,1008 2888,1008 2933,1008 2978,1008 3022,1008 3067,1008 3112,1005 3157,1005 3201,999"/>
                <TextEquiv>
                    <Unicode>Sie! Wirst du mir morgen auch wieder so bald davonlau-</Unicode>
                </TextEquiv>
            </TextLine>
            <TextLine id="tr_1_tl_5" custom="readingOrder {index:4;}">
                <Coords points="906,1219 934,1228 1003,1191 1081,1213 1119,1188 1169,1206 1172,1103 1147,1103 1119,1122 1103,1106 1040,1125 965,1094 909,1100"/>
                <Baseline points="925,1175 954,1175 999,1175 1044,1175 1089,1172 1133,1172 1178,1166"/>
                <TextEquiv>
                    <Unicode>fen? -</Unicode>
                </TextEquiv>
            </TextLine>
            <TextLine id="tr_1_tl_6" custom="readingOrder {index:5;}">
                <Coords points="683,1382 846,1410 896,1388 940,1410 1012,1369 1044,1391 1153,1366 1191,1376 1191,1304 1163,1294 1094,1304 1065,1285 1022,1307 946,1266 890,1266 859,1238 787,1257 686,1244"/>
                <Baseline points="701,1360 707,1360 752,1354 796,1354 841,1354 886,1354 931,1354 975,1351 1020,1351 1065,1351 1110,1351 1154,1354 1199,1354"/>
                <TextEquiv>
                    <Unicode>gr: Ne in.:</Unicode>
                </TextEquiv>
            </TextLine>
            <TextLine id="tr_1_tl_7" custom="readingOrder {index:6;}">
                <Coords points="680,1592 2416,1532 2629,1598 3015,1561 3015,1454 680,1470"/>
                <Baseline points="698,1533 740,1530 784,1527 829,1527 874,1527 919,1527 963,1524 1008,1527 1053,1527 1098,1527 1142,1530 1187,1530 1232,1530 1277,1530 1321,1530 1366,1530 1411,1530 1456,1530 1501,1530 1545,1530 1590,1530 1635,1530 1680,1530 1724,1533 1769,1530 1814,1530 1859,1530 1903,1530 1948,1527 1993,1527 2038,1527 2082,1527 2127,1527 2172,1527 2217,1527 2261,1527 2306,1530 2351,1533 2396,1533 2441,1530 2485,1530 2530,1530 2575,1527 2620,1527 2664,1527 2709,1527 2754,1527 2799,1527 2843,1527 2888,1527 2933,1527 2978,1527 3022,1524"/>
                <TextEquiv>
                    <Unicode>Sie: Wirst du mich morgen wieder so roh behandeln?</Unicode>
                </TextEquiv>
            </TextLine>
            <TextLine id="tr_1_tl_8" custom="readingOrder {index:7;}">
                <Coords points="674,1730 862,1714 934,1755 981,1755 1128,1708 1172,1717 1175,1626 1018,1636 975,1614 893,1673 818,1639 796,1655 677,1648"/>
                <Baseline points="692,1700 737,1703 781,1703 826,1703 871,1697 916,1700 960,1700 1005,1700 1050,1700 1095,1700 1139,1703 1181,1703"/>
                <TextEquiv>
                    <Unicode>pr: Nein.</Unicode>
                </TextEquiv>
            </TextLine>
            <TextLine id="tr_1_tl_9" custom="readingOrder {index:8;}">
                <Coords points="677,1949 1570,1996 1883,1880 2604,1977 2607,1802 2460,1761 2021,1824 680,1802"/>
                <Baseline points="698,1877 734,1877 778,1877 823,1877 868,1877 913,1877 957,1877 1002,1877 1047,1877 1092,1877 1136,1877 1181,1877 1226,1874 1271,1877 1316,1877 1360,1877 1405,1877 1450,1877 1495,1877 1539,1880 1584,1877 1629,1880 1674,1877 1718,1877 1763,1877 1808,1874 1853,1874 1897,1874 1942,1874 1987,1874 2032,1877 2076,1874 2121,1877 2166,1877 2211,1874 2256,1874 2300,1871 2345,1874 2390,1874 2435,1874 2479,1874 2524,1874 2569,1871 2614,1874"/>
                <TextEquiv>
                    <Unicode>Sie! Wirst du morgen auch so falsch sein?</Unicode>
                </TextEquiv>
            </TextLine>
            <TextLine id="tr_1_tl_10" custom="readingOrder {index:9;}">
                <Coords points="661,2112 874,2053 962,2103 1100,2071 1232,2084 1235,1955 1156,1952 1103,1984 1047,1971 1006,1996 865,1965 777,1996 746,1977 664,1996"/>
                <Baseline points="677,2056 704,2056 749,2053 793,2053 838,2053 883,2050 928,2050 972,2050 1017,2050 1062,2050 1107,2050 1151,2047 1196,2044 1241,2038"/>
                <TextEquiv>
                    <Unicode>Er: Ne in! -</Unicode>
                </TextEquiv>
            </TextLine>
            <TextLine id="tr_1_tl_11" custom="readingOrder {index:10;}">
                <Coords points="671,2250 1138,2306 2316,2225 2808,2347 3084,2263 3084,2140 671,2172"/>
                <Baseline points="689,2229 719,2226 763,2223 808,2223 853,2226 898,2226 942,2223 987,2223 1032,2223 1077,2223 1122,2226 1166,2226 1211,2223 1256,2223 1301,2223 1345,2223 1390,2223 1435,2223 1480,2220 1524,2223 1569,2223 1614,2223 1659,2223 1703,2223 1748,2223 1793,2223 1838,2223 1882,2226 1927,2226 1972,2226 2017,2226 2062,2226 2106,2226 2151,2226 2196,2226 2241,2223 2285,2223 2330,2223 2375,2223 2420,2226 2464,2229 2509,2229 2554,2226 2599,2223 2643,2223 2688,2223 2733,2223 2778,2220 2822,2223 2867,2223 2912,2223 2957,2223 3002,2223 3046,2220 3091,2223"/>
                <TextEquiv>
                    <Unicode>Sie: (indem sie ihn heftig umarmt) Geh,geh! - (sie</Unicode>
                </TextEquiv>
            </TextLine>
        </TextRegion>
        <TextRegion id="tr_2" custom="readingOrder {index:1;}">
            <Coords points="701,2349 3231,2349 3231,3653 701,3653"/>
            <TextLine id="tr_2_tl_1" custom="readingOrder {index:0;}">
                <Coords points="912,2498 1235,2419 1495,2476 1570,2447 1730,2513 1824,2473 1912,2523 1999,2485 2053,2516 2053,2310 1206,2369 912,2319"/>
                <Baseline points="928,2399 972,2399 1017,2399 1062,2399 1107,2402 1151,2402 1196,2402 1241,2402 1286,2402 1330,2402 1375,2402 1420,2405 1465,2405 1509,2405 1554,2405 1599,2402 1644,2402 1689,2402 1733,2399 1778,2402 1823,2399 1868,2402 1912,2402 1957,2405 2002,2402 2047,2399 2056,2399"/>
                <TextEquiv>
                    <Unicode>hüllt sich in die Decke)</Unicode>
                </TextEquiv>
            </TextLine>
            <TextLine id="tr_2_tl_2" custom="readingOrder {index:1;}">
                <Coords points="931,2614 2654,2582 3106,2648 3046,2504 934,2507"/>
                <Baseline points="948,2587 963,2590 1008,2590 1053,2587 1098,2584 1142,2584 1187,2584 1232,2584 1277,2581 1321,2581 1366,2584 1411,2581 1456,2581 1501,2581 1545,2581 1590,2581 1635,2581 1680,2581 1724,2581 1769,2578 1814,2581 1859,2581 1903,2581 1948,2581 1993,2584 2038,2584 2082,2581 2127,2581 2172,2581 2217,2581 2261,2581 2306,2581 2351,2581 2396,2581 2441,2581 2485,2581 2530,2581 2575,2581 2620,2581 2664,2581 2709,2581 2754,2581 2799,2581 2843,2581 2888,2581 2933,2581 2978,2581 3022,2581 3067,2578 3112,2584"/>
                <TextEquiv>
                    <Unicode>(geht rasch; schlieest die Tür.Er ist im Vorzim-</Unicode>
                </TextEquiv>
            </TextLine>
            <TextLine id="tr_2_tl_3" custom="readingOrder {index:2;}">
                <Coords points="683,2639 743,2635 755,2626 793,2639 821,2610 837,2610 837,2397 821,2397 787,2426 774,2422 752,2432 727,2454 714,2447 705,2457 683,2451"/>
                <Baseline points="701,2590 746,2584 790,2584 835,2587 841,2590"/>
                <TextEquiv>
                    <Unicode>Er:</Unicode>
                </TextEquiv>
            </TextLine>
            <TextLine id="tr_2_tl_4" custom="readingOrder {index:3;}">
                <Coords points="862,2773 3225,2783 3225,2689 2883,2632 862,2679"/>
                <Baseline points="880,2745 925,2745 969,2742 1014,2745 1059,2745 1104,2742 1148,2745 1193,2742 1238,2742 1283,2742 1327,2745 1372,2745 1417,2745 1462,2748 1506,2745 1551,2745 1596,2745 1641,2745 1686,2745 1730,2745 1775,2745 1820,2745 1865,2748 1909,2748 1954,2748 1999,2748 2044,2748 2088,2748 2133,2748 2178,2748 2223,2748 2267,2748 2312,2748 2357,2748 2402,2748 2446,2748 2491,2748 2536,2748 2581,2751 2626,2748 2670,2748 2715,2748 2760,2748 2805,2748 2849,2748 2894,2745 2939,2745 2984,2748 3028,2748 3073,2748 3118,2751 3163,2751 3207,2754 3231,2754"/>
                <TextEquiv>
                    <Unicode>mer. Nachdem er Pelz und Hut genommen, zündet er ein</Unicode>
                </TextEquiv>
            </TextLine>
            <TextLine id="tr_2_tl_5" custom="readingOrder {index:4;}">
                <Coords points="915,2977 1930,2955 2081,3021 2187,2952 2632,2949 3068,3021 3065,2867 2980,2845 915,2836"/>
                <Baseline points="931,2921 969,2918 1014,2918 1059,2918 1104,2918 1148,2918 1193,2918 1238,2918 1283,2918 1327,2918 1372,2918 1417,2918 1462,2918 1506,2918 1551,2918 1596,2921 1641,2918 1686,2918 1730,2921 1775,2921 1820,2921 1865,2921 1909,2924 1954,2924 1999,2924 2044,2921 2088,2921 2133,2921 2178,2921 2223,2921 2267,2921 2312,2921 2357,2921 2402,2924 2446,2924 2491,2924 2536,2924 2581,2924 2626,2924 2670,2924 2715,2924 2760,2924 2805,2924 2849,2921 2894,2921 2939,2924 2984,2921 3028,2918 3073,2918"/>
                <TextEquiv>
                    <Unicode>kleines Wachskerzchen an,betritt das stiegen -</Unicode>
                </TextEquiv>
            </TextLine>
            <TextLine id="tr_2_tl_6" custom="readingOrder {index:5;}">
                <Coords points="918,3146 3093,3146 3093,3005 918,3027"/>
                <Baseline points="934,3094 978,3097 1023,3097 1068,3100 1113,3100 1157,3106 1202,3103 1247,3100 1292,3103 1336,3103 1381,3100 1426,3100 1471,3100 1515,3100 1560,3100 1605,3103 1650,3103 1694,3103 1739,3106 1784,3106 1829,3106 1874,3106 1918,3106 1963,3106 2008,3106 2053,3106 2097,3106 2142,3103 2187,3103 2232,3103 2276,3106 2321,3106 2366,3106 2411,3106 2455,3106 2500,3106 2545,3106 2590,3106 2634,3106 2679,3106 2724,3106 2769,3106 2814,3106 2858,3106 2903,3106 2948,3106 2993,3106 3037,3106 3082,3109 3097,3109"/>
                <TextEquiv>
                    <Unicode>haus, geht die Treppen hinunter. Er läutet beim</Unicode>
                </TextEquiv>
            </TextLine>
            <TextLine id="tr_2_tl_7" custom="readingOrder {index:6;}">
                <Coords points="921,3312 3040,3319 3040,3221 2529,3174 921,3209"/>
                <Baseline points="940,3279 984,3276 1029,3276 1074,3276 1119,3276 1163,3279 1208,3282 1253,3279 1298,3282 1342,3282 1387,3279 1432,3279 1477,3279 1521,3279 1566,3279 1611,3279 1656,3279 1700,3279 1745,3282 1790,3282 1835,3285 1880,3285 1924,3282 1969,3282 2014,3279 2059,3282 2103,3282 2148,3282 2193,3282 2238,3282 2282,3285 2327,3285 2372,3285 2417,3285 2461,3285 2506,3285 2551,3285 2596,3285 2640,3282 2685,3285 2730,3285 2775,3288 2820,3288 2864,3288 2909,3288 2954,3288 2999,3288 3043,3285 3049,3288"/>
                <TextEquiv>
                    <Unicode>Portier: dieser ist taub und öffnet erst nach</Unicode>
                </TextEquiv>
            </TextLine>
            <TextLine id="tr_2_tl_8" custom="readingOrder {index:7;}">
                <Coords points="921,3494 3033,3525 3033,3381 2698,3353 2523,3416 921,3391"/>
                <Baseline points="940,3461 984,3461 1029,3455 1074,3455 1119,3458 1163,3458 1208,3458 1253,3461 1298,3461 1342,3458 1387,3461 1432,3461 1477,3461 1521,3461 1566,3458 1611,3461 1656,3464 1700,3464 1745,3464 1790,3464 1835,3461 1880,3461 1924,3464 1969,3464 2014,3461 2059,3464 2103,3461 2148,3461 2193,3464 2238,3464 2282,3464 2327,3467 2372,3467 2417,3467 2461,3467 2506,3467 2551,3464 2596,3464 2640,3464 2685,3467 2730,3467 2775,3467 2820,3467 2864,3467 2909,3467 2954,3467 2999,3464 3040,3461"/>
                <TextEquiv>
                    <Unicode>dreimaligem Läuten. Auf der Strasse liegt der</Unicode>
                </TextEquiv>
            </TextLine>
            <TextLine id="tr_2_tl_9" custom="readingOrder {index:8;}">
                <Coords points="921,3688 2839,3695 3096,3679 3096,3576 1865,3522 921,3585"/>
                <Baseline points="937,3637 981,3637 1026,3634 1071,3637 1116,3637 1160,3637 1205,3634 1250,3637 1295,3637 1339,3637 1384,3637 1429,3637 1474,3637 1518,3640 1563,3637 1608,3640 1653,3643 1697,3643 1742,3643 1787,3637 1832,3640 1877,3640 1921,3637 1966,3640 2011,3640 2056,3640 2100,3637 2145,3640 2190,3640 2235,3640 2279,3640 2324,3637 2369,3637 2414,3640 2458,3637 2503,3637 2548,3637 2593,3640 2637,3640 2682,3640 2727,3640 2772,3640 2817,3640 2861,3640 2906,3640 2951,3640 2996,3640 3040,3640 3085,3640 3100,3637"/>
                <TextEquiv>
                    <Unicode>Schnee fusshoch, da die Schneeschaufler erst um</Unicode>
                </TextEquiv>
            </TextLine>
        </TextRegion>
    </Page>
</PcGts>
