<?xml version="1.0" encoding="UTF-8" standalone="yes"?>
<PcGts xmlns="http://schema.primaresearch.org/PAGE/gts/pagecontent/2013-07-15" xmlns:xsi="http://www.w3.org/2001/XMLSchema-instance" xsi:schemaLocation="http://schema.primaresearch.org/PAGE/gts/pagecontent/2013-07-15 http://schema.primaresearch.org/PAGE/gts/pagecontent/2013-07-15/pagecontent.xsd">
    <Metadata>
        <Creator>prov=READ-COOP:name=TrHtr:version=2.1.0:model_id=51170:date=30_07_2023_05:51</Creator>
        <Created>2023-05-10T13:46:30.935+02:00</Created>
        <LastChange>2023-07-30T05:51:03.384+02:00</LastChange>
        <TranskribusMetadata docId="1428591" pageId="55414121" pageNr="14" tsid="131484547" status="IN_PROGRESS" userId="64420" imgUrl="https://files.transkribus.eu/Get?id=INJJKPEMTVNXSRRAGBXRVBIA&amp;fileType=view" xmlUrl="https://files.transkribus.eu/Get?id=RTKOVUFVKFIBQEIDQMINWSAA" imageId="44688255"/>
    </Metadata>
    <Page imageFilename="1428591_0014.jpg" imageWidth="3816" imageHeight="4216">
        <ReadingOrder>
            <OrderedGroup id="ro_1711790508418" caption="Regions reading order">
                <RegionRefIndexed index="0" regionRef="tr_1"/>
                <RegionRefIndexed index="1" regionRef="tr_2"/>
            </OrderedGroup>
        </ReadingOrder>
        <TextRegion id="tr_1" custom="readingOrder {index:0;}">
            <Coords points="976,394 3588,394 3588,1780 976,1780"/>
            <TextLine id="tr_1_tl_1" custom="readingOrder {index:0;}">
                <Coords points="3275,511 3319,501 3331,511 3381,476 3425,473 3431,329 3416,329 3400,313 3394,320 3334,326 3312,335 3284,332"/>
                <Baseline points="3296,453 3299,453 3344,447 3388,444 3433,444"/>
                <TextEquiv>
                    <Unicode>12</Unicode>
                </TextEquiv>
            </TextLine>
            <TextLine id="tr_1_tl_2" custom="readingOrder {index:1;}">
                <Coords points="1200,721 3322,714 3375,520 2582,624 2219,552 1739,642 1388,564 1203,642"/>
                <Baseline points="1218,707 1230,704 1274,704 1319,701 1364,698 1409,698 1454,695 1498,695 1543,695 1588,692 1633,692 1678,689 1722,689 1767,689 1812,686 1857,686 1901,683 1946,680 1991,680 2036,677 2081,677 2125,674 2170,674 2215,674 2260,671 2305,671 2349,668 2394,668 2439,668 2484,665 2529,665 2573,662 2618,662 2663,659 2708,656 2752,653 2797,653 2842,650 2887,650 2932,647 2976,647 3021,644 3066,644 3111,638 3156,635 3200,632 3245,632 3290,630 3335,630 3379,630"/>
                <TextEquiv>
                    <Unicode>deiner Bequemlichkeit bin ich dir nicht wert?!</Unicode>
                </TextEquiv>
            </TextLine>
            <TextLine id="tr_1_tl_3" custom="readingOrder {index:2;}">
                <Coords points="956,953 1363,968 1561,893 2034,953 2200,877 2833,924 3137,859 3140,777 1783,740 1611,821 962,830"/>
                <Baseline points="976,901 991,901 1036,895 1080,889 1125,889 1170,889 1215,886 1260,880 1304,877 1349,877 1394,877 1439,874 1483,874 1528,871 1573,868 1618,868 1663,868 1707,865 1752,865 1797,862 1842,859 1887,859 1931,856 1976,856 2021,856 2066,853 2110,853 2155,847 2200,847 2245,844 2290,844 2334,847 2379,842 2424,842 2469,839 2514,839 2558,836 2603,833 2648,830 2693,830 2738,827 2782,827 2827,827 2872,827 2917,824 2961,821 3006,821 3051,818 3096,818 3141,818"/>
                <TextEquiv>
                    <Unicode>Er! (etwas verdüstert) Aber um Gotteswillen -</Unicode>
                </TextEquiv>
            </TextLine>
            <TextLine id="tr_1_tl_4" custom="readingOrder {index:3;}">
                <Coords points="971,1156 1087,1112 1266,1141 1407,1065 1514,1122 1655,1059 2078,1134 2435,1044 2435,975 2275,928 1899,918 1407,1000 978,943"/>
                <Baseline points="991,1074 1009,1071 1054,1068 1098,1065 1143,1065 1188,1065 1233,1065 1277,1062 1322,1062 1367,1059 1412,1056 1457,1056 1501,1054 1546,1051 1591,1048 1636,1048 1681,1048 1725,1048 1770,1045 1815,1042 1860,1042 1904,1042 1949,1042 1994,1039 2039,1036 2084,1036 2128,1033 2173,1030 2218,1030 2263,1027 2308,1027 2352,1027 2397,1027 2442,1027"/>
                <TextEquiv>
                    <Unicode>Sie: O, du bist ja so falsch!...</Unicode>
                </TextEquiv>
            </TextLine>
            <TextLine id="tr_1_tl_5" custom="readingOrder {index:4;}">
                <Coords points="971,1351 1297,1272 2316,1304 2635,1200 2849,1263 3341,1210 3344,1103 978,1163"/>
                <Baseline points="988,1271 1015,1265 1059,1260 1104,1251 1149,1251 1194,1248 1239,1245 1283,1242 1328,1239 1373,1239 1418,1236 1463,1233 1507,1233 1552,1230 1597,1230 1642,1233 1686,1230 1731,1230 1776,1230 1821,1227 1866,1227 1910,1224 1955,1224 2000,1224 2045,1221 2090,1218 2134,1215 2179,1215 2224,1212 2269,1209 2314,1206 2358,1203 2403,1203 2448,1203 2493,1200 2537,1197 2582,1197 2627,1194 2672,1194 2717,1191 2761,1191 2806,1188 2851,1185 2896,1185 2941,1182 2985,1185 3030,1182 3075,1179 3120,1176 3164,1176 3209,1176 3254,1173 3299,1176 3344,1185"/>
                <TextEquiv>
                    <Unicode>pr: Falsch! - Ja, sag mir nur - Ich möchte wissen,</Unicode>
                </TextEquiv>
            </TextLine>
            <TextLine id="tr_1_tl_6" custom="readingOrder {index:5;}">
                <Coords points="1216,1460 3065,1404 3319,1379 3322,1288 1222,1310"/>
                <Baseline points="1236,1424 1263,1424 1307,1421 1352,1421 1397,1421 1442,1418 1486,1415 1531,1415 1576,1415 1621,1412 1666,1409 1710,1406 1755,1406 1800,1403 1845,1403 1890,1400 1934,1400 1979,1397 2024,1397 2069,1394 2113,1391 2158,1391 2203,1388 2248,1385 2293,1388 2337,1385 2382,1382 2427,1382 2472,1379 2517,1376 2561,1376 2606,1376 2651,1373 2696,1370 2740,1370 2785,1367 2830,1367 2875,1367 2920,1364 2964,1364 3009,1361 3054,1358 3099,1358 3144,1355 3188,1352 3233,1352 3278,1352 3323,1355"/>
                <TextEquiv>
                    <Unicode>wie du zu diesem Worte kommst! Mit demselben</Unicode>
                </TextEquiv>
            </TextLine>
            <TextLine id="tr_1_tl_7" custom="readingOrder {index:6;}">
                <Coords points="1210,1651 3328,1611 3522,1554 3525,1463 1216,1532"/>
                <Baseline points="1230,1597 1245,1594 1289,1594 1334,1591 1379,1591 1424,1591 1469,1591 1513,1588 1558,1588 1603,1585 1648,1585 1692,1582 1737,1582 1782,1579 1827,1576 1872,1576 1916,1573 1961,1573 2006,1570 2051,1570 2096,1570 2140,1567 2185,1564 2230,1564 2275,1564 2319,1564 2364,1561 2409,1561 2454,1561 2499,1561 2543,1555 2588,1555 2633,1552 2678,1549 2723,1546 2767,1546 2812,1546 2857,1546 2902,1543 2947,1543 2991,1540 3036,1537 3081,1534 3126,1531 3170,1531 3215,1528 3260,1525 3305,1525 3350,1525 3394,1525 3439,1522 3484,1519 3529,1519"/>
                <TextEquiv>
                    <Unicode>Rechte könntest du mir sagen, dass ich die Gewohn-</Unicode>
                </TextEquiv>
            </TextLine>
            <TextLine id="tr_1_tl_8" custom="readingOrder {index:7;}">
                <Coords points="1232,1811 1664,1846 2639,1730 3576,1780 3582,1601 1238,1683"/>
                <Baseline points="1251,1770 1260,1770 1304,1767 1349,1767 1394,1764 1439,1764 1483,1764 1528,1761 1573,1761 1618,1761 1663,1761 1707,1758 1752,1758 1797,1755 1842,1752 1887,1752 1931,1749 1976,1749 2021,1746 2066,1746 2110,1746 2155,1740 2200,1740 2245,1740 2290,1737 2334,1734 2379,1731 2424,1734 2469,1731 2514,1728 2558,1728 2603,1725 2648,1725 2693,1722 2738,1719 2782,1719 2827,1719 2872,1716 2917,1716 2961,1716 3006,1713 3051,1710 3096,1707 3141,1707 3185,1704 3230,1704 3275,1704 3320,1701 3365,1701 3409,1698 3454,1698 3499,1692 3544,1689 3588,1692"/>
                <TextEquiv>
                    <Unicode>heit habe, kleinen Kindern die Ohren abzuschneiden!</Unicode>
                </TextEquiv>
            </TextLine>
        </TextRegion>
        <TextRegion id="tr_2" custom="readingOrder {index:1;}">
            <Coords points="1015,1854 3618,1854 3618,3727 1015,3727"/>
            <TextLine id="tr_2_tl_1" custom="readingOrder {index:0;}">
                <Coords points="997,1981 1128,2028 1238,1955 1413,2009 1987,2002 2071,1952 2617,1984 2585,1824 1683,1877 1006,1777"/>
                <Baseline points="1015,1964 1056,1961 1101,1955 1146,1955 1191,1952 1236,1952 1280,1949 1325,1949 1370,1946 1415,1946 1460,1946 1504,1943 1549,1940 1594,1937 1639,1937 1684,1937 1728,1937 1773,1934 1818,1931 1863,1931 1907,1931 1952,1928 1997,1925 2042,1925 2087,1919 2131,1919 2176,1916 2221,1913 2266,1913 2311,1910 2355,1910 2400,1907 2445,1907 2490,1907 2534,1907 2579,1904 2624,1910"/>
                <TextEquiv>
                    <Unicode>Sie! Die Ohren! Oh, du bist brutal.</Unicode>
                </TextEquiv>
            </TextLine>
            <TextLine id="tr_2_tl_2" custom="readingOrder {index:1;}">
                <Coords points="1006,2197 1178,2131 2379,2190 2827,2096 3137,2156 3522,2071 3525,1955 1009,2081"/>
                <Baseline points="1027,2146 1065,2143 1110,2137 1155,2131 1200,2128 1245,2125 1289,2122 1334,2122 1379,2122 1424,2122 1469,2119 1513,2119 1558,2116 1603,2116 1648,2113 1692,2110 1737,2110 1782,2108 1827,2108 1872,2105 1916,2105 1961,2102 2006,2099 2051,2099 2096,2096 2140,2096 2185,2093 2230,2093 2275,2096 2319,2093 2364,2087 2409,2087 2454,2084 2499,2084 2543,2081 2588,2081 2633,2078 2678,2078 2723,2075 2767,2075 2812,2072 2857,2072 2902,2072 2947,2072 2991,2066 3036,2066 3081,2063 3126,2063 3170,2060 3215,2060 3260,2057 3305,2057 3350,2057 3394,2054 3439,2051 3484,2051 3529,2051"/>
                <TextEquiv>
                    <Unicode>Er: Brutal!!- Ich brutal! - Ah! An! Ah! (er steht auf</Unicode>
                </TextEquiv>
            </TextLine>
            <TextLine id="tr_2_tl_3" custom="readingOrder {index:2;}">
                <Coords points="1250,2382 1724,2303 1789,2357 2222,2278 2610,2313 2639,2162 2516,2206 2281,2165 2143,2222 1670,2190 1254,2256"/>
                <Baseline points="1271,2302 1298,2302 1343,2299 1388,2299 1433,2296 1477,2296 1522,2296 1567,2293 1612,2293 1657,2290 1701,2290 1746,2287 1791,2287 1836,2284 1881,2281 1925,2281 1970,2278 2015,2278 2060,2278 2105,2275 2149,2272 2194,2272 2239,2272 2284,2269 2328,2266 2373,2266 2418,2266 2463,2263 2508,2263 2552,2260 2597,2263 2642,2266"/>
                <TextEquiv>
                    <Unicode>und beginnt sich anzukleiden)</Unicode>
                </TextEquiv>
            </TextLine>
            <TextLine id="tr_2_tl_4" custom="readingOrder {index:3;}">
                <Coords points="1022,2529 3388,2476 3391,2335 1025,2404"/>
                <Baseline points="1039,2490 1065,2493 1110,2490 1155,2490 1200,2490 1245,2487 1289,2487 1334,2484 1379,2484 1424,2481 1469,2478 1513,2478 1558,2475 1603,2475 1648,2472 1692,2469 1737,2469 1782,2469 1827,2466 1872,2463 1916,2463 1961,2463 2006,2457 2051,2457 2096,2457 2140,2454 2185,2451 2230,2451 2275,2451 2319,2451 2364,2448 2409,2448 2454,2445 2499,2442 2543,2442 2588,2442 2633,2439 2678,2439 2723,2439 2767,2436 2812,2436 2857,2433 2902,2430 2947,2427 2991,2427 3036,2424 3081,2424 3126,2421 3170,2418 3215,2418 3260,2418 3305,2418 3350,2418 3394,2421"/>
                <TextEquiv>
                    <Unicode>Sie! Das kannet du mir eben doch nicht abstreiten,</Unicode>
                </TextEquiv>
            </TextLine>
            <TextLine id="tr_2_tl_5" custom="readingOrder {index:4;}">
                <Coords points="1269,2689 2852,2614 3018,2667 3400,2614 3403,2526 3112,2479 2704,2563 1272,2573"/>
                <Baseline points="1286,2663 1304,2663 1349,2660 1394,2657 1439,2654 1483,2654 1528,2651 1573,2648 1618,2648 1663,2645 1707,2645 1752,2642 1797,2642 1842,2639 1887,2639 1931,2639 1976,2636 2021,2636 2066,2633 2110,2633 2155,2630 2200,2630 2245,2630 2290,2627 2334,2627 2379,2624 2424,2624 2469,2621 2514,2621 2558,2618 2603,2618 2648,2615 2693,2612 2738,2612 2782,2612 2827,2609 2872,2609 2917,2606 2961,2603 3006,2603 3051,2603 3096,2603 3141,2603 3185,2603 3230,2597 3275,2594 3320,2591 3365,2588 3409,2591"/>
                <TextEquiv>
                    <Unicode>daes du brutal bist. Da hilft dir deine ganze</Unicode>
                </TextEquiv>
            </TextLine>
            <TextLine id="tr_2_tl_6" custom="readingOrder {index:5;}">
                <Coords points="1266,2896 1501,2842 1598,2864 1780,2836 1868,2867 2081,2845 2084,2695 1990,2723 1758,2695 1683,2748 1354,2729 1272,2755"/>
                <Baseline points="1286,2815 1328,2812 1373,2812 1418,2809 1463,2809 1507,2809 1552,2806 1597,2803 1642,2800 1686,2800 1731,2797 1776,2797 1821,2797 1866,2797 1910,2794 1955,2794 2000,2791 2045,2791 2090,2794"/>
                <TextEquiv>
                    <Unicode>Falschheit nicht.</Unicode>
                </TextEquiv>
            </TextLine>
            <TextLine id="tr_2_tl_7" custom="readingOrder {index:6;}">
                <Coords points="1031,3027 1301,3071 1608,2986 1752,3033 1877,2980 2087,2980 2090,2867 1877,2861 1564,2933 1445,2883 1260,2949 1188,2918 1034,2955"/>
                <Baseline points="1048,3015 1065,3015 1110,3015 1155,3006 1200,3003 1245,3003 1289,2997 1334,2994 1379,2991 1424,2991 1469,2988 1513,2985 1558,2982 1603,2982 1648,2979 1692,2979 1737,2976 1782,2976 1827,2973 1872,2970 1916,2970 1961,2967 2006,2967 2051,2967 2096,2967"/>
                <TextEquiv>
                    <Unicode>Er: Du hast recht...</Unicode>
                </TextEquiv>
            </TextLine>
            <TextLine id="tr_2_tl_8" custom="readingOrder {index:7;}">
                <Coords points="1037,3259 1463,3228 1595,3275 1780,3196 1934,3253 2140,3240 2285,3206 2291,3065 2147,3040 2043,3090 1771,3024 1567,3093 1307,3065 1213,3127 1047,3084"/>
                <Baseline points="1059,3188 1086,3185 1131,3182 1176,3182 1221,3179 1265,3179 1310,3173 1355,3173 1400,3170 1445,3170 1489,3167 1534,3167 1579,3164 1624,3164 1669,3162 1713,3159 1758,3156 1803,3156 1848,3156 1893,3153 1937,3153 1982,3153 2027,3150 2072,3147 2116,3144 2161,3141 2206,3138 2251,3135 2296,3138"/>
                <TextEquiv>
                    <Unicode>Sie: Gewiss hab ich recht!</Unicode>
                </TextEquiv>
            </TextLine>
            <TextLine id="tr_2_tl_9" custom="readingOrder {index:8;}">
                <Coords points="1053,3403 1579,3422 2084,3347 2206,3400 2372,3366 2379,3234 1955,3265 1840,3209 1554,3297 1056,3272"/>
                <Baseline points="1071,3379 1083,3376 1128,3373 1173,3368 1218,3365 1263,3362 1307,3359 1352,3353 1397,3350 1442,3347 1486,3347 1531,3347 1576,3347 1621,3347 1666,3344 1710,3344 1755,3341 1800,3341 1845,3335 1890,3335 1934,3332 1979,3332 2024,3326 2069,3323 2113,3323 2158,3320 2203,3320 2248,3317 2293,3314 2337,3314 2382,3317"/>
                <TextEquiv>
                    <Unicode>Er: Das sagt' ich ja eben.-</Unicode>
                </TextEquiv>
            </TextLine>
            <TextLine id="tr_2_tl_10" custom="readingOrder {index:9;}">
                <Coords points="1047,3591 3253,3544 3563,3494 3569,3341 1053,3478"/>
                <Baseline points="1068,3547 1110,3544 1155,3541 1200,3538 1245,3538 1289,3535 1334,3535 1379,3532 1424,3532 1469,3532 1513,3529 1558,3529 1603,3529 1648,3523 1692,3520 1737,3517 1782,3514 1827,3514 1872,3514 1916,3511 1961,3511 2006,3508 2051,3508 2096,3508 2140,3502 2185,3502 2230,3499 2275,3496 2319,3493 2364,3493 2409,3490 2454,3490 2499,3487 2543,3484 2588,3484 2633,3481 2678,3481 2723,3481 2767,3478 2812,3478 2857,3478 2902,3478 2947,3472 2991,3469 3036,3469 3081,3466 3126,3463 3170,3463 3215,3460 3260,3457 3305,3457 3350,3454 3394,3451 3439,3448 3484,3445 3529,3442 3574,3442"/>
                <TextEquiv>
                    <Unicode>Sie! Nun, so darf ich es doch selber sagen? Oder stört</Unicode>
                </TextEquiv>
            </TextLine>
            <TextLine id="tr_2_tl_11" custom="readingOrder {index:10;}">
                <Coords points="1307,3795 2087,3688 2610,3760 2952,3657 3488,3713 3607,3679 3613,3547 1313,3635"/>
                <Baseline points="1328,3717 1334,3717 1379,3714 1424,3714 1469,3711 1513,3708 1558,3708 1603,3708 1648,3708 1692,3708 1737,3702 1782,3702 1827,3699 1872,3696 1916,3696 1961,3693 2006,3690 2051,3687 2096,3684 2140,3684 2185,3681 2230,3681 2275,3678 2319,3678 2364,3678 2409,3678 2454,3672 2499,3669 2543,3666 2588,3663 2633,3660 2678,3660 2723,3657 2767,3657 2812,3657 2857,3657 2902,3654 2947,3651 2991,3648 3036,3648 3081,3645 3126,3642 3170,3639 3215,3639 3260,3636 3305,3636 3350,3633 3394,3633 3439,3630 3484,3627 3529,3624 3574,3624 3618,3624"/>
                <TextEquiv>
                    <Unicode>es dich, wenn ich rede?- Möchtest du schon schlum-</Unicode>
                </TextEquiv>
            </TextLine>
        </TextRegion>
    </Page>
</PcGts>
