3464 4120
892 431 3078 657 haben - nein. Ich tue es auch nicht, um dich zu
904 592 3109 834 beleidigen. Ich unterwerfe mich einer allgemei-
962 809 3118 1008 nen menschlichen Notwendigkeit; einem Naturge-
941 971 2116 1185 setz.- Begreifet du das? -
980 1173 3133 1362 (schaut mit grossen Augen zur Zimmerdecks auf)
690 1225 907 1331 Sie:
913 1380 3112 1518 Ich gebe dir mein Wort! es höre mir tausendmal
690 1383 895 1530 er:
944 1542 2993 1689 lieber, wenn ich hier bis zun Morgen bleiben
947 1698 3252 1860 könnte ;- aber ich kann unmöglich die Naturgesetze
959 1921 1475 2043 umstossen.-
727 2055 3173 2226 Sie! Oh, es gibt Männer, die mehr getan haben,wenn sie
971 2245 1786 2419 wirklich liebten.
965 2367 3197 2556 Das ist ein Irrtum, mein Schatz. Man ist für Wei¬
733 2412 919 2593 Er:
974 2587 3191 2724 ber in den Tod gegangen, bieweilen,- aber man hat
989 2748 3097 2880 noch nie ein Naturgesetz für sie ungestossen,
989 2922 2077 3087 das geht nämlich nicht!
763 3054 3209 3231 Sie: Also in den Tod gehen würdest du für mich? Dein
983 3252 2406 3460 Leben wurdeet du mir opfern -?
757 3435 1994 3628 gr: (bedeutende Bewegung)
770 3585 3219 3796 Sie: Aber eine Stunde deines Schlafe, ein biechen von
