3816 4136
1260 514 3502 752 Siehst du, wenn ich um zwei weggehe, komme ich unter
1010 575 1187 810 Er:
1248 695 3416 933 halb drei nachhause, nicht wahr?... Denn ich
1257 921 3359 1083 hab noch nie einen Wagen um zwei in der Nähe
1270 1045 3473 1314 deines Hauses gefunden; ich muss also immer zu
1264 1260 1816 1483 Fuss gehen.
1327 1413 2489 1638 Oh, das s ind strapazen! -
1038 1467 1254 1654 Sie:
1289 1581 3378 1765 Ich sage ja nicht, dass das Strapazen sind...
1032 1638 1226 1829 Er:
1280 1794 3464 1994 fällt mir gar nicht ein - obwohl ich de in Ge-
1289 1937 3578 2172 sicht sehen möchte, wenn du jetzt auf die Strasse
1283 2162 2222 2359 hinaus misstest!...
1060 2273 3407 2521 Sie: Für dich?... Für dich? - Ach, da tät ich wohl
1305 2524 2273 2699 noch manches andere!
1314 2616 3534 2880 Ich wahrhaftig auch! Aber ich wollte nur sagen!
1073 2715 1241 2889 Er:
1318 2851 3607 3045 um halb drei bin ich erst zu Hause. Bis ich mich
1324 3023 3461 3200 dann niederlege, ein paar Seiten gelesen habe,
1324 3156 3651 3410 das Licht auslösche, wird es doch regelmässig halb
1340 3429 1584 3604 vier.
1099 3524 3651 3766 Sie! Dass du eine Stunde zum Lichtauslöschen brauchet!
