3528 4088
811 563 2209 751 ja doch gehn, es hilft nichts.
591 773 1703 927 Sie: Nun,bitte, bitte! -
600 974 3048 1103 Er: (nahe zu ihr) Schau... du bist wieder gereizt.
600 1072 1496 1323 Sie: (groos) Ich? -
597 1295 3033 1439 Er: (immer mild) Es ist halb zwei! Morgen muss ich
848 1420 1801 1634 im acht aufstehn!
603 1684 1628 1804 Sie: Na ja, so geh nur.
836 1772 2960 1961 (an ihren Lippen) Glaub mir, ich möchte lieber
607 1838 792 1973 Er:
839 1977 3102 2112 hier bleiben... bei dir... ah, das ist ja so gut-
842 2077 3121 2319 aber leider,leider, leider! - (bleibt bei ihr und
852 2294 1763 2501 drückt sie an sich)
936 2470 2272 2665 (ihn küesend) Ah! - (Umarmung)
610 2514 830 2681 Sie:
610 2671 3133 2853 Er: (eich von ihr losmachend) Na, da ist ja nichts zu
889 2816 1826 2992 machan! Pah, Kind! -
613 2963 1587 3171 sis: (herb) A-disu!
622 3168 2982 3353 Br: Du...Schatz! Du,...das ist ja kindisch!... (er
870 3381 3042 3510 ist über ihr Gesicht gebeugt, das er mit seinem
870 3526 2998 3740 Atem streift) Kindisch! - - Das musst du doch
