3496 4088
2915 335 3063 474 10
966 458 2004 703 gerade um halb zwei?-
991 685 3141 867 Aber schau!! - Ich bitt dich!... Du bist wirk¬
753 629 917 880 Pr:
979 883 3147 1047 lich, nein, du biet wirklich manchmal - (zärt-
973 1062 3280 1245 lich) Ich hab ja doch versucht, so dir so deutlich
1000 1264 3076 1412 zu machen, nicht wahr?- Ich bin ja nun leider
982 1372 3262 1608 einmal ein Mann ch, der einen Beruf hat - ich muss
997 1595 1536 1762 arbeiten! -
771 1741 3153 1964 Sie: (nervös, sich von ihm lommachend) Nun - so geh
997 1927 1818 2112 arbeiten...Geh! -
759 2100 3190 2320 Er: (nxxxn sieht sie mehr traurig und ärgerlich an
1019 2283 3240 2503 und sagt resigniert) Adieu! - (or steht langeam
1010 2503 1220 2648 auf)
784 2602 3277 2803 Sie: (höhnisch, mehr vor sich hin) Arbeiten!... Es ist
1022 2822 3255 2980 ja gar nicht wahr... du gehet einfach schlafen.-
1031 2967 3153 3172 (sehr ruhig) Jetzt... ja! - Aber ich tue das
771 3017 970 3172 Er:
1022 3184 3212 3321 ausschliesslich, um des Morgens erwachen zu kön¬
1022 3373 3159 3556 nen;- ich verbinde keinen anderen Zweck damit.
1031 3516 3252 3776 Ich tue es nicht, um ein besonderes Vergnügen zu
