3640 4152
3094 380 3226 558 19
1041 598 3303 768 seche Uhr früh kommen. Weit und breit kein Wagen.
1044 776 3260 937 Er hat seine Ueberschuhe oben vergessen, weil er
1038 980 3252 1138 das immer tut, und hat sehr dünne Lack schuhe an,
1041 1150 3286 1354 weil sie ihn sonst nicht lieben würde). Der Teu-
1029 1294 3335 1466 fel soll mich holen, wenn ich morgen um eine Minu-
1052 1498 3278 1682 te später als Mitternacht weggehe. (Er erinnert
1061 1702 3186 1817 sich eben, dass er das die letzten vier Wochen
1055 1831 3298 1981 allnächtlich auf derselben stelle zwischen drei
1101 2001 3237 2150 und seche Uhr morgene gesagt hat und spaziert
1049 2156 3324 2334 lächelnd weiter. Nach dreiviertel Stunden ist er
1058 2334 3289 2478 vor seinem Tor angelangt; es fällt ihm, dass
1058 2516 3358 2656 auch sein Portier taub ist, und dass er eine Vier-
1067 2677 3300 2786 telstunde wird läuten müssen.- Da merkt er, dass
1075 2869 3160 3042 das Tor schon geöffnet ist.- Ein Lächeln des
1070 3016 2556 3194 Glücks zieht über sein Antlitz)
