3816 4216
3266 357 3404 491 10
1305 563 2322 729 gerade um halb zwei? -
1330 726 3489 870 Aber schau!! - Ich bitt dich!... Du bist wirk-
1073 757 1255 920 mr:
1323 873 3495 1083 lich...nein, du bist wirklich manchmal - (zärt-
1330 1058 3645 1270 lich) Ich hab ja doch versucht, es dir so deutlich
1330 1295 3426 1430 zu machen, nicht wahr?- Ich bin ja nun leider
1339 1399 3623 1593 einmal einnMein ch, der einen Beruf hat - ich muss
1345 1655 1871 1790 arbeiten! -
1358 1805 3498 1943 (nervös, sich von ihm losmachend) Nun - so geh
1098 1824 1308 1971 Sie:
1352 1999 2165 2131 arbeiten...Geh! -
1364 2168 3557 2350 (nach sieht sie mehr traurig und ärgerlich an
1095 2190 1273 2303 Er:
1367 2284 3604 2537 und sagt resigniert) Adieu! - (er steht langsam
1364 2512 1568 2675 auf)
1123 2581 3636 2838 Sie! (höhnisch, mehr vor sich hin) Arbeiten!... Es ist
1361 2857 3611 3007 ja gar nicht wahr... du gehst einfach schlafen.-
1399 3029 3517 3238 (sehr ruhig) Jetzt... ja! - Aber ich tue das
1136 3060 1302 3179 Er:
1374 3232 3582 3360 ausschliesslich, um des Morgens erwachen zu kön-
1367 3420 3532 3601 nen;- ich verbinde keinen anderen Zweck damit.-
1395 3579 3617 3820 Ich tue es nicht, um ein besonderes Vergnügen zu
