<?xml version="1.0" encoding="UTF-8" standalone="yes"?>
<PcGts xmlns="http://schema.primaresearch.org/PAGE/gts/pagecontent/2013-07-15" xmlns:xsi="http://www.w3.org/2001/XMLSchema-instance" xsi:schemaLocation="http://schema.primaresearch.org/PAGE/gts/pagecontent/2013-07-15 http://schema.primaresearch.org/PAGE/gts/pagecontent/2013-07-15/pagecontent.xsd">
    <Metadata>
        <Creator>prov=READ-COOP:name=TrHtr:version=2.1.0:model_id=51170:date=30_07_2023_05:51</Creator>
        <Created>2023-05-10T13:46:33.479+02:00</Created>
        <LastChange>2023-07-30T05:51:07.732+02:00</LastChange>
        <TranskribusMetadata docId="1428591" pageId="55414219" pageNr="31" tsid="131484564" status="IN_PROGRESS" userId="64420" imgUrl="https://files.transkribus.eu/Get?id=NUMLDQRNPGRLYLOYNVNRBXZF&amp;fileType=view" xmlUrl="https://files.transkribus.eu/Get?id=EKBTBPVMSTXUNLELHTNAYWUV" imageId="44688353"/>
    </Metadata>
    <Page imageFilename="1428591_0031.jpg" imageWidth="3464" imageHeight="4088">
        <ReadingOrder>
            <OrderedGroup id="ro_1711790524702" caption="Regions reading order">
                <RegionRefIndexed index="0" regionRef="tr_2"/>
                <RegionRefIndexed index="1" regionRef="tr_1"/>
            </OrderedGroup>
        </ReadingOrder>
        <TextRegion id="tr_2" custom="readingOrder {index:0;}">
            <Coords points="757,648 3216,648 3216,1815 757,1815"/>
            <TextLine id="tr_2_tl_1" custom="readingOrder {index:0;}">
                <Coords points="739,776 2315,729 2717,792 3073,720 3079,577 2175,682 947,704 742,633"/>
                <Baseline points="757,763 802,757 847,754 892,754 936,754 981,754 1026,754 1071,754 1115,748 1160,748 1205,748 1250,748 1295,745 1339,745 1384,745 1429,743 1474,743 1518,740 1563,743 1608,740 1653,740 1697,737 1742,737 1787,737 1832,734 1876,734 1921,731 1966,731 2011,731 2055,728 2100,728 2145,728 2190,725 2234,725 2279,722 2324,722 2369,719 2414,719 2458,716 2503,713 2548,716 2593,713 2637,713 2682,710 2727,707 2772,704 2816,707 2861,707 2906,704 2951,704 2995,701 3040,698 3085,701"/>
                <TextEquiv>
                    <Unicode>Sie: Zuweilen tust du das auch im Nachhausegehen?!</Unicode>
                </TextEquiv>
            </TextLine>
            <TextLine id="tr_2_tl_2" custom="readingOrder {index:1;}">
                <Coords points="748,969 2976,935 3210,907 3213,795 751,879"/>
                <Baseline points="766,936 799,936 844,936 889,936 933,933 978,930 1023,930 1068,928 1113,928 1157,928 1202,928 1247,925 1292,922 1336,922 1381,922 1426,922 1471,919 1515,919 1560,919 1605,919 1650,916 1694,916 1739,916 1784,913 1829,910 1873,910 1918,907 1963,907 2008,904 2052,904 2097,904 2142,904 2187,901 2231,901 2276,901 2321,898 2366,895 2411,895 2455,895 2500,895 2545,892 2590,889 2634,889 2679,886 2724,886 2769,886 2813,883 2858,883 2903,880 2948,883 2992,877 3037,877 3082,877 3127,874 3171,874 3216,871"/>
                <TextEquiv>
                    <Unicode>pr: (lächelnd) Na, das iet schon wahr, dass ich manch-</Unicode>
                </TextEquiv>
            </TextLine>
            <TextLine id="tr_2_tl_3" custom="readingOrder {index:2;}">
                <Coords points="985,1131 2923,1106 2926,969 988,1007"/>
                <Baseline points="1005,1101 1050,1101 1095,1101 1139,1098 1184,1098 1229,1098 1274,1095 1318,1095 1363,1092 1408,1092 1453,1092 1497,1089 1542,1089 1587,1089 1632,1089 1676,1086 1721,1083 1766,1083 1811,1083 1856,1083 1900,1080 1945,1080 1990,1080 2035,1080 2079,1080 2124,1077 2169,1077 2214,1074 2258,1074 2303,1071 2348,1068 2393,1068 2437,1065 2482,1065 2527,1065 2572,1065 2616,1065 2661,1062 2706,1062 2751,1059 2795,1059 2840,1056 2885,1059 2930,1059"/>
                <TextEquiv>
                    <Unicode>mal im Halbechlummer nach Hause spaziere.</Unicode>
                </TextEquiv>
            </TextLine>
            <TextLine id="tr_2_tl_4" custom="readingOrder {index:3;}">
                <Coords points="757,1293 2992,1237 3104,1303 3175,1153 757,1218"/>
                <Baseline points="775,1289 808,1286 853,1286 898,1283 942,1283 987,1283 1032,1280 1077,1280 1121,1277 1166,1274 1211,1271 1256,1271 1300,1271 1345,1271 1390,1268 1435,1271 1480,1268 1524,1268 1569,1265 1614,1268 1659,1265 1703,1265 1748,1262 1793,1259 1838,1256 1882,1256 1927,1253 1972,1253 2017,1253 2061,1253 2106,1250 2151,1250 2196,1250 2240,1250 2285,1247 2330,1247 2375,1244 2419,1244 2464,1244 2509,1241 2554,1241 2599,1241 2643,1241 2688,1238 2733,1238 2778,1235 2822,1235 2867,1232 2912,1232 2957,1229 3001,1232 3046,1229 3091,1229 3136,1229 3180,1235"/>
                <TextEquiv>
                    <Unicode>Sie! Du biet eigentlich ein sonderbarer Mensch - du</Unicode>
                </TextEquiv>
            </TextLine>
            <TextLine id="tr_2_tl_5" custom="readingOrder {index:4;}">
                <Coords points="1000,1505 1916,1480 2016,1424 2113,1471 2652,1455 2652,1352 2586,1334 1003,1371"/>
                <Baseline points="1017,1447 1050,1447 1095,1444 1139,1444 1184,1444 1229,1444 1274,1441 1318,1441 1363,1441 1408,1441 1453,1438 1497,1438 1542,1438 1587,1435 1632,1435 1676,1435 1721,1432 1766,1432 1811,1429 1856,1429 1900,1426 1945,1426 1990,1426 2035,1423 2079,1423 2124,1423 2169,1423 2214,1423 2258,1420 2303,1417 2348,1417 2393,1417 2437,1417 2482,1414 2527,1411 2572,1411 2616,1414 2661,1411"/>
                <TextEquiv>
                    <Unicode>tust überhaupt nichts als schlafen.</Unicode>
                </TextEquiv>
            </TextLine>
            <TextLine id="tr_2_tl_6" custom="readingOrder {index:5;}">
                <Coords points="770,1652 2294,1633 2297,1524 1786,1502 1683,1561 1365,1571 1278,1521 1125,1574 972,1527 773,1577"/>
                <Baseline points="787,1635 823,1629 868,1626 913,1629 957,1626 1002,1623 1047,1626 1092,1620 1136,1620 1181,1620 1226,1620 1271,1617 1315,1617 1360,1614 1405,1611 1450,1611 1494,1611 1539,1608 1584,1608 1629,1608 1673,1605 1718,1605 1763,1605 1808,1602 1853,1602 1897,1602 1942,1599 1987,1599 2032,1599 2076,1596 2121,1593 2166,1593 2211,1593 2255,1590 2300,1590"/>
                <TextEquiv>
                    <Unicode>Er: (erhebt sich ein wenig) '!!</Unicode>
                </TextEquiv>
            </TextLine>
            <TextLine id="tr_2_tl_7" custom="readingOrder {index:6;}">
                <Coords points="773,1826 2833,1814 3004,1701 2069,1633 1832,1726 776,1742"/>
                <Baseline points="790,1805 820,1805 865,1805 910,1799 954,1802 999,1802 1044,1799 1089,1799 1133,1799 1178,1796 1223,1796 1268,1793 1312,1793 1357,1790 1402,1787 1447,1787 1491,1784 1536,1784 1581,1781 1626,1781 1671,1784 1715,1781 1760,1781 1805,1781 1850,1778 1894,1781 1939,1775 1984,1775 2029,1775 2073,1775 2118,1775 2163,1772 2208,1769 2252,1772 2297,1766 2342,1766 2387,1763 2431,1763 2476,1763 2521,1763 2566,1763 2610,1760 2655,1757 2700,1757 2745,1760 2789,1760 2834,1760 2879,1757 2924,1754 2969,1751 3013,1748"/>
                <TextEquiv>
                    <Unicode>Sie! Du schläfst bei dir, du schlafet bei mir, du</Unicode>
                </TextEquiv>
            </TextLine>
        </TextRegion>
        <TextRegion id="tr_1" custom="readingOrder {index:1;}">
            <Coords points="796,1889 3321,1889 3321,3590 796,3590"/>
            <TextLine id="tr_1_tl_1" custom="readingOrder {index:0;}">
                <Coords points="1025,2013 1624,1957 2041,2026 2044,1882 1854,1864 1779,1910 1639,1882 1458,1913 1153,1879 1025,1916"/>
                <Baseline points="1041,1969 1065,1969 1110,1966 1154,1966 1199,1966 1244,1966 1289,1966 1333,1963 1378,1963 1423,1963 1468,1960 1512,1960 1557,1960 1602,1957 1647,1954 1691,1954 1736,1954 1781,1954 1826,1954 1870,1954 1915,1954 1960,1951 2005,1945 2049,1939"/>
                <TextEquiv>
                    <Unicode>schläfst auf dem Weg -</Unicode>
                </TextEquiv>
            </TextLine>
            <TextLine id="tr_1_tl_2" custom="readingOrder {index:1;}">
                <Coords points="1050,2169 1751,2138 1910,2197 2281,2119 2820,2181 3076,2113 3079,2029 2499,1988 2057,2091 1053,2069"/>
                <Baseline points="1066,2147 1074,2145 1118,2142 1163,2142 1208,2142 1253,2142 1298,2142 1342,2139 1387,2139 1432,2139 1477,2136 1521,2136 1566,2133 1611,2136 1656,2133 1700,2133 1745,2133 1790,2136 1835,2136 1879,2133 1924,2133 1969,2133 2014,2130 2058,2127 2103,2124 2148,2121 2193,2118 2237,2118 2282,2115 2327,2115 2372,2115 2416,2115 2461,2115 2506,2115 2551,2112 2596,2109 2640,2109 2685,2106 2730,2106 2775,2103 2819,2103 2864,2103 2909,2100 2954,2100 2998,2097 3043,2097 3088,2097"/>
                <TextEquiv>
                    <Unicode>(resigniert) Na.., gut...da verlanget du wohl</Unicode>
                </TextEquiv>
            </TextLine>
            <TextLine id="tr_1_tl_3" custom="readingOrder {index:2;}">
                <Coords points="779,2181 810,2184 832,2169 838,2175 873,2160 910,2188 954,2194 954,1998 910,1985 863,2016 829,1998 804,2010 779,2007"/>
                <Baseline points="796,2151 841,2151 886,2151 930,2151 960,2151"/>
                <TextEquiv>
                    <Unicode>Er:</Unicode>
                </TextEquiv>
            </TextLine>
            <TextLine id="tr_1_tl_4" custom="readingOrder {index:3;}">
                <Coords points="1019,2368 3051,2290 3020,2191 2836,2178 2026,2203 1932,2266 1022,2234"/>
                <Baseline points="1035,2318 1044,2321 1089,2321 1133,2321 1178,2321 1223,2321 1268,2324 1312,2321 1357,2315 1402,2315 1447,2312 1491,2312 1536,2312 1581,2309 1626,2309 1671,2309 1715,2312 1760,2309 1805,2309 1850,2309 1894,2306 1939,2306 1984,2306 2029,2303 2073,2300 2118,2300 2163,2300 2208,2297 2252,2297 2297,2297 2342,2297 2387,2291 2431,2291 2476,2291 2521,2288 2566,2288 2610,2288 2655,2285 2700,2285 2745,2285 2789,2282 2834,2282 2879,2279 2924,2279 2969,2279 3013,2276 3058,2276"/>
                <TextEquiv>
                    <Unicode>nicht, dass ich mich verteidige. Es verletzt</Unicode>
                </TextEquiv>
            </TextLine>
            <TextLine id="tr_1_tl_5" custom="readingOrder {index:4;}">
                <Coords points="1019,2562 2484,2471 2954,2540 3122,2481 3126,2356 1913,2375 1705,2449 1022,2412"/>
                <Baseline points="1038,2494 1071,2497 1115,2497 1160,2494 1205,2497 1250,2494 1295,2494 1339,2494 1384,2491 1429,2491 1474,2488 1518,2485 1563,2485 1608,2485 1653,2482 1697,2482 1742,2479 1787,2479 1832,2476 1876,2476 1921,2479 1966,2476 2011,2476 2055,2476 2100,2473 2145,2473 2190,2473 2234,2470 2279,2467 2324,2470 2369,2467 2414,2467 2458,2464 2503,2467 2548,2464 2593,2461 2637,2461 2682,2461 2727,2458 2772,2458 2816,2458 2861,2455 2906,2455 2951,2455 2995,2458 3040,2458 3085,2458 3130,2467"/>
                <TextEquiv>
                    <Unicode>dich, - dass ich es überhaupt Über mich bringe,</Unicode>
                </TextEquiv>
            </TextLine>
            <TextLine id="tr_1_tl_6" custom="readingOrder {index:5;}">
                <Coords points="1028,2717 1103,2711 1150,2749 1218,2702 1299,2758 1505,2680 1680,2730 1770,2705 1938,2733 1941,2608 1829,2583 1667,2618 1536,2580 1268,2586 1212,2627 1116,2580 1031,2602"/>
                <Baseline points="1050,2667 1053,2667 1098,2670 1142,2673 1187,2673 1232,2673 1277,2670 1321,2670 1366,2673 1411,2670 1456,2670 1500,2667 1545,2667 1590,2670 1635,2670 1679,2664 1724,2664 1769,2664 1814,2664 1858,2661 1903,2661 1948,2664"/>
                <TextEquiv>
                    <Unicode>von dir wegzugehen.</Unicode>
                </TextEquiv>
            </TextLine>
            <TextLine id="tr_1_tl_7" custom="readingOrder {index:6;}">
                <Coords points="807,2883 2188,2845 2328,2907 3147,2839 3151,2749 1608,2814 810,2742"/>
                <Baseline points="823,2867 826,2864 871,2861 916,2858 960,2858 1005,2855 1050,2855 1095,2855 1139,2855 1184,2852 1229,2849 1274,2849 1318,2849 1363,2849 1408,2849 1453,2852 1497,2849 1542,2849 1587,2846 1632,2846 1676,2846 1721,2846 1766,2843 1811,2840 1856,2840 1900,2840 1945,2840 1990,2840 2035,2837 2079,2837 2124,2834 2169,2834 2214,2834 2258,2834 2303,2834 2348,2834 2393,2831 2437,2831 2482,2831 2527,2828 2572,2828 2616,2828 2661,2828 2706,2825 2751,2825 2795,2825 2840,2825 2885,2822 2930,2819 2974,2819 3019,2819 3064,2816 3109,2816 3154,2819"/>
                <TextEquiv>
                    <Unicode>Sie: Es verletzt mich durchaus nicht. Ich sage dir</Unicode>
                </TextEquiv>
            </TextLine>
            <TextLine id="tr_1_tl_8" custom="readingOrder {index:7;}">
                <Coords points="1038,3070 2590,3017 2749,3116 3172,3020 3172,2929 1779,2985 1617,2892 1041,2985"/>
                <Baseline points="1056,3046 1074,3043 1118,3037 1163,3034 1208,3034 1253,3031 1298,3031 1342,3028 1387,3028 1432,3028 1477,3025 1521,3025 1566,3022 1611,3025 1656,3025 1700,3025 1745,3025 1790,3022 1835,3022 1879,3022 1924,3022 1969,3022 2014,3022 2058,3022 2103,3019 2148,3019 2193,3016 2237,3016 2282,3016 2327,3016 2372,3019 2416,3016 2461,3013 2506,3010 2551,3010 2596,3010 2640,3007 2685,3007 2730,3007 2775,3007 2819,3007 2864,3007 2909,3004 2954,2998 2998,3001 3043,3001 3088,3001 3133,2998 3177,3001"/>
                <TextEquiv>
                    <Unicode>ja bereits seit zwei Stunden, dass du weggehen</Unicode>
                </TextEquiv>
            </TextLine>
            <TextLine id="tr_1_tl_9" custom="readingOrder {index:8;}">
                <Coords points="1047,3232 1088,3228 1165,3278 1265,3256 1321,3219 1402,3247 1402,3116 1340,3129 1299,3101 1256,3119 1215,3113 1153,3163 1100,3135 1047,3129"/>
                <Baseline points="1065,3210 1110,3207 1154,3207 1199,3207 1244,3207 1289,3207 1333,3207 1378,3210 1408,3210"/>
                <TextEquiv>
                    <Unicode>sollet.</Unicode>
                </TextEquiv>
            </TextLine>
            <TextLine id="tr_1_tl_10" custom="readingOrder {index:9;}">
                <Coords points="813,3425 3313,3384 3313,3294 2714,3219 1736,3328 816,3291"/>
                <Baseline points="829,3392 859,3392 904,3389 948,3389 993,3386 1038,3383 1083,3386 1127,3386 1172,3386 1217,3386 1262,3383 1306,3383 1351,3383 1396,3383 1441,3383 1486,3383 1530,3383 1575,3380 1620,3380 1665,3380 1709,3380 1754,3380 1799,3380 1844,3380 1888,3377 1933,3380 1978,3377 2023,3380 2067,3377 2112,3374 2157,3374 2202,3371 2246,3371 2291,3371 2336,3368 2381,3365 2425,3365 2470,3365 2515,3365 2560,3362 2604,3362 2649,3362 2694,3362 2739,3362 2784,3359 2828,3362 2873,3359 2918,3359 2963,3359 3007,3359 3052,3359 3097,3359 3142,3356 3186,3356 3231,3356 3276,3353 3321,3350"/>
                <TextEquiv>
                    <Unicode>Er! Dass ich es kann, nicht dass ick es soll</Unicode>
                </TextEquiv>
            </TextLine>
            <TextLine id="tr_1_tl_11" custom="readingOrder {index:10;}">
                <Coords points="820,3612 1343,3587 1527,3668 1758,3577 2144,3634 2611,3562 2873,3634 3188,3577 3191,3475 820,3524"/>
                <Baseline points="838,3580 868,3577 913,3577 957,3577 1002,3574 1047,3577 1092,3574 1136,3574 1181,3574 1226,3574 1271,3574 1315,3574 1360,3571 1405,3571 1450,3571 1494,3571 1539,3571 1584,3565 1629,3568 1673,3565 1718,3565 1763,3565 1808,3562 1853,3562 1897,3562 1942,3562 1987,3562 2032,3559 2076,3559 2121,3559 2166,3562 2211,3559 2255,3556 2300,3556 2345,3553 2390,3553 2434,3553 2479,3550 2524,3550 2569,3550 2613,3550 2658,3550 2703,3550 2748,3547 2792,3547 2837,3547 2882,3547 2927,3547 2972,3544 3016,3541 3061,3541 3106,3541 3151,3541 3195,3541"/>
                <TextEquiv>
                    <Unicode>Sie! Nun, warum gehst du nicht? warum bist du, nicht</Unicode>
                </TextEquiv>
            </TextLine>
        </TextRegion>
    </Page>
</PcGts>
