3464 4104
2998 484 3128 667 14
683 569 3105 855 Er: Du entschuldiget, liebes Kind, es ist eigentlich
910 826 3183 956 nur Durst... (geht zu ihr und gibt ihr ein Stück
917 979 1473 1177 der Orange)
680 1141 3251 1343 Sie: (indem sie das Orangenstückchen in den Mund nimmt)
910 1330 3225 1489 Schlafen... essen... du wärst eigentlich
910 1505 1921 1694 der richtige Ehemann!
667 1704 849 1811 Kr:
871 1684 1460 1834 Findesz du?
663 1876 3271 2003 Sie! Ja, so hab ich mir immer die Ehemänner vorgestellt! -
888 2055 3033 2250 Das Unglaubliche ist nur - dass sich die dann
897 2217 2269 2390 wundern, wennman sie betrügt.
663 2334 3170 2594 Er: Ach Gott, sie wundern sich gar nicht - sie ärgern
904 2552 1336 2741 sich nur.
654 2731 3085 2887 Sie: Wenn sie sich wunderten, so müsste man sie auch
904 2929 2009 3098 ine Marrenhaus sperren.
654 3066 1073 3284 Er: Ja.
654 3264 1850 3456 Sie: Nicht ja! Es ist so.
647 3424 2182 3628 Er: Darum sagt' ich eben: „Ja“.
