3800 4216
3252 341 3378 492 11
1240 474 3433 600 haben - nein. Ich tue es auch nicht, um dich zu
1255 637 3464 797 beleidigen. Ich unterwerfe mich einer allgemei-
1304 834 3448 966 nen menschlichen Notwendigkeit; einem Naturge-
1274 984 2446 1178 setz.- Begreifst du das? -
1283 1175 3482 1344 ( schaut mit grossen Augen zur Dimmerdecke auf)
1021 1166 1237 1357 Sie:
1034 1357 3458 1507 Er! Ich gebe dir mein Wort: es häre mir tausendmal
1277 1517 3338 1667 lieber, wenn ich hier bis zum Morgen bleiben
1283 1677 3605 1877 könnte;- aber ich kann unmöglich die Naturgesetze
1301 1929 1812 2058 umstossen.-
1067 2040 3535 2215 Sie: Oh, es gibt Männer, die mehr getan haben, wenn sie
1304 2261 2135 2418 wirklich liebten.
1298 2372 3559 2575 Das ist ein Irrtum, mein Schatz. Man ist für Wei-
1074 2384 1264 2603 Er:
1317 2556 3547 2775 ber in den Tod gegangen,bisweilen,- aber man hat
1307 2778 3445 2944 noch nie ein Naturgesetz für sie umgestossen,
1326 2953 2421 3095 das geht nämlich nicht!
1092 3061 3562 3292 Sie! Also in den Tod gehen würdest du für mich? Dein
1326 3255 2756 3427 Leben würdest du mir opfern -?
1089 3448 2335 3618 Er: (bedeutende Bewegung)
1111 3645 3587 3808 Sie! Aber eine Stunde deines Schlafs, ein bischen von
