3496 4072
3081 135 3249 286 G.H.F.P
3033 334 3123 469 7
981 508 3195 647 dass ich schnarche... Und im übrigen... das von
981 707 2693 861 eine bis fünf - das ist auch so eine
731 845 2392 1047 sie: Na, ich lüge, wie gewöhnlich...
969 1005 3289 1185 Ich sagte nicht: Lüge.- Aber wenn du mich nur ein
728 1053 897 1182 Er:
975 1200 3243 1384 bisachen lieb hättest, würdest du dich vielleicht
975 1378 3249 1586 daran erinnern, dass wir um drei Uhr wach gewesen
972 1556 1234 1694 e ind.
743 1676 3117 1914 sie: Ich allerdings;- Du wärst es nicht besonders.-
731 1914 3150 2055 pr: Gleichviel... geschlafen... weiset du - ruhig
2569 2031 2928 2145 gestern
1029 2067 3283 2305 in meinem Bette geschlafen hab ich xxx von halb
1023 2260 3006 2419 sieben bis acht. Du wirst zugeben, dass das
963 2425 1920 2621 nicht sehr viel ist.
734 2645 2756 2777 Sie! Du hast von eine bis acht geschlafen.
966 2795 3069 2952 Wenn du mir also schon die Zeit bis fünf ab -
722 2831 900 2976 Kr:
960 2955 3207 3177 streitest - das wirst du doch einsehen, dass ich,
966 3159 3219 3319 um von hier nach Hause zu kommen, wach es in mues-
969 3355 3280 3475 te.- Es war auch ein solcher Schneesturm, dass ich
972 3481 3060 3683 im Nachhausegehen unmöglich schlafen konnte.-
