3816 4216
3352 438 3503 689 14
1026 601 3464 810 Er: Du entschuldigst, liebes Kind, es ist eigentlich
1271 804 3558 1039 nur Durst... (geht zu ihr und gibt ihr ein Stück
1281 1006 1820 1216 der Orange)
1033 1157 3614 1353 Sie: (indem sie das Orangenstückchen in den Mund nimmt)
1278 1369 3598 1572 Schlafen... essen... du wärst eigentlich
1284 1546 2277 1755 der richtige Ehemann!
1042 1745 1827 1921 Er: Findest du?
1042 1810 3663 2039 Sie! Ja, so hab ich mir immer die Ehemänner vorgestellt!
1274 2049 3431 2268 Das Unglaubliche ist nur - dass sich die dann
1284 2261 2676 2434 wundern, wenn man sie betrügt.
1052 2402 3575 2598 Er: Ach Gott, sie wundern sich gar nicht - sie ärgern
1300 2624 1732 2797 sich nur.
1065 2715 3499 2954 Sie: Wenn sie sich wunderten, so müsste man sie auch
1307 2964 2402 3160 ins Narrenhaus sperren.
1052 3134 1474 3326 Er: Ja:
1068 3277 2277 3529 Sie! Nicht ja! Es ist so.
1055 3450 2607 3722 Er: Darum sagt' ich eben: „Ja“.
