3800 4216
3262 392 3396 509 13
1197 548 3194 835 mern, während du dir die Schuhe zuschnürst?
979 793 2603 995 Er: Das ist leider nicht möglich.
975 904 3403 1188 Sie! Wer weiss? Für dich? Du bist ja ein förmlicher
1214 1171 1915 1383 Kunstschläfer.
989 1328 2760 1553 Er: (pfeift ganz leise vor sich hin)
998 1471 3435 1713 Sie! Du würdest mir einen Gefallen erweisen,wenn du
1246 1670 2199 1886 jetzt nicht sängest.
1011 1840 3488 2039 Er: Ich hab nicht gesungen, ich habe nur gepfiffen ;
1263 2006 3298 2215 wenn man das überhaupt pfeifen nennen kann.
1028 2143 3651 2411 Sie: Nein, wahrhaftig, das kann man nicht pfeifen nennen!
1021 2362 3426 2623 Er: Sag, wo hast du denn eigentlich das Obst hinge-
1289 2571 1631 2744 stellt?
1034 2731 1987 2930 Sie: Was willst du?
1044 2793 3517 3096 Er! Ach, da ist es ja! - Du erlaubst, (er nimmt eine
1295 3057 3400 3279 Orange von dem Aufsatz, der auf einem kleinen
1295 3246 2776 3465 Tischchen steht und schält sie)
1073 3406 3181 3703 Sie! Zum Essen hast du natürlich noch Zeit.
