3800 4200
1279 621 3526 793 dass ich schnarche... Und im übrigen... das von
1279 778 3086 995 eins bis fünf - das ist auch so eine -
1050 962 2727 1170 Sie: Na, ich lüge, wie gewöhnlich...
1306 1140 3635 1291 Ich sagte nicht: Lüge.- Aber wenn du mich nur ein
1056 1188 1240 1390 Er:
1303 1297 3583 1532 bisschen lieb hättest, würdest du dich vielleicht
1309 1505 3604 1653 daran erinnern, dass wir um drei Uhr wach gewesen
1321 1710 1568 1870 e ind.
1089 1825 3472 2015 Sie: Ich allerdings;- Du warst es nicht besonders.
1089 2003 3514 2196 Er: Gleichviel... geschlafen... weisst du - ruhig
2935 2117 3327 2244 gestern
1381 2193 3659 2362 in meinem Bette geschlafen hab ich xxx' von halb
1381 2395 3393 2570 sieben bis acht. Du wirst zugeben, dass das
1342 2552 2313 2739 nicht sehr viel ist.
1113 2675 3155 2929 Sie! Du hast von eine bis acht geschlafen.
1336 2920 3448 3089 Wenn du mir also schon die Zeit bis fünf ab
1104 2971 1291 3140 Er:
1363 3113 3620 3303 streitest - das wirst du doch einsehen, dass ich,
1360 3255 3613 3445 um von hier nach Hause zu kommen, wach es in muss-
1357 3432 3686 3698 te.- Es war auch ein solcher Schneesturm, dass ich
1372 3616 3481 3837 im Nachhausegehen unmöglich schlafen konnte.-
