3496 4152
2882 372 3023 641 17
609 571 1895 798 sie: Wann kommet du morgen?
609 786 1956 1020 Sr: Na, wann willet du denn?
616 994 1587 1190 sie: Wann du kannet.
609 1122 3097 1356 pr: Du weiset ja - von sechs Uhr abends an steh ich
843 1353 1789 1542 zu deiner Verfügung.
616 1504 1802 1741 sie: Also um sechs Uhr...
612 1693 1026 1879 Kr: Ja.
622 1856 1760 2068 sie: Haet du mich lieb?
616 2058 1032 2216 Er: Ja.
628 2183 1975 2382 Sie! Wie lieb hast du mich?
632 2385 2084 2559 Er: Wahneinnig! - Also adieu!
635 2514 3209 2719 Sie! Na - er kann’s schon nicht mehr erwarten!- Gib mir
625 2745 1414 2966 noch einen Kues!
622 2841 3181 3091 er: (küsst eie) Pah! - (nimmt die Eigarette und geht.
872 3075 1978 3248 Wie er bei der Tür ist)
638 3293 1138 3460 Sie! Du! -
651 3495 1327 3700 Er: Was denn?
