3816 4216
3217 388 3345 548 17
946 523 2239 821 Sie: Wann kommet du morgen?
965 783 2293 998 Er: Na, wann willst du denn?
981 991 1950 1180 Sie: Wann du kannst.
978 1081 3467 1379 Er: Du weisst ja - von sechs Uhr abends an steh ich
1222 1331 2162 1508 zu deiner Verfügung.
1001 1495 2194 1726 Sie! Also um sechs Uhr...
1017 1706 1469 1876 Er: Ja.-
1030 1838 2146 2098 Sie: Hast du mich lieb?
1036 2059 1472 2258 Er: Ja.-
1042 2165 2386 2412 sie: Wie lieb hast du mich?
1049 2377 2537 2595 Er: Wahneinnig! - Also adieu! -
1049 2441 3634 2778 Sie: Na - er kann's schon nicht mehr erwarten! - Gib mir
1068 2758 1854 2948 noch einen Kuss!
1078 2868 3621 3118 Er: (küsst sie) Pah! - (nimmt dieselbstte und geht,
1318 3095 2418 3323 Wie er bei der Für ist)
1097 3297 1581 3480 Sie: Du! -
1107 3464 1796 3708 Er: Was denn?
