3800 4184
1315 499 3498 730 (mildwie immer) Zum Lichtauslöschen brauch ich
1067 577 1240 767 Er:
1309 727 3628 980 nur eine Sekunde, aber, wie ich eben sagte, ich lese
1315 966 1722 1159 vorher -
1350 1061 3625 1324 Ich möchte nur wissen, was du den ganzen Tag tust,
1096 1148 1303 1350 Sie:
1338 1269 3282 1468 dass du in der Nacht Bücher lesen musst?!
1344 1445 3504 1664 Ich sage ja nicht, dass ich sie lesen muss
1113 1511 1275 1658 or:
1347 1606 3460 1799 aber ich bin es so gewöhnt,-sonst schlaf ich
1355 1762 3610 1975 überhaupt nicht ein... Da wird es ein halb vier,
1361 1984 3579 2169 Und um halb acht - da hilft nun einmal nichts -
1419 2157 3559 2356 um halb acht muss ich wieder heraus. Du siehet
1393 2304 3622 2518 ein, dass ich da nicht recht frisch zum Arbeiten
1393 2555 1993 2725 kommen kann.
1451 2656 3634 2878 Ja - ich weiss nicht, dus tust, als wenn ich dich
1159 2561 1376 2858 Sie:
1413 2866 3668 3074 davon abhielte?- Hab ichddch gebeten zu bleiben?
1427 3016 3535 3262 Du hättest mir ja auch abschreiben können, du
1433 3215 3596 3362 hättest dich schon um acht Uhr zu Hause schla-
1433 3380 3039 3631 fen legen können... bitte...
1442 3547 3671 3821 Schau, es ist ja wahrhaftig nicht notwendig, mich
1188 3527 1370 3737 Er:
