3816 4120
1369 504 2231 672 Halb Zwei.
1499 634 2342 786 nulle ettäuudestuksensaamme...
1245 751 2304 970 Von Arthur Schnitzler.
951 894 3346 1087 (Es ist nachts, halb zwei Uhr.-Bei ihr.Ein duftendes
935 1049 3343 1172 Zimmer, das beinahe ganz im Dunkel liegt. Nur die Am-
947 1134 3213 1261 pel, ein mildes Licht.-Auf dem Nachtkästchen eine
938 1210 3425 1344 kleine standuhr und eine Wachskerze in kleinem Leuch-
941 1306 3470 1458 ter, ziemlich tief herabgebrannt. Daneben liegt eine an-
941 1407 3403 1524 geschnittene Birne und Zigaretten.-Er und Sie wachen
954 1492 3498 1641 eben beide nach leichtem Schlummer auf. Aber sie wissen
938 1581 2586 1752 nicht, dass sie geschlummert haben.-
960 1743 2478 1920 Er: (sehr sanft) Du... Kind..
963 1882 1730 2095 Sie: (küsst ihn)
951 2044 3467 2243 Er: (küsst sie wieder)... Du...Kind..nun...nun muss
1198 2221 2066 2434 ich ja doch geh'n.
957 2364 3486 2602 sie: (plötzlich ganz fremd, kühl) Bitte, ich halte Dich
1198 2592 1511 2741 nicht.
1255 2700 3261 2950 (sehr mild) - Ich weiss, ich weiss; ich sag
963 2706 1128 2877 Er:
1214 2906 2072 3055 dir's ja auch nur.
970 3061 3055 3315 sie! Nun ja, ich halte dich ja nicht. Geh nur!
970 3235 3413 3460 Er: (antwortet nicht, macht aber keine Miene fortzu-
1210 3454 3397 3631 gehen.Schweigen.Etwas seufzend) Na ja, ich muss
