3512 4104
2950 379 3090 572 13
906 585 2891 795 mern, während du dir die Schuhe zuschnüret?
661 752 2299 997 Er: Das ist leider nicht möglich.
677 922 3093 1161 Sie: Wer weiss? Für dich? Du bist ja ein förmlicher
903 1135 1612 1311 Kunatschläfer. -
664 1262 2439 1514 Er: (pfeift ganz leise vor sich hin)
667 1458 3093 1638 Sie! Du würdest mir einen Gefallen erweisen,wenn du
909 1628 1880 1841 jetzt nicht sängest.
667 1782 3123 2018 Sr: Ich hab nicht gesungen, ich habe nur gepfliffen ;
906 1933 2950 2135 wenn man das überhaupt pfeifen nennen kann.
670 2135 3303 2318 sie: Nein, wahrhaftig, das kann man nicht pfeifen nennen!-
667 2338 3061 2492 Er: Sag, wo hast du denn eigentlich das Obst hinge-
909 2544 1269 2675 etellt?
677 2698 1622 2871 Sie: Was willst du?-
667 2799 3142 3012 Er! Ach, da ist es ja! - Du erlaubst, (er nimmt eine
909 3021 3021 3250 Orange von dem Aufsatz, der auf einem kleinen
919 3201 2394 3404 Tischchen steht und schält sie)
677 3391 2763 3636 sie: Zum Essen hast du natürlich noch Zeit.
