3512 4088
2968 373 3111 535 16
924 582 2352 806 Weil ich dich jetzt verlasse? -
681 709 3183 940 Sie! Du bist das roheste, was mir in meinem Leben vor-
924 968 1609 1126 gekommen ist! -
946 1095 3201 1285 (nimmt eine Øigarette aus einem Etui und brennt
688 1132 859 1291 Er:
930 1269 3152 1509 sie sich an dem Licht auf dem Nachtkästchen an)
927 1484 1518 1696 Pah, Schatz!-
703 1655 1752 1823 Sie: (antwortet nicht)
684 1836 3155 1991 Er: (geht langsam bis zur Tür. Bei der Tür) Adieu:-
688 2004 1509 2172 Sie: Du!... Du! -
691 2165 1609 2352 Er: Was wllist du?
688 2358 1571 2501 sie: so komm doch!
681 2526 3124 2713 Er: (geht ziemlich langeam zu ihr, die Eigarette im
943 2654 1179 2803 Mund)
697 2816 2035 2981 Sie: Gib die Eigarette weg!
703 2999 2781 3149 gr: (legt die Digarette auf die Lichttasse)
703 3198 3052 3317 Sie! (öffnet die Arme und zieht ihn zu sich herab,
940 3320 2841 3497 umarmt ihn lang, lang) Haft du mich lieb?
694 3500 1941 3724 Er: (einfach) Wahneinnig.
