3816 4136
1080 663 2692 852 endlich einmal begreifen. Nicht?...
1067 757 3449 1019 Sie! Halt ich dich denn? - Ich vereteh dichönicht!
1074 985 3513 1247 Er: Du bist beleidigt, ich merk’s ja. Du meinst. ich
1314 1180 3434 1396 hab dich nicht lieb... Ich bete dich ja an!
1317 1326 3634 1612 Schau... das musst du doch begreifen, nicht wahr?-
1317 1545 3637 1782 Man kann jemanden wahnsinnig lieben und muss doch
1332 1734 3145 1952 um acht Uhr früh aufstehn; nicht wahr?
1101 1916 3069 2102 Sie! Na so geh nur, es ist ja gleich acht.
1362 2065 3573 2299 (mit unvergleichlicher Milde) Ich habe ja nicht
1101 2098 1274 2247 Er:
1341 2208 3637 2415 behauptet, dass es gleich acht ist. Aber bevor es
1341 2400 3598 2655 acht wird, muss ich nämlich ein wenig geschlafen
1347 2625 1657 2737 haben.
1359 2664 3534 2877 Du hättest auch schon um zehn weggehen können.
1122 2698 1326 2898 sie:
1125 2841 3513 3096 Er: (w. o.) Es war für mich durchaus kein Grund, um
1353 3035 3640 3257 zehn wegzugehen, es gentigt, wenn ich um halb zwei
1366 3263 3540 3418 weggehe, oder auch um zwei. Denn... Du, Schatz,
1359 3418 1992 3637 hörst du...?-
1147 3601 1670 3795 Sie: Ja!...
