3832 4200
1300 600 3409 768 misezuverstehn - nein! - Ich sag' auch nicht
1303 756 3303 961 dass man nicht zuweilen mit vier oder fünf
1309 955 3446 1172 Stunden Schlafe genug hat; aber, Kind, er innere
1309 1088 3611 1334 dich doch; gestern war’s fünf,wie doh von dir weg-
1309 1347 1962 1515 gegangen bin.
1085 1465 3583 1667 Sie! Hab ich dich vielleicht gestern zurückgehalten? -
1322 1676 3642 1847 Und im übrigen hast du dich einfach verschlafen!-
1319 1826 3713 2034 Ja! von eins bis fünf hast du geschlafen, so ruhig!
1334 1959 3589 2199 Das heisst,r u h 1 g kann ich nicht sagen, denn
1347 2199 2308 2388 du hast geschnarcht.
1101 2348 3160 2578 Er! Das ist ein Unsinn. Ich schnarche nie.
1110 2563 3502 2699 sie! Na ja, du hast's ja gut, du schläfst Ja dabei, da
1353 2724 3505 2933 kannet du's nicht hören.- Ich versichere dich,
1347 2933 3614 3079 du schnarchst... So... hörst du? (sie schnarcht)
1359 3098 3269 3281 Wehn du glaubst, dass das sehr schön ist
1356 3306 3545 3465 Ah, das ist eine Erfindung von dir! - Ich kenne
1113 3256 1278 3440 Er:
1344 3437 3471 3645 Dich! - Du willet mir das Schlafen verleiden,
1393 3617 3558 3819 Oh gewiss, gewies! noch niemand hat mir gesagt,
