3480 4120
2919 410 3066 548 12
832 616 3007 767 deiner Bequemlichkeit bin ich dir nicht wert?!
610 745 2750 982 Er: (stwas verdüstert) Aber um Gottswillen
604 917 2071 1148 Sie: O, du bist ja eo falsch!...
598 1101 2944 1295 pr: Falsch! - Ja, sag mir nur - Ich möchte wissen,
842 1333 2919 1492 wie du zu diesen Worte kommet! Mit demselben
829 1483 3119 1618 Rechte könnteet du mir sagen, dass ich die Gewohn-
839 1661 3176 1830 heit habe, kleinen Kindern die Ohren abzuschneiden!
598 1805 2215 2024 Sie! Die Ohren! Oh, du bist brutal.
601 2018 3104 2153 gr: Brutal!- Ich brutal! - Ah! An! Ah! (er steht auf
845 2149 2212 2381 und beginnt sich anzukleiden)
613 2340 2972 2528 Sie: Das kannet du mir eben doch nicht abstreiten,
848 2522 2975 2681 dass du brutal biet, Da hilft dir deine ganze
848 2653 1661 2891 Falschheit nicht.
613 2847 1664 3044 nr: Du haet recht...
623 3007 1858 3216 Sie: Gewies hab ich recht!
613 3207 1937 3376 Er! Das sagt' ich ja eben.-
613 3385 3126 3564 sie: Nun, so darf ich es doch selber sagen? Oder stört
851 3526 3154 3708 es dich, wenn ich rede?- Möchtest du schon schlum-
