3816 4200
980 522 3413 702 schon längst fort? warum liegst du denn nicht schon
980 695 3705 892 eine Stunde lang in deinem geliebten Bett und schnarchst
994 838 3518 1065 Er: (ganz nahe) Kind - du siehst, wie schwer ich mich
1231 1086 3471 1269 von dir trenne! Es kostet mich ja jedesmal eine
1242 1279 3331 1411 Ueberwindung, einen Kampf... ich kann dir gar
1238 1435 3443 1571 nicht sagen, wie mir dabei zu Mute ist, wenn ich
1248 1601 3518 1761 aus diesem duftenden,halbdunklen Zimmer, aus dei-
1259 1812 3379 1954 nen Armen fort muss, hinunter auf die Strasse,
1269 1961 3443 2130 in die Nacht, in die Einsamkeit -ach Schatz, ich
1276 2120 3304 2304 sage dir, es ist geradezu ein Seelenschmerz.
1031 2307 3253 2534 Sie! Schön. Ich versteh dann nur Einse nicht...
1031 2524 1751 2700 Er: Was denn?
1038 2626 3657 2836 Sie! -Dass du dich so sehr nach diesem Schmerze sehnst.
1045 2785 3528 3023 Er: Ich sehne mich ja nicht nach ihm; ich nehme ihn
1282 3016 3532 3186 auf mich, weil ich nicht anders kann. Es muss ja
1293 3209 3484 3423 zu irgend einer Stunde geschieden sein, das ist
1296 3426 1788 3603 doch klar.
1058 3504 3352 3735 Sie: Zu irgend einer Stunde, ja... Aber warum denn
