3480 4104
2826 422 2958 563 15
557 578 2976 783 Sie: (setzt sich auf und betrachtet ihn, wie er eben
804 804 2220 997 seine Weste zuknöpft) Egoist!-
566 928 2892 1136 pr: Warum findest du denn plötzlich, dass ich ein
804 1151 1440 1341 Egoist bin! -
566 1262 2982 1518 Sie: Ach Gott! - Ein Mann! - Ich bin eben nur immer
807 1488 3094 1681 die Dumme, die das noch nicht weghat, wie man Buch
813 1690 1542 1871 behandeln muse!
575 1811 2476 2039 gr: Dae kommt mir auch manchmal so vor!
587 1970 2994 2184 Sie! f Herzloe! Kalt! Dürr! Vertrocknet! (schüttelt
837 2169 2964 2365 sich. sie legt sich wieder nieder und vergräbt
834 2377 2573 2546 eich bis unter die Nase in die Decke)
862 2512 3055 2699 (ist vollkommen angekleidet und stellt sich vor
599 2558 768 2735 Er:
844 2726 2841 2868 sie hin) Also warum bin ich eigentlich ein
853 2892 1202 3055 Ego ist?
612 3076 1639 3241 Sie: Frag mich nicht!
602 3223 3022 3446 Er: Du willet mir nicht sagen, warum ich ein Egoiet
892 3398 2874 3609 bin?- Weil ich eine Orange gegessen habe?-
