3544 4136
692 480 3116 803 Er: (mildwie immer) Zum Lichtauglöschen brauch ich
926 711 3239 995 nur eine Sekunde, aber, wie ich eben sagte, ich lees
942 967 1352 1141 vorher -
711 1059 3255 1327 sie: Ich möchte nur wiesen, was du den ganzen Tag tust,
961 1226 2917 1473 dass du in der Nacht Bücher lesen musst?
758 1397 3144 1656 er: Ich sage ja nicht, dass ich sie lesen muss;
992 1574 3094 1801 aber ich bin es so gewöhnt,- sonst schlaf ich
1002 1744 3233 1972 überhaupt nicht ein... Da wird es ein halb vier
1021 1940 3211 2180 Und um halb acht - da hilft nun einmal nichts -
1068 2117 3195 2329 um halb acht muss ich wieder heraus. Du siehet
1033 2291 3255 2509 ein, dass ich da nicht recht frisch zum Arbeiten
1052 2522 1656 2714 konnen kann.-
1078 2575 3296 2853 Ja - ich weise nicht, duk tust, ale wenn ich dich
828 2746 1040 2898 Sie:
1068 2822 3346 3046 davon abhielte?- Hab ichddch gebeten zu bleiben?
1087 3011 3201 3223 Du hättest mir ja auch abschreiben können, du
1115 3166 3274 3410 hättest dich schon um acht Uhr zu Hause schla-
1106 3359 2705 3574 fen legen können...bitto...bitte.-
1125 3498 3353 3707 Schau, es ist ja wahrhaftig nicht notwendig, mich
875 3561 1049 3741 Er:
