3640 4120
1225 560 2102 749 Halb Zwei.
1244 707 2185 880 x. v. o.r. * * *r * *a * * - * *. * *
1094 876 2162 1030 Von Arthur Schnitzler.
780 1036 3208 1174 (Es ist nachts, halb zwei Uhr.-Bei ihr.Ein duftendes
780 1142 3186 1280 Zimmer, das beinahe ganz im Dunkel liegt. Nur die Am-
780 1254 3071 1343 pel, ein mildes Licht.-Auf dem Nachtkästchen eine
774 1324 3279 1430 kleine standuhr und eine Wachskerze in kleinen Lauch¬
777 1401 3301 1516 ter,ziemlich tief herabgebrannt. Daneben liegt sine an¬
787 1507 3263 1615 geschnittene Birne und Zigaretten.-Er und Sie wachen
787 1599 3352 1702 eben beide nach leichten Schlummer auf. Aber sie wieren
777 1667 2431 1842 nicht, dass sie geschlummert haben.-
784 1836 2364 2018 Er: (sehr sanft) Du... Kind.
793 1967 1574 2166 Sie: (küsst ihn)
787 2124 3327 2335 Er: (küsst sie wieder)...Du.. Kind. nun. nun muss
1036 2309 1900 2463 ich ja doch geh'n.
787 2489 3327 2690 sie: (plötzlich ganz fremd, kühl) Bitte, ich halte Dich
1017 2671 1334 2853 nicht.
787 2793 3096 3023 Er: (sehr mild) - Ich weiss, ich weise: ich sag
1036 2991 1890 3167 dir's ja auch nur.
796 3183 2895 3378 sie! Nun ja, ich halte dich ja nicht.Geh nur!
806 3355 3234 3522 Er: (antwortet nicht, macht aber keine Miene fortzu-
1030 3471 3224 3723 gehen.Schweigen.Etwas seufzend) Na ja, ich muss
