3816 4216
3285 358 3427 522 16
1232 571 2658 766 Weil ich dich jetzt verlasse? -
1007 716 3489 948 Sie! Du bist das roheste, was mir in meinem Leben vor-
1254 985 1945 1142 gekommen ist! -
1247 1087 3529 1334 (nimmt eine Eigarette aus seinem Etui und brennt
1013 1189 1198 1349 Er:
1266 1287 3489 1504 sie sich an dem Licht auf dem Nachtkästchen an)
1257 1504 1856 1677 Pah, Schatz!-
1034 1652 2100 1849 Sie! (antwortet nicht)
1034 1819 3498 2103 Er: (geht langsam bis zur Tür. Bei der Tür) Adieu! -
1050 2050 1828 2220 Sie: Du!... Du!
1056 2192 1988 2390 Er: Was willst du?
1065 2393 1942 2584 Sie: so komm doch!
1334 2532 3523 2723 (geht ziemlich langsam zu ihr, die Eigarette im
1074 2578 1281 2810 Er:
1321 2705 1572 2847 Mund)
1099 2840 2430 3035 Sie: Gib die Eigarette weg!
1093 3004 3189 3230 Er: (legt die Eigarette auf die Lichttasse)
1102 3168 3470 3381 Sie: (öffnet die Arme und zieht ihn zu sich herab,
1349 3362 3245 3560 umarmt ihn lang, lang) Haft du mich lieb?
1115 3526 2346 3782 Er: (•infach) Wahnsinnig.
