3480 4088
632 535 3046 709 schon längst fort? warum lieget du denn nicht schon
632 730 3332 891 eine Stunde lang in deinem geliebten Bett und schnarchat
646 864 3151 1106 Er: (ganz nahe) Kind - du siehet, wie schwer ich mich
881 1073 3090 1234 von dir trenne! Es kostet mich ja jedesmal eine
891 1237 2959 1429 Ueberwindung, einen Kampf... ich kann dir gar
884 1392 3070 1611 nicht sagen, wie mir dabei zu Mute ist, wenn ich
891 1594 3147 1782 aus diesem duftenden,halbdunklen Zimmer, aus dei¬
898 1812 2999 1977 nen Armen fort muss, hinunter auf die strasse,
908 1920 3067 2115 in die Nacht, in die Einsamkeit - ach Schatz, ich
905 2105 2942 2273 sage dir, es ist geradezu ein Seelenschmerz.
669 2307 2882 2495 sie! Schön. Ich verateh dann nur Einse nicht...
676 2508 1446 2660 Er: Was dann? -
696 2616 3295 2835 sie: -Dass du dich so sehr nach diesem Schmerze sehnt. -
679 2821 3141 3006 Er: Ich sehne mich ja nicht nach ihm; ich nehme ihn
925 3003 3154 3218 auf mich, weil ich nicht anders kann. Es muse ja
918 3161 3114 3342 zu irgend siner Stunde geschieden sein, das ist
935 3376 1416 3537 doch klar.
703 3487 2986 3709 sie! Zu irgend einer Stunde, ja... Aber warum denn
