3816 4248
3234 366 3393 551 19
1208 611 3465 816 sechs Uhr früh kommen. Weit und breit kein Wagen.
1199 816 3436 969 Er hat seine Ueberschuhe oben vergessen, weil er
1208 957 3416 1153 das immer tut, und hat sehr dünne Lack schuhe an,
1214 1124 3465 1320 weil sie ihn sonst nicht lieben würde). Der Teu-
1211 1335 3525 1533 fel soll mich holen, wenn ich morgen um eine Minu-
1234 1502 3462 1675 te später als Mitternacht weggehe. (Er erinnert
1231 1655 3384 1868 sich eben, dass er das die letzten vier Wochen
1234 1853 3468 2052 allnächtlich auf derselben Stelle zwischen drei
1291 2003 3424 2185 und sechs Uhr morgens gesagt hat und spaziert
1245 2199 3522 2358 lächelnd weiter. Nach dreiviertel Stunden ist er
1254 2361 3494 2519 vor seinem Tor angelangt; es fällt ihm ein, dass
1257 2465 3571 2712 auch sein Portier taub ist, und dass er eine Vier-
1274 2669 3505 2903 telstunde wird läuten müssen.- Da merkt er, dass
1280 2848 3378 3081 das Tor schon geöffnet ist.- Ein Lächeln des
1277 3070 2813 3292 Glücks zieht über sein Antlitz).
