5052 4280
3266 270 3448 442 G.C.H.P.
2746 532 3623 689 C spouss nouvela 9
3754 577 3942 691 et V:A:S:
4041 560 4383 672 G.C.F.P.
4052 693 4648 832 est même très bien dans le
2746 657 3528 807 CALESepoA 3G0 NOMONA
4064 826 4322 957 G.H.I.C.O
3678 767 3883 944 soo:
2750 828 3456 982 G.H.F.K.S.
3342 927 3879 1137 24/12 94.
2854 987 3086 1179 1.
4430 1079 4631 1175 G.C.H.F.P.
2294 1003 2818 1278 and
2613 1331 3268 1462 Werther Ein Doxos!
2208 1451 3908 1605 Ich habe Sterben bis nun zwei mal. gelesen, und werde weil
2203 1616 3845 1726 vom darauf zusückkommen. Es ist eine höchst läutige nur eine
2208 1720 3845 1836 wichlich meckwürdige Arbeit in der Qualgee von wiskoamder
2212 1798 3887 1958 Teinheit und Tief. Inwunternowerk ist die Kunst, mit weder
2205 1905 3883 2045 Sie den zeitliche so Knappen und vom für die Vorgänge fast
2218 2013 3828 2151 zu weitgesteckten Rohmen mit Leben zu füllen wissen. So ist
2205 2102 3857 2269 Ein vollkommen Udbewürfte Swlentern; was Abochweisung 4-
2208 2197 3847 2372 sereinen Krönnte, führt nur resto schwer eine tödten Ende.
2208 2296 3883 2467 Manamal möchte ich mit mehre Zeidenachtlichkeit verlangen;
2212 2417 3904 2533 besondere am Schlusse Könnte ein däscher Temperament ausch.
4029 2446 4443 2607 Doors.
2214 2520 3815 2677 wurden. Aber: Sie haben in deren Arbeit einen mächtigen
4024 2584 4751 2765 décembre, qui ouvrage
2220 2622 3881 2776 Ruek vorwäste getan mit will an ihnen sagen, in wie ferne
2212 2734 3851 2867 mis Arbeit das Köchste dünkt: im Sinne an Arbeit an sich
4026 2742 4339 2881 DTAOLCO
2205 2856 3866 2985 selbst. Da nun eint Sie tüchtig und Notia am Weske und
4048 2843 4859 2991 ﻿D’Ärge et 7,3.
2214 2949 3864 3084 tatum rücken Sie vor in schönen Erfolgen mit zu einer er¬
4026 2962 4829 3124 Dr.s.F.R.P.S.
2208 3034 3775 3207 den Stellung, auf die sie heute schon Anopruch haben.
2218 3162 3167 3331 Es grüßt und wegsützt Sie heisliche
3101 3241 3257 3372 th
3329 3268 3560 3538 Daire
2854 3678 3065 3881 G.H.F.P.
