5917 4967
4689 156 5184 304 Ostaint, 4 Uhr.
1231 163 2038 337 gutte dankt u. gräßt
184 133 866 368 Berlin, Thl St.
1634 230 2212 434 Herzlichst.
2441 186 3647 444 Mainlieber Herr Doctor!
3981 278 5194 472 Sehr verehrter Herr Dr I
194 291 1328 432 Linbar kleiner Doctor:
2462 360 3815 552 die Kritik über Anatog:
3976 424 5005 608 Heute endlich habe ich von der
140 416 2023 590 Ich druck Ihnen sehr für Ihr lieb es schreiben. Mitte
3992 524 5304 690 Allgemeinen das Manuscript
2452 518 3432 700 (2 spalten) est ceci
212 544 2252 672 der möchsten Woche bin ich nieder in Wien (über Leipzig-Prag)
3992 608 5143 794 wieder erhalten u. die beide andern
148 623 2046 758 Ich vergeß damals Loris zu grüßen. Bitte,
2475 628 3815 804 - Jännerhaft der »Gesellsch.«
4032 712 5245 840 Autoren sind ihnen nicht wichtig
181 718 2148 904 tragen Sie das nach, wenn Sie ihm schreiben.
2457 715 3670 899 erschienen. Belang wird
3981 794 5118 945 genug und ihr Anatol haben sie
117 833 2166 996 Duße von der Wolter? Jemme! Weugraf verreiss sie!
2452 840 3731 1014 die Schriftleitung an den
4002 871 4704 983 binits acceptiert.
135 942 2173 1062 Bahr hob sie in alle Himmel  - beides spricht gegen
4027 937 5187 1078 Erst 4 Wochen werde ich so
2452 935 3795 1098 Verlag mich Berlin schicken.
120 1055 2125 1185 sie. Aber Ihre Worte machen mich stutzen. Wollen mal
4022 1029 5159 1200 Hingehalten! Noch heute sind ich
2469 1042 3790 1195 Wennig kommen s is nicht
140 1149 2120 1262 sehen, was sich machen lässt“ Ich bin zwieck letzte, der
4009 1136 5271 1320 (Anatol allein) an die "Gupersch.
2452 1154 3588 1325 mehr ins Prinzteidl.
123 1218 2102 1407 der Frau nicht ihr Recht widerfahren läßt. Leben
4083 1228 4535 1366 d. s. extra
2480 1259 2865 1428 Wie zahl'b,
123 1308 2143 1453 Sie recht wohl, ertrunken Sie mir nicht u, sein Sie
3979 1302 5319 1496 Freilich ist es schon spät für Degen unterschafft.
347 1371 1931 1606 mir herzeichst. geprüsst. Ihr Karckraus
2472 1356 3547 1568 Herzlichste Grüße.
3979 1428 5067 1581 Werde jedenfalls meinen ganzen
2541 1512 3654 1719 Prost Neujest.
3989 1527 5261 1688 Ainfluß geltend, machen, dass er noch
3992 1611 5332 1790 ein Iecembhaft kommt. Wenn nicht
2533 1645 3328 1877 Ihr sehr ergeb.
478 1739 1062 1854 Wien, 22/I 93.
4009 1721 5207 1892 ist der Herr Osten, nicht ich dem
508 1762 2081 1951 Lieber Herr Doctor! Bei gerde in
3992 1826 5222 1997 schuld. Herzlichsten Gruß Ihr
2641 1828 3570 2071 Karl Kraus
511 1936 2145 2071 einer Hochzeit drin; beide mich
4045 1954 5319 2089 erheb. Kaal Kraus, Maximehantr. 13.
2628 1933 3731 2217 I Madimilianstr.
506 2023 2056 2150 aber trotzdem Schon lieben Brief
4027 2053 5207 2209 x Bitte, das kam Doctor und
529 2135 2143 2280 den ich eben erhielt, zu beantworten;
3218 2109 3412 2268 13.
4099 2181 4908 2357 Dichter heißen!
524 2227 2137 2372 ich hatte einenlich gleich nachm. für Lie¬
498 2332 2173 2477 Kritik ausschnitt vorbereitet u. derzi¬
2929 2413 4829 2515 * * * ̃ * * *
488 2449 2206 2567 ein Briefchen geschrieben, welches ich nun
4158 2462 4510 2564 Leuenb.
4689 2462 4865 2556 Seite
4824 2533 4947 2911 yitääjärjän liiwittään
516 2487 1813 2646 Freilich nicht benützen kann.
4135 2523 4709 2628 I know that I
539 2584 1961 2776 Also ich bin in der angenehme
3016 2559 4755 2817 hiebe Doctor Schmitzler!
506 2697 2199 2865 Lage, Ihnen einen Ausschnitt bereits
554 2773 2148 2960 heute verschaffen zu können. Anbei
2965 2740 4873 2957 Otto Jüling Bierbaum fordert Sie,
521 2860 825 3013 ist er.
3093 2914 4724 3116 durch mich auf, ihm wirs
4786 3113 4959 3626 ̃ ̃ — — —  — —
3011 3057 4617 3236 für seinen Mod. Musen¬
2970 3172 4668 3333 Almanade 1894 zukommen
3001 3297 4607 3450 zu lassen. Der Almanalz erscheint
3093 3379 4691 3575 7. Septemb. 93. Endlerin für
2924 3473 4507 3693 die Hinsendung 1. Juli. Adresse:
2911 3631 4441 3774 O. J. Bierbrunn Oberbayern:
2911 3718 4661 3920 Post Beuerberg; Auf der Or¬
4750 3882 4942 4620 * * * * ̃ *  *   * *
2934 3892 4719 4030 Über den Anatol schreib ich einige
2942 3971 4737 4163 Zeilen für N.l.Bl. (Bolmen) 1. März,
2960 4086 4727 4221 welche W' in 4 - 5000 Ex. erscheinen
2965 4191 4691 4326 wird. Demnächst erhalten Sie von
2980 4275 4722 4467 mir Druckhörte: Aufforderung zur
2957 4369 4101 4553 Sationauthologie.
2996 4492 4804 4730 Grüß u. Handschlag. W Kare Kr aus¬
