5946 4793
1487 671 4693 845 Arthur Schnitzlers einaktige Komödie "Abschiedssruper" fand im Ischler
1504 828 4715 977 Stadttheater ihre Probeaufführung. Das kleine oberösterreichische Curattheater
1508 973 4328 1138 ist die erste Kühne, die sich des prächtigen Stückleins angenommen hat.
1525 1066 4927 1223 Der überaus lebendige, geistreiche Einakter, der eine geradezu braveruröse Technik
1529 1202 4812 1376 aufweist, ist die wirksamste der sieben. Anatolstucken (siehe Besprechung in Nr. 18)
1504 1283 4693 1431 und fand den lebhaftesten Beifall, den nur einige „verschämte“, in ihren heiligsten
1529 1363 4940 1614 Gefühlen verletzte Angräste im Interesse der völliken und zurücken Sicherheit abwehren zu müssen
1546 1465 4766 1707 glaubten. Gespielt wurde recht trav; namentlich geichnete sich der treffliche Jarno vom
1563 1563 4889 1856 Berlinger Residerztheuter als Max aus. Die formose Schlußpointe giengleider wirkungslos, weil
1567 1614 2408 1792 unverstanden, orriker.
1525 1712 4889 2047 Arthur Schnitzler, neben Loris der talentvollste unter den wenigen talentierten Wienern,
1542 1801 4953 2200 hafte hat an diesem Abend die Concurrenz - der Herren Moser & Misch aushalten müssen,
1346 1822 1733 2009 dreiaktiger
1584 1928 4995 2332 deren Schwank "Fräulein Frau" gegeben wurde. Nach dem grobkörnigen Schablonenmehmerk
1589 2077 4902 2442 das graziöse Künstwerkchen! Das war denn nun ein beschämend leichter Sieg für Urthe
1572 2166 4804 2527 Schnitzler. Daß sich gleichwohl die beiden Schwankherren mit ihrem "fräulein Frau" die Bühnen
1572 2238 4851 2689 früher erobert haben als Schnitzler, der ja doch zu den bösen Modernen i. l. Unsittlichen gehört
1576 2387 4655 2731 mit irgend einem seiner Werke, ist bei der Einsichtslosigkeit unserer Bühnenleiter
1576 2430 1933 2659 begreiflich.
3785 2659 4112 2876 (k.k.)
