5933 4936
2750 324 3010 582 Ischl,
2984 482 3908 698 2. 21. Juli, 1893
1878 548 2394 740 KARL KRAUS
1096 603 1322 722 " " "
1751 824 3851 1082 Mein liebster, verehrter Herr Doctor!
1817 1090 3693 1296 daß Sie so „spurlos“ sich aus dem
1891 1259 3819 1462 Staube gemacht haben, thut eine sehr leid.
1912 1396 3785 1580 Seit Ihrer Vorstellung haben wir uns
1907 1522 3079 1683 ja gar nicht gesprochen.
1907 1625 3748 1859 „Sieh ist du, dies hatt’ (1.1.) ich dir doch nicht
1912 1817 3922 2015 gesagt!“ - ich werde diesen genialen
1904 1933 3851 2131 Zug in Frl. Falkners Vorstellung.
1883 2086 4001 2283 me vergessen. Und darauf noch dröhrender
1915 2215 3930 2391 Alpenpapplais Mr. X auch die zweck
1899 2349 3956 2542 Schlußkomte (Es ist ja leicht gegangen etc.)
1873 2457 3829 2660 unnöglich möchte! Von ihm
1904 2597 3848 2823 "Bordelstück" Abschiedsøniger
1915 2763 3442 3000 wird hier viel gesprochen.
1933 2889 3679 3134 Meine herzlichste Gratulation
1909 3071 3829 3326 zu Kritik in N. Fr. Presse (und
1886 3205 3953 3429 Bauer im Extrabsatt /! Sehr dämlich
1880 3329 3669 3585 hat sich Herr Skrein in der
1988 3511 3666 3769 Allgemeinen gewußert.
1983 3674 3595 3914 Das mal haben U. Fr. Pr. xxx
1957 3835 3882 4153 Allgemein die Rollen getauscht
