5949 4952
1040 519 2276 708 (Dieselbe!! In dieser Form!!)
670 634 2646 829 Nun schickte ich die Arbeit — auf's Geertwohl —
653 760 2531 947 an’s Magazin“. Nach 8 Wien schrieb mir
629 845 2800 1076 Paul Scheettler für die Redaction. Herr Besprechung
648 988 2649 1161 der beiden Wiener "Neurotiker acceptirt
694 1114 2127 1296 das Magazin mit Vergnügen.
629 1233 2550 1364 Als ich nach Berlin kam, möchte man auch
629 1326 2803 1482 auf die bereits erschienene Kritik aufmerksam
618 1433 2591 1567 Ich von den Thbl. von Herzen dankbar, daß es die
719 1545 2575 1716 Kritik retrumierte. Man durch diese Kritik
662 1631 2811 1825 die Otto Neumann - Kofer und die andern Herrn (auch Bauch geben)
664 1735 2643 1897 außerordentlich lobten, schuß ich mir feste Porition
678 1853 2654 2031 im Magatie. Die Reise wurde sofort honoriert
664 1935 2646 2130 und reiten Artikel (über Wiener Litteratur
763 2059 2553 2259 "Decirdence" etc) sozusagen - bestellt?
667 2182 2649 2396 Ich glaube, es sind schon 4 Monate her, daß
694 2317 2830 2520 um Herr Specht sein Büchlein schickte, aus
686 2418 2454 2632 Ich konnte also seit Abfassung des
700 2545 2729 2720 vor 2-3 Wochen erschienen Artikel!
719 2657 2696 2880 derselbe ist entstanden lange, lanje, bevor
686 2750 2764 2959 ich Herrn Specht, den vielich mit Müh und
675 2847 2641 3105 Not beschafften „Sündentrauen" beleg
684 2981 2454 3170 schickte und der lassen jene minösen,
692 3099 2707 3289 aber durch und durch freundlichen Brief schrieb, der den
656 3206 2740 3453 jännlosen Witz F v dor - Maunberi enthielt,
648 3280 2435 3588 sie ist entstanden, lange bew ich Herrn
692 3385 2465 3717 Domann persönlich keinen lernt,
656 3558 2770 3881 so diese also werde von einem
675 3725 2196 4071 persönliche Gesichle
3033 615 4675 925 Herrn Specht gegenüber
2937 848 5012 1145 noch von einer "Decinflüssung
2943 1043 4796 1312 chef Domann ich Rach
3003 1213 3975 1477 sein kann.
2926 1383 4263 1672 Das beschwöre ich
2888 1636 4872 1834 Alexanis Lomtobler, Alexander
2926 1776 5048 2007 fugal, Anton Linden et ek
2956 1902 5010 2160 andere Freunde sind Zeugen!!
2918 2078 5122 2292 die Kritik (gang in der jetzigen Gestalt II.
2948 2234 4892 2443 ist - vor Monista - aus einer
2932 2369 4628 2564 ehrlichsten vollsten, ureigensten
2965 2490 4713 2740 Überzeugung heraus entstanden
2910 2613 4957 2844 Nichts liegt eine Ferne als Uehrlichkeit
2934 2759 4601 2998 als „Rachegefühl“ und jüdisches
2951 2890 4820 3132 tagschreiberthum. Man hüte sich, mich
3014 3030 4691 3280 in dieser underbrächtigen Weise
2973 3138 3890 3338 zu verleumten!!
2929 3239 4905 3503 Ich hasse und fahrte diese falsche, erlogene
2934 3415 4826 3651 "Deendence", die artig mit sich selbst
2934 3549 4796 3741 coquettiert; ich bekämpf und verst
2926 3667 4656 3881 immer bekämpfen: die posierte,
2951 3788 4774 4049 Krankhaft, onernierte Ponsi
