6008 4841
1442 556 1697 751 P.S.
2168 677 3744 896 Ischl, Rausauer, 12.8.93.
2112 937 3757 1221 Liebster Doklos! Eben selt ich nur
2141 1108 3591 1354 von der Post den Briefe u. Beile
2135 1254 3607 1452 mich, Ihnen auf Ihr Schreiben ge¬
2182 1374 3751 1593 antworten: ich bei über die Auskunft
2215 1505 3607 1679 the kom lutts gisus paff
2239 1634 3720 1822 es ist nur ein im Träume
2237 1746 3646 1953 eingefallen, den Magistin
2184 1883 3530 2047 eine Rechtige aus der Luft
2190 2010 3732 2170 gegriffene Mittheilung zu machen.
2262 2092 3847 2315 das wäre dann eine höchst abgekünächte
2260 2207 3746 2376 Fopgere immer Seitz gewesen,
2256 2297 3865 2546 wenn ich Ihnen dann a freudig überasen
2276 2442 3730 2630 ders Blatt senden konnte: Sehen Sie
2258 2560 3812 2751 Da steht uns über das "Uldich in drin¬
2223 2648 3552 2881 Wie gehört, liebster Herr Doktor
2243 2820 3775 2980 nie und nimmer würde mir
2233 2955 3736 3143 sonders einfallen 1 φ
2280 3076 3742 3262 Erb und (Sie wissen ja, bei
