5917 4967
427 1775 2104 1985 haben Sie zufällig Fr. Bühne Jänner
483 1910 1895 2076 haft in die Hand bekommen.
399 1989 2102 2198 Lesen Sie den Artikel von Holländer
483 2130 1929 2264 über Herr und Bahr, den er
376 2228 1955 2403 in gewordige Jummer Weise in Re¬
382 2343 1948 2506 Gimmel habt. Dort finden Sie bei der
429 2442 1985 2566 Stelle über Bahr's Dora-Schmarrin den
429 2517 2064 2679 Holl. für das größte prycholog. Kunstreck
399 2625 2072 2779 fält (1,1!!), denn sehr, sehr schmeichelhaft
387 2690 1995 2865 Bemerkung über einen grüssen Arthur
387 2771 2104 2918 Schwitzler. Verzeihen die mir, Liebster, den Franz
387 2890 2042 3008 Moor! Soll gewiss nimmer vorkommen! Hitte!
404 2980 2098 3147 bitte. Viele Grüße ihr sehr erpb. Karl Kraug.
4285 583 4719 733 Von tämätigsten werden.
3027 598 3185 752 1 i
