5949 4952
4773 563 5633 821 V-V. '' ''V -' -'
2939 591 3577 785 Wien am 19. 3.
3707 599 3954 749 1823
4185 599 4457 783 V. U. F.
1995 624 2650 813 Karl Kraus
2098 799 2550 921 WIEN. —.—
2001 907 2625 1024 I., Maximilianstrasse 13.
1837 1079 2911 1274 Sehr reuhrte Herr Doctor!
1856 1252 4079 1399 Leider sehe ich mich genöthigt, mich in einer Angelegenheit
1870 1340 3974 1487 an Sie zu wenden, mit der Sie gewies nicht gerne.
1845 1418 4052 1571 belästigt werden. Aber, da ich Sie, liebe Herr, stets Hofgespätzt
1851 1529 4085 1659 und geachtet habe, so will ich  auch Ihnen mich ganz offenbaren.
1848 1623 3863 1762 Sie können ermessen, wie sehr es mich kränken mußte,
1870 1698 3952 1870 daß Sie mir vorgestern im Gerenstandl, nachdem wir uns
1854 1776 3974 1909 & Wochen nicht gesehen hatten, mit sichtlicher Kälte und - ich möchte
1843 1876 3322 1998 sagen — „ceremonieller „Höflichkeit“ begegneten
1845 1951 3879 2078 Und weil es mir nun ganz einem furchtbar und ruhig dran
1845 2042 3877 2153 liegt, daß sie liebsten Herr Dr. Schnitzler, von mir gut denken
1881 2084 3996 2248 oder so denken, wie über mich zu denken ist, so will ich Ihnen, damit
1865 2176 3929 2295 Sie sich durch nichtige Redereien bestimmen lassen, mir böse zu
1870 2270 3799 2384 sein und mich quasi für einen „Aussätzigen“ anzusehen,
1870 2370 2861 2486 folgende Thatsachen mittheilen:
1865 2409 4057 2550 Meine in No 8 des "Magerzin" enthaltene Dörmann-Specht¬
1887 2520 4090 2678 Recension ist in dieser Form bereits vor Monaten entstanden
1873 2600 3913 2744 Herr Richard Specht sandte mir im November od. December
1840 2714 4029 2855 (ich weiß nicht genau, vom) seine Gedichte. Ich schrieb sofort (nach
1881 2822 4074 2947 2 - 3 Tagen) eine Kritik, diese Kritiek (mit Darmann zusammen
1887 2875 4024 3041 berprach ich ihn; F. D. „Sansationen" sandte mir gerade vorher
1918 3005 4074 3136 d. Weiß zur Recension). Dormann konnte ich damals
1881 3058 4090 3272 noch nicht. Den Annte ich erst später durch Vermittelung
1940 3175 3760 3333 Dr. Bell - Hofmann's persönlich kennen
1901 3272 3899 3452 die Kritik gab ich den Tagblick. Alexander
1929 3410 3830 3524 Landesberg behielt sie volle 2 Monate bei
1940 3485 3860 3638 sich, ohne sich zu entschieden. Endlich gleich ich hin.
1918 3621 3907 3721 Er erklärt, dieser Sache keinen so breiten
1920 3663 4027 3907 Raum gewähren zu können. Ich sucht sie heraus,
1895 3763 4038 4046 fand sie nach langem Suchen und gab sie mir.
