5933 4936
746 620 2387 925 Ich habe eine Notiz an das
764 823 2432 1085 Wiener Teptlatt geschieht,
698 1010 2258 1221 hofentlich wird (oder, wo
751 1141 2640 1382 Sie diesen Brief erhalten) wurde
687 1302 2437 1550 es gebracht. Im Magazin
687 1467 2737 1708 wird nichts erscheinen. Allerdings
714 1630 2742 1873 bin ich nicht schuld. Damit Sie meine
706 1801 1871 1996 guten Willen sehen,
1855 1799 2611 2018 konnt ich thom
1860 1916 2186 2012 potis.
660 1951 2632 2175 beiliegen meine Kritik, eti mir
657 2082 2648 2352 heute Neumann = Hofer zurücksei¬
633 2237 1852 2459 mit der Bemerkung:
714 2371 2547 2654 Eine Vorstellung in Ziehl kann
681 2571 2603 2811 in einem Wochenblette nicht
716 2710 2638 2974 besprechen werden. Solche gelegentlichen
690 2860 2616 3132 Ereignisse sind auf die Notiznahme
665 2974 2782 3301 seitens der Tafellätter beschränkt.¬
647 3108 1422 3301 Na, also! -
679 3258 2616 3624 Deorient't Verlesung aus
612 3448 2074 3688 nammllig Tontane.
671 3586 2256 3872 Ich habe ihm gleich nach unserer
660 3736 2437 4100 seinerzeit. Unterwendig nach
660 3859 2095 4207 Wien geschrieben, er solle
2983 532 4864 767 Liliencron lesen. Nun hat es
2969 668 4666 885 mich — selbst aufgefügt.
3007 820 4664 1005 wirbesamt, was? Mir
2985 965 4912 1147 gedrükt; Silianeron, den er bis
2966 1104 4960 1352 gleich kaufte, hat ihn untzückt
2980 1256 4912 1473 u. er wird ihn bestimmt gei Wien
2985 1363 4792 1612 vorlesen. Er frösse mich auch
2993 1529 4864 1796 ob ich Gedicht von Ihnen hätte
2921 1705 5070 1970 er wollte sie nämlich in Marienber
2945 1812 4800 2082 wohin er sich noch ein Jage des Besuches
2985 1959 4923 2253 begeb, verlesen. Da nun aber die Vorlesung
2921 2103 4901 2371 gleich auf den möchsten Tag angesagt war,
2966 2216 4728 2453 fapite is any eme eventuelles.
3031 2338 4880 2632 Telegram an Sie (suchen ich auf
2852 2483 4717 2726 bereit erklärt) ab. Aber im Winter
2950 2624 4009 2857 will er's nachholen.
2926 2819 4867 2980 Lebger Sie nicht, bitte beste früße an
2937 2934 4605 3175 Loris u Salten auszurichten.
3146 3060 4690 3335 herzlich Ihr sehr ergebene
3942 3263 4778 3440 Karlkrau
2972 3394 4974 3664 NB. Ihre sagen Sie zur „Freien Bühne“
2905 3506 4816 3731 in Wien, die — Elbergen aufläßt.
2991 3651 4666 3907 Ist das muß zum Todtlichen?
2841 3806 4971 4102 Die Veranstätte sind Revolverjou¬
