3640 4344
3196 421 3307 574 45
1427 526 3143 797 Du Hund. Wer bist Du denn? Antworte!
1351 749 3310 989 Antworte!) Steh auf! Er fasst Pierret bei
1447 944 2979 1187 den Schultern und schüttelt ihn.
938 1108 3213 1348 Der tote Pierret fällt schwer auf den Beden hin.
961 1320 3171 1569 Arlechine (sicht, dass er zu einen Leichnam mis:
1396 1470 3086 1690 handelt hat, fährt entsetzt zurück.
1419 1670 3276 1896 Er geht zu Pierrette, die regungslos am
1436 1865 2120 2100 Fenster steht.
1475 2041 2312 2247 Hast Dus gewusst?
1543 2224 1701 2470 Ja.
969 2233 1467 2473 Pierrette:
1464 2377 3425 2603 ghht überlegend, auf und ab. Kehrt
972 2448 1422 2648 Arlechino
1458 2552 3213 2753 wieder zu Pierrette zurück, sieht sie
1458 2730 3131 2956 lange an. Was soll ich mit Dir tun?
1456 2925 3326 3160 Kommt auf einen Einfall, lacht höhnisch
1560 3089 3499 3335 auf. Tritt (wieder) zu dem toten Pierrot xxx
1461 3267 3335 3533 hin, (beugt sich nieder.) will ihn empor
1475 3485 1772 3753 heben.
