3624 4136
1363 498 2152 742 Geht auf und ab.
1366 674 3260 893 Nimmt Mantel und Hut vom Haken. Ich will
1384 868 3342 1140 fort, wohin immer. (ine Freie, in die Sta.
470 911 1194 1262 Dr Kleider?
1327 1040 2987 1270 wankett - vielleicht in den Tod.
448 1173 1040 1352 haken soll he
466 1219 3353 1499 unter zum Teilen sein / zum Fensterpicht hinb/ Plötzlich wird a
1309 1417 3091 1707 aufmerksam. Beugt sich weit über die
438 1506 1108 1696 Er steht beim
1377 1574 3224 1818 Brüstung. Fährt zurück: Ist es möglich?
455 1621 1323 1804 Fenster und nicht
775 1757 1183 1955 hirab.
1417 1772 3400 1972 Nein, ich träume. Beugt sich wieder hin -
1377 1958 3403 2191 aus und verfolgt offenbar eine Gestalt, die
1395 2116 3403 2371 sich xxx unter seinem Fenster an der Mau.
1399 2335 3371 2518 er des Hauses hinbeweg. Er beugt sich noch
1391 2482 3195 2697 weiter hinaus. Die Gestalt scheint ins
1388 2632 3246 2923 Haustor getreten zu sein und ist seinen
1388 2894 2399 3073 Blicken entschwunden.
1377 3023 3303 3235 Er tritt vom Fenster zurück in die Mitte
1395 3210 3159 3418 des Zimmers in höchsten Erstaunen. Er
1395 3393 3235 3640 horcht. Kein Zweifel mehr, Schritte auf
1442 3593 3346 3801 der Treppe. Er stürzt ins Vorzimmer und
