3624 4360
3043 521 3171 713 31
1316 703 3149 911 triebener Elegance gekleidet, eilt ge.
1319 854 3222 1102 schäftig im Saale hin und her, bald beim
1363 1055 3222 1272 Buffet, bäld bei den Musikern, bald bei
1372 1237 2970 1454 einzelnen Tänzerinnen und Tänzern.
854 1382 2082 1636 Einige Paare, zum Büffet.
835 1554 3266 1831 Der Vater, gut aufgelegt, Beleitet zwei jungen Damen
1306 1780 1846 2006 zum Buffet.
838 1981 3259 2195 Zwei junge Mädchen treten zu Arlechino und sprechen
1366 2148 2170 2355 lächelnd mit ihm.
838 2339 2440 2525 Arlechinos Antlitz bleibt düster.
835 2481 3065 2707 Einige Gäste, stossen mit Vater und Mutter an.
835 2685 3354 2920 Der Vater, kommt auf Arlechino zu mit zwei gefüllten
1297 2864 2685 3077 Gläsern, reicht ihm das eine.
832 2992 3313 3269 Der Vater stösst mit Arlechino an, umarmt ihn (denn)
826 3149 3278 3388 Die Umstehenden spenden Beifall nicht Hängskisten
1237 3385 1611 3620 mam
845 3542 3212 3787 Gigolo, schlägt in die Hände, animiert die Herren
