3656 4344
2981 410 3099 638 44.
1383 561 2669 822 erfürtt. Nun lass uns gehn.
908 736 3298 1072 Arlechino: Nein, (wie geshn-nicht.) We bin ich hier?
1422 968 2862 1188 Er geht im Zimmer hin und her,
1570 1122 2292 1280 E erblicht die
1398 1152 3200 1375 Bald steht er vor der Leiche Pierorts,
1449 1327 3378 1532 führt zurück, hält aber Pierret nicht für
1449 1511 3319 1737 tot, sondern für betrunken. Wendet sich
1446 1680 3343 1888 zu Pierrette: Also das war es? Mit die -
1404 1885 2880 2066 sem Menschen warst Du zusammen?
1389 2051 2880 2244 Er gewahrt die Reste des Mahls.
1440 2292 3310 2431 Hier habt Ihr mit einander getafelt und
1407 2405 3316 2645 getrunken. Hier hat er Dich in den Armen
1452 2607 2470 2814 gehalten. Wartet nur.
1464 2767 2512 3001 Wieder zu Pierrot hin.
1475 2924 3067 3177 auf ihn zu, will ihnzurückhalten.
962 2990 1410 3215 Pierrette
935 3135 2675 3426 Arlechino, schleudert sie von sich.
950 3325 2752 3595 Pierrette, schleicht sich zum Fenster.
965 3521 3230 3764 Arlechino kniet vor Pierret nieder: Du Schurke,
