3720 4104
840 490 2828 794 bleibt der Länge nach ausgestreckt liegen.
1551 735 2189 918 Zweite Scene.
1272 822 2987 1123 Es ist beinahe ganz dunkel geworden.
1275 1036 3284 1290 Die Türe (rechts)öffnet sich, vom Vorzimmer
1296 1247 3331 1495 fällt ein ziemlich breiter Lichtschein über
1290 1458 2165 1668 den Fussboden hin.
871 1551 3365 1836 Der Diener: erscheint an der Türe. Durch eine Hand
1358 1730 3405 2028 bewegung lädt er die Freunde und Freundinnen
1064 1802 1268 2072 at 2
1361 1954 2546 2196 Pierrots ein einzutreten.
1368 2118 3163 2372 Fred, Florestan, Annette und Alumette,
1386 2357 1923 2559 treten ein.
1374 2462 3411 2720 Hinter ihnen ein kleiner, dicker Klavier -,
918 2686 2428 2928 Rxat -xkixxxfrxxn spieler.
930 2878 3337 3101 Fred, Florestan fragen den Diener wo sein Herr sei.
933 3073 3390 3300 Annette, Alumette, sehn sich neugierig im Zimmer um.
930 3216 3390 3517 Der Diener; weist auf den Stuhl vor dem Schreibtisch:
1405 3442 2735 3650 hier ist mein Herr gesessen.
971 3566 3129 3855 Frod, Florstan: Du siehst ja, dass er nicht da
