3672 4360
3012 327 3114 561 a1.
786 518 3292 798 Arlachino: Du musst Dir Deinen Schleier zurückholen.
1369 695 2609 879 Ich weiss nicht wo er ist.
792 767 1281 982 Pierrette:
1266 842 3155 1094 In diesem Augenblick erscheint der tote.
1306 1051 3186 1247 Pierrot mit dem Schleier in der Hand im
1369 1259 3192 1412 G Hintergrund und kommt nur wenig nach
1284 1365 3205 1721 vorn. (bleib. an Ende das später stehm.)?
1334 1618 2862 1777 eilt dem toten Pierrot entgegen.
817 1571 1297 1864 Pierrette
820 1761 2906 2067 Arlschino ihrmnach, fasst sie bei der Hand.
814 1989 3314 2248 Der tote Pierrot mit dem Schleier entfernt sich wie
1291 2220 1503 2360 der.
789 2354 2853 2531 Pierrette secht den Schleier zu erhaschen
829 2516 3099 2690 Arlechino hält sie ununterbrochen bei der Hand.
832 2728 2690 2862 Pierrot mit dem Schleier entschwindet.
1188 2890 2270 3077 te dem Scheinbild nach.
885 2930 1110 3099 Pierre
839 3071 2042 3273 Arlechino immer mit ihr.
835 3264 2382 3451 Einige junge Herren wollen nach.
839 3432 3199 3672 Arlechino wendet sich um und verbietet, dass man
