3624 4168
3040 301 3179 538 18
1315 491 3303 763 hält sie in den Armen aufrecht, geleitet xxx
838 549 1220 812 Pierrot
1370 702 3271 971 sie zu einem Sessel hin, links vorn ne -
1327 922 2199 1153 ben dem Tischehen.
1396 1101 2341 1332 sinkt in den Sessel.
850 1101 1327 1312 Pierrette
1347 1211 3240 1497 sinkt vor Pierrette in die Knie, bedeckt
873 1335 1234 1523 Pierrot
1344 1393 3321 1679 ihre Hände mit Küssen. Nun ist alles wie
1350 1558 3384 1876 der gut, da ich Dich nur habe. Aber erkläre
1303 1844 2220 2043 mir doch endlich...
1413 2003 2878 2228 sieht ihn mit stummen Augen an.
881 2040 1344 2260 Pierrette
1381 2147 3193 2413 erhebt sich, schleudert den Mantel weg:
887 2234 1295 2445 Pierrot,
1370 2309 3303 2601 So rede. Ich beschwöre Dich. Woher kommst
1358 2532 3118 2760 Du? Ich verstehe ja nichts von allen.
769 2442 884 2751 be
905 2673 3231 2994 Pierrette, schweigt. Sieht angetvoll zum Fenster,
1387 2896 2997 3124 als hätte sie ein Geräusch gehört.
1407 2991 3413 3341 beruhigt sie, eilt zum Fenster blickt hin
919 3127 1315 3269 Pierrot,
1439 3228 2234 3480 schliesst es.
1462 3367 3191 3676 stift zur Türe, blickt ins Vorzimmer,
1422 3621 3260 3832 schliesst ab. Silt wieder zur Pierrette
