<?xml version="1.0" encoding="UTF-8" standalone="yes"?>
<PcGts xmlns="http://schema.primaresearch.org/PAGE/gts/pagecontent/2013-07-15" xmlns:xsi="http://www.w3.org/2001/XMLSchema-instance" xsi:schemaLocation="http://schema.primaresearch.org/PAGE/gts/pagecontent/2013-07-15 http://schema.primaresearch.org/PAGE/gts/pagecontent/2013-07-15/pagecontent.xsd">
    <Metadata>
        <Creator>prov=READ-COOP:name=TrHtr:version=2.1.0:model_id=51170:date=30_07_2023_01:38</Creator>
        <Created>2023-05-10T13:39:22.737+02:00</Created>
        <LastChange>2023-07-30T01:38:06.477+02:00</LastChange>
        <TranskribusMetadata docId="1428587" pageId="55413272" pageNr="7" tsid="131475504" status="IN_PROGRESS" userId="64420" imgUrl="https://files.transkribus.eu/Get?id=TBMATPHFFOILWDXMQFAEBVPG&amp;fileType=view" xmlUrl="https://files.transkribus.eu/Get?id=QIGXEUTGJRJKECIYEGOHSCSF" imageId="44687413"/>
    </Metadata>
    <Page imageFilename="1428587_0007.jpg" imageWidth="3720" imageHeight="4152">
        <ReadingOrder>
            <OrderedGroup id="ro_1711790661409" caption="Regions reading order">
                <RegionRefIndexed index="0" regionRef="tr_2"/>
                <RegionRefIndexed index="1" regionRef="tr_1"/>
            </OrderedGroup>
        </ReadingOrder>
        <TextRegion id="tr_2" custom="readingOrder {index:0;}">
            <Coords points="964,678 3450,678 3450,1866 964,1866"/>
            <TextLine id="tr_2_tl_1" custom="readingOrder {index:0;}">
                <Coords points="1737,742 2296,752 2322,745 2325,610 2284,591 2236,613 2107,569 2072,591 1965,572 1892,594 1848,565 1740,581"/>
                <Baseline points="1755,740 1790,743 1835,746 1880,746 1925,743 1970,740 2014,737 2059,737 2104,737 2149,737 2193,737 2238,734 2283,731 2328,728"/>
                <TextEquiv>
                    <Unicode>1. B 1 1 d</Unicode>
                </TextEquiv>
            </TextLine>
            <TextLine id="tr_2_tl_2" custom="readingOrder {index:1;}">
                <Coords points="948,1178 2878,1099 3086,1074 3092,976 1813,1049 1463,922 954,960"/>
                <Baseline points="964,1125 993,1128 1038,1128 1083,1128 1128,1125 1173,1125 1217,1122 1262,1119 1307,1119 1352,1116 1396,1116 1441,1116 1486,1113 1531,1113 1576,1110 1620,1110 1665,1107 1710,1107 1755,1104 1799,1101 1844,1101 1889,1098 1934,1095 1978,1095 2023,1095 2068,1092 2113,1092 2158,1089 2202,1086 2247,1086 2292,1083 2337,1083 2381,1080 2426,1080 2471,1080 2516,1077 2561,1077 2605,1074 2650,1074 2695,1071 2740,1068 2784,1068 2829,1065 2874,1062 2919,1059 2964,1056 3008,1056 3053,1056 3098,1056"/>
                <TextEquiv>
                    <Unicode>Das Zimmer Pierorts. Bescheiden eingerichtet.</Unicode>
                </TextEquiv>
            </TextLine>
            <TextLine id="tr_2_tl_3" custom="readingOrder {index:2;}">
                <Coords points="957,1358 2609,1260 3437,1377 3446,1137 960,1238"/>
                <Baseline points="973,1307 988,1310 1032,1310 1077,1307 1122,1307 1167,1307 1211,1304 1256,1304 1301,1301 1346,1301 1390,1298 1435,1298 1480,1295 1525,1295 1570,1292 1614,1289 1659,1289 1704,1286 1749,1283 1793,1283 1838,1280 1883,1280 1928,1280 1973,1277 2017,1277 2062,1274 2107,1271 2152,1271 2196,1271 2241,1268 2286,1268 2331,1265 2375,1262 2420,1259 2465,1259 2510,1259 2555,1259 2599,1259 2644,1256 2689,1253 2734,1250 2778,1250 2823,1247 2868,1244 2913,1241 2958,1241 3002,1238 3047,1238 3092,1235 3137,1235 3181,1235 3226,1232 3271,1229 3316,1226 3361,1226 3405,1223 3450,1223"/>
                <TextEquiv>
                    <Unicode>Schreibtisch ungefähr Mitto, mehr rechts. Davor Lehn</Unicode>
                </TextEquiv>
            </TextLine>
            <TextLine id="tr_2_tl_4" custom="readingOrder {index:3;}">
                <Coords points="963,1516 3216,1453 3298,1342 970,1393"/>
                <Baseline points="982,1495 1020,1489 1065,1489 1110,1489 1155,1489 1199,1489 1244,1486 1289,1486 1334,1483 1379,1480 1423,1477 1468,1474 1513,1474 1558,1474 1602,1471 1647,1471 1692,1468 1737,1468 1781,1465 1826,1465 1871,1462 1916,1462 1961,1462 2005,1459 2050,1456 2095,1453 2140,1450 2184,1450 2229,1447 2274,1447 2319,1444 2364,1444 2408,1441 2453,1441 2498,1438 2543,1435 2587,1435 2632,1432 2677,1432 2722,1432 2767,1429 2811,1426 2856,1426 2901,1423 2946,1420 2990,1417 3035,1417 3080,1414 3125,1414 3169,1411 3214,1411 3259,1408 3304,1408"/>
                <TextEquiv>
                    <Unicode>sessel. Hinten rechts, Divan. Weiter vorn an der</Unicode>
                </TextEquiv>
            </TextLine>
            <TextLine id="tr_2_tl_5" custom="readingOrder {index:4;}">
                <Coords points="979,1687 3254,1636 3257,1535 982,1564"/>
                <Baseline points="996,1668 1026,1668 1071,1668 1116,1668 1161,1665 1205,1665 1250,1662 1295,1662 1340,1662 1384,1662 1429,1659 1474,1659 1519,1656 1564,1656 1608,1653 1653,1650 1698,1647 1743,1644 1787,1641 1832,1641 1877,1638 1922,1638 1967,1638 2011,1635 2056,1635 2101,1632 2146,1629 2190,1629 2235,1626 2280,1623 2325,1620 2370,1620 2414,1620 2459,1617 2504,1617 2549,1614 2593,1611 2638,1611 2683,1608 2728,1608 2772,1605 2817,1605 2862,1605 2907,1602 2952,1599 2996,1596 3041,1596 3086,1593 3131,1590 3175,1590 3220,1587 3265,1587"/>
                <TextEquiv>
                    <Unicode>Wand ein Spinett mit Leuchtern. Noch weiter vorn</Unicode>
                </TextEquiv>
            </TextLine>
            <TextLine id="tr_2_tl_6" custom="readingOrder {index:5;}">
                <Coords points="979,1933 3364,1797 3386,1662 2356,1772 986,1763"/>
                <Baseline points="999,1856 1017,1856 1062,1856 1107,1853 1152,1853 1196,1850 1241,1850 1286,1850 1331,1847 1376,1847 1420,1847 1465,1844 1510,1841 1555,1838 1599,1838 1644,1835 1689,1835 1734,1832 1779,1829 1823,1826 1868,1823 1913,1823 1958,1823 2002,1820 2047,1820 2092,1817 2137,1814 2181,1814 2226,1811 2271,1811 2316,1808 2361,1805 2405,1805 2450,1802 2495,1802 2540,1802 2584,1799 2629,1796 2674,1793 2719,1793 2764,1790 2808,1790 2853,1787 2898,1787 2943,1784 2987,1784 3032,1781 3077,1781 3122,1779 3166,1779 3211,1773 3256,1773 3301,1770 3346,1767 3390,1764"/>
                <TextEquiv>
                    <Unicode>eine Etagere, darüber Bilder. Auf der Etagere Büx -</Unicode>
                </TextEquiv>
            </TextLine>
        </TextRegion>
        <TextRegion id="tr_1" custom="readingOrder {index:1;}">
            <Coords points="1002,1896 3558,1896 3558,3696 1002,3696"/>
            <TextLine id="tr_1_tl_1" custom="readingOrder {index:0;}">
                <Coords points="986,2069 3399,1981 3456,1842 989,1971"/>
                <Baseline points="1002,2041 1038,2038 1083,2035 1128,2035 1173,2035 1217,2032 1262,2032 1307,2029 1352,2026 1396,2023 1441,2023 1486,2020 1531,2020 1576,2017 1620,2017 1665,2017 1710,2014 1755,2011 1799,2008 1844,2008 1889,2005 1934,2002 1978,1999 2023,1999 2068,2002 2113,1999 2158,1996 2202,1993 2247,1993 2292,1990 2337,1990 2381,1987 2426,1987 2471,1987 2516,1984 2561,1981 2605,1978 2650,1978 2695,1976 2740,1973 2784,1973 2829,1970 2874,1970 2919,1970 2964,1967 3008,1964 3053,1964 3098,1961 3143,1958 3187,1958 3232,1958 3277,1955 3322,1952 3366,1949 3411,1946 3456,1946"/>
                <TextEquiv>
                    <Unicode>cher. Ganz vorn rechts die Eingangstür. Vorne links</Unicode>
                </TextEquiv>
            </TextLine>
            <TextLine id="tr_1_tl_2" custom="readingOrder {index:1;}">
                <Coords points="995,2300 1222,2217 3181,2176 3228,2066 1001,2138"/>
                <Baseline points="1014,2217 1038,2214 1083,2214 1128,2214 1173,2211 1217,2211 1262,2208 1307,2208 1352,2205 1396,2205 1441,2202 1486,2202 1531,2202 1576,2202 1620,2202 1665,2199 1710,2196 1755,2193 1799,2193 1844,2190 1889,2187 1934,2184 1978,2184 2023,2181 2068,2178 2113,2178 2158,2175 2202,2175 2247,2175 2292,2170 2337,2170 2381,2167 2426,2167 2471,2164 2516,2164 2561,2161 2605,2161 2650,2158 2695,2158 2740,2155 2784,2152 2829,2149 2874,2149 2919,2149 2964,2143 3008,2143 3053,2143 3098,2140 3143,2137 3187,2137 3232,2131"/>
                <TextEquiv>
                    <Unicode>ein Wandspiegel, darunterxxe eine Kommode,darauf</Unicode>
                </TextEquiv>
            </TextLine>
            <TextLine id="tr_1_tl_3" custom="readingOrder {index:2;}">
                <Coords points="989,2426 3118,2353 3266,2265 992,2325"/>
                <Baseline points="1005,2402 1032,2402 1077,2402 1122,2399 1167,2399 1211,2399 1256,2396 1301,2393 1346,2393 1390,2390 1435,2387 1480,2387 1525,2384 1570,2384 1614,2384 1659,2384 1704,2384 1749,2381 1793,2378 1838,2375 1883,2372 1928,2370 1973,2367 2017,2367 2062,2367 2107,2364 2152,2361 2196,2361 2241,2358 2286,2358 2331,2358 2375,2358 2420,2355 2465,2352 2510,2352 2555,2349 2599,2346 2644,2346 2689,2343 2734,2340 2778,2337 2823,2337 2868,2334 2913,2334 2958,2328 3002,2328 3047,2325 3092,2325 3137,2322 3181,2319 3226,2316 3271,2316"/>
                <TextEquiv>
                    <Unicode>zwei Leuchter und eine kleine, leere Blumenvase.</Unicode>
                </TextEquiv>
            </TextLine>
            <TextLine id="tr_1_tl_4" custom="readingOrder {index:3;}">
                <Coords points="992,2600 3291,2562 3298,2413 995,2524"/>
                <Baseline points="1008,2587 1017,2590 1062,2587 1107,2584 1152,2584 1196,2581 1241,2581 1286,2575 1331,2575 1376,2572 1420,2572 1465,2570 1510,2570 1555,2567 1599,2567 1644,2564 1689,2564 1734,2564 1779,2561 1823,2558 1868,2555 1913,2552 1958,2552 2002,2549 2047,2549 2092,2546 2137,2546 2181,2543 2226,2540 2271,2540 2316,2537 2361,2537 2405,2537 2450,2534 2495,2531 2540,2531 2584,2528 2629,2528 2674,2525 2719,2525 2764,2522 2808,2519 2853,2519 2898,2516 2943,2513 2987,2513 3032,2510 3077,2507 3122,2504 3166,2504 3211,2501 3256,2498 3301,2501"/>
                <TextEquiv>
                    <Unicode>Linka hinten ein Schrank. Vorne Tischchen, Divan</Unicode>
                </TextEquiv>
            </TextLine>
            <TextLine id="tr_1_tl_5" custom="readingOrder {index:4;}">
                <Coords points="995,2786 3231,2710 3298,2571 2249,2682 998,2653"/>
                <Baseline points="1011,2767 1020,2767 1065,2767 1110,2767 1155,2767 1199,2761 1244,2758 1289,2755 1334,2755 1379,2752 1423,2752 1468,2749 1513,2749 1558,2746 1602,2746 1647,2743 1692,2743 1737,2743 1781,2740 1826,2740 1871,2737 1916,2734 1961,2734 2005,2731 2050,2728 2095,2728 2140,2725 2184,2725 2229,2725 2274,2722 2319,2719 2364,2719 2408,2716 2453,2716 2498,2716 2543,2713 2587,2710 2632,2707 2677,2707 2722,2704 2767,2704 2811,2701 2856,2698 2901,2695 2946,2695 2990,2692 3035,2692 3080,2692 3125,2689 3169,2686 3214,2683 3259,2680 3304,2680"/>
                <TextEquiv>
                    <Unicode>mit Lehne und zwei Sesseln. Vorn mehr rechts das</Unicode>
                </TextEquiv>
            </TextLine>
            <TextLine id="tr_1_tl_6" custom="readingOrder {index:5;}">
                <Coords points="1001,2960 2773,2906 2777,2827 1004,2887"/>
                <Baseline points="1020,2952 1035,2952 1080,2949 1125,2949 1170,2949 1214,2946 1259,2940 1304,2937 1349,2934 1393,2934 1438,2931 1483,2931 1528,2931 1573,2928 1617,2928 1662,2925 1707,2925 1752,2922 1796,2922 1841,2919 1886,2916 1931,2916 1976,2913 2020,2910 2065,2907 2110,2907 2155,2904 2199,2904 2244,2904 2289,2901 2334,2901 2378,2898 2423,2895 2468,2892 2513,2892 2558,2892 2602,2889 2647,2886 2692,2883 2737,2880 2781,2883"/>
                <TextEquiv>
                    <Unicode>Bild Pierrettens auf einer Staffelei.</Unicode>
                </TextEquiv>
            </TextLine>
            <TextLine id="tr_1_tl_7" custom="readingOrder {index:6;}">
                <Coords points="1014,3140 3500,3102 3554,2950 1017,3036"/>
                <Baseline points="1032,3128 1050,3128 1095,3128 1140,3128 1185,3125 1229,3122 1274,3122 1319,3119 1364,3116 1408,3116 1453,3116 1498,3116 1543,3113 1587,3110 1632,3107 1677,3104 1722,3101 1767,3101 1811,3101 1856,3098 1901,3098 1946,3095 1990,3095 2035,3092 2080,3092 2125,3089 2170,3089 2214,3086 2259,3083 2304,3080 2349,3080 2393,3077 2438,3074 2483,3074 2528,3074 2572,3074 2617,3071 2662,3068 2707,3065 2752,3062 2796,3062 2841,3062 2886,3062 2931,3059 2975,3056 3020,3056 3065,3053 3110,3053 3155,3053 3199,3047 3244,3047 3289,3044 3334,3041 3378,3041 3423,3038 3468,3035 3513,3035 3558,3032"/>
                <TextEquiv>
                    <Unicode>Im Hintergrund erkerartiger Ausbau mit grossem Fenster</Unicode>
                </TextEquiv>
            </TextLine>
            <TextLine id="tr_1_tl_8" custom="readingOrder {index:7;}">
                <Coords points="1014,3358 3067,3238 3272,3295 3279,3140 1020,3203"/>
                <Baseline points="1035,3313 1041,3316 1086,3313 1131,3310 1176,3310 1220,3310 1265,3307 1310,3307 1355,3304 1399,3301 1444,3301 1489,3298 1534,3298 1579,3295 1623,3292 1668,3289 1713,3286 1758,3286 1802,3286 1847,3280 1892,3280 1937,3277 1981,3277 2026,3277 2071,3274 2116,3271 2161,3268 2205,3268 2250,3268 2295,3265 2340,3265 2384,3262 2429,3259 2474,3259 2519,3256 2564,3256 2608,3256 2653,3250 2698,3247 2743,3247 2787,3247 2832,3244 2877,3241 2922,3241 2966,3238 3011,3235 3056,3235 3101,3235 3146,3232 3190,3229 3235,3229 3280,3232"/>
                <TextEquiv>
                    <Unicode>Ausblick auf die Basteien und auf dei Türme der</Unicode>
                </TextEquiv>
            </TextLine>
            <TextLine id="tr_1_tl_9" custom="readingOrder {index:8;}">
                <Coords points="1001,3531 1949,3636 3320,3550 3364,3304 2306,3370 2025,3285 1643,3415 1402,3310 1004,3405"/>
                <Baseline points="1020,3495 1041,3498 1086,3495 1131,3495 1176,3495 1220,3495 1265,3492 1310,3489 1355,3486 1399,3486 1444,3483 1489,3480 1534,3480 1579,3477 1623,3474 1668,3471 1713,3468 1758,3468 1802,3465 1847,3462 1892,3462 1937,3459 1981,3456 2026,3456 2071,3456 2116,3456 2161,3456 2205,3450 2250,3447 2295,3444 2340,3444 2384,3441 2429,3438 2474,3438 2519,3438 2564,3435 2608,3435 2653,3432 2698,3432 2743,3426 2787,3426 2832,3426 2877,3423 2922,3420 2966,3420 3011,3417 3056,3417 3101,3417 3146,3414 3190,3411 3235,3408 3280,3408 3325,3408 3369,3408"/>
                <TextEquiv>
                    <Unicode>Stadt. Dahe der Türschleiderhaken mit Mantel und</Unicode>
                </TextEquiv>
            </TextLine>
            <TextLine id="tr_1_tl_10" custom="readingOrder {index:9;}">
                <Coords points="1033,3708 1102,3718 1346,3680 1390,3702 1440,3683 1554,3727 1646,3724 1649,3607 1624,3598 1516,3591 1447,3617 1349,3585 1292,3610 1216,3591 1169,3607 1140,3585 1036,3595"/>
                <Baseline points="1050,3686 1074,3686 1119,3683 1164,3683 1208,3683 1253,3677 1298,3674 1343,3674 1387,3674 1432,3671 1477,3671 1522,3668 1567,3665 1611,3665 1656,3665"/>
                <TextEquiv>
                    <Unicode>Hut Pierorts.</Unicode>
                </TextEquiv>
            </TextLine>
        </TextRegion>
    </Page>
</PcGts>
