3800 4360
2885 532 3595 700 daran versuelf rie
3410 646 3688 771 Hureine,
1564 626 3529 849 Blicken. Wieder zur Türe, rüttelt, reiset,
1544 842 3399 1034 vergeblich. Rennt im Zimmer umher, sucht
1493 979 3440 1169 nach irgend einem Ausgang. Findet keinen.
1607 1133 3443 1404 Endlich bleibt sie (wieder) gegenüber dem
1546 1377 3425 1554 toten Pierret stehn. Sieht ihn lange an,
1491 1521 3341 1729 läuft davon. Kommt wieder zurück. Nickt
1488 1714 3526 1927 ihm zu. Gerät von neuem in Angst, schleicht
1488 1843 3392 2127 längs der Wände im ganzen Zimmer hin und
1526 2084 3387 2289 her. Ihre Bevegungen verändern sich ins
1536 2246 3387 2446 tanzartige. In ihren Augen spricht sich
1473 2406 3382 2626 der beginnende Wahnsinn aus. Wieder ist
1486 2626 3412 2847 sie hinter Pierrot, schleicht sich lang -
1516 2771 3372 2981 sam hinter dem Divan zu ihm hervor. Sie
1468 2968 3501 3171 ist in einer halb knienden Stellung vor ihm
1513 3128 3273 3359 und blickt ihm ins Gesicht. Verbeugt
1468 3316 3316 3514 sich vor ihm. Beginnt zu tanzen. Zuerst
1425 3514 3405 3797 vor ihm, dann in immer weitern Begen, end
