3736 4136
1280 509 3195 803 ist, (Dehrigens ist es dunkel), bring doch
1346 733 1820 967 in Licht.
869 888 3169 1169 Der Diener, holt einen Leuchter mit angezündster
1286 1052 3280 1346 Kerze aus dem Vorzimmer, geht zum Schreib
1390 1292 1902 1510 tisch hän,.
875 1457 2209 1691 Fred, Florestan, folgen ihm.
853 1643 2348 1931 Alumette, löscht die Kerze aus.
885 1823 2168 2067 Flerestan, verweist es ihr.
872 2019 2130 2228 Diener, zündet wieder an.
866 2130 3312 2452 Diener, vor dem Schreibtischt hier ist er doch ge-
1359 2376 1738 2604 sessen.
885 2500 3422 2800 Alle fünf, der Dieher mit dem Leuchter voraus, machen
1318 2705 3406 2914 einen Rundgang durch das Zimmer, kommen zu -
1311 2891 3378 3128 letzt zumx Divan, auf dem sie Pierrot ent -
1368 3116 1722 3286 decken.
929 3233 3226 3517 Frederich vielleicht ihn rütteln, (damit er er acht).
2016 3425 2487 3549 wendet sich
904 3467 3381 3738 Flerestan, hält ihn zurück. zum Diener: Was ist denn
