3704 4152
847 499 1590 761 Abenddämmerung.
1662 689 2256 852 Erste Scene.
1969 818 2264 956 Vertrad
852 827 3166 1099 Pierrot / Kostüm, ein Gemisch des traditionellen
1289 1053 3300 1283 Pierrot- und des Alt Wiener Kostüms/ sitzt
1303 1197 3424 1432 vor dem Schreibtisch, den Kopf in beide Händ-
1363 1409 3361 1624 gestützt. Steht auf und geht im Zimmer auf
1323 1581 3160 1805 und ab. Bleibt vor der Staffelei stehn.
1332 1785 3180 1989 Fleht das Bild Pierettens an, droht dem
1335 1917 3407 2175 Bilde, entfernt sich grollend, kehrt zurück,
1349 2089 3292 2325 sinkt vor dem Bilde nieder und schluchzt.
1343 2290 3478 2537 Steht auf, geht zum Schreibtisch, öffnet eine
1358 2474 3200 2729 Lade, entnimmt ihr vertrocknete Blumen,
1358 2698 3387 2896 Briefe, Bänder, streut alles auf die Tisch
1372 2850 2813 3082 platte, wühlt in den Andenken.
1375 3014 3278 3246 Geht zum Fenster, öffnet es, bleibtmeine
1369 3206 2695 3447 Weile dort stehn.
1392 3384 3387 3625 Sinkt auf den Divan rechts vom Fenster und
