3768 4344
3163 504 3253 625 51
1441 668 3342 872 Der Morgen ist herangedämmert. Beginnen
1489 879 2402 1031 der Sonnen aufgang.
1414 1036 3435 1205 Flerestan wenden sich lachend zu den Mädc -
950 1046 1273 1288 Fred un
1467 1207 3362 1386 chen. Beide Paare tänzeln Arm in Arm bis
1419 1383 3263 1598 ganz nahe zu Pierrot und Pierrette hin,
1421 1525 3387 1799 fassen ### was geschehen ist und wei -
822 1542 1323 1814 H.H.
1454 1761 2500 2019 chen entsetzt zurück.
1877 2137 2580 2323 Vorhang.
2175 2467 2820 2643 Oooo — - - - 1/2 1/4
