3640 4344
1617 516 2157 841 III. B 1 1 d
1323 776 2384 1031 Decoration des ersten.
1623 985 2200 1200 Erste Scene.
1366 1142 3314 1366 liegt hingestreckt auf dem Boden, tot, hin
878 1169 1267 1399 Pierrot,
1402 1286 3302 1537 ter der Staffelei, (so dass er einem etwa
614 1381 1114 1685 steht ulm
1356 1488 3247 1731 Eintretenden nicht gleich sichtbar wäre.
605 1544 1335 1847 au Tillum des I.
1341 1663 3400 1909 Der Schleier liegt in der Mitte des dunkeln
1405 1866 3277 2105 Zimmers weiss schimmernd da. Die Kerzen
1372 2019 3271 2271 grösstenteils herabgebrannt, einige ganz
1421 2256 1915 2455 erloschen.
1313 2381 3314 2642 Die xxx bleibt einige Augenblicke voll
1363 2602 2038 2814 kommen leer.
1415 2765 2446 2967 Die Türe öffnet sich.
936 2949 2587 3195 Arlechino und Pierrette treten ein.
961 3121 2716 3400 Arlechine hält Pierrette bei der Hand.
954 3308 3422 3587 Pierrette eilt zu dem Schleier hin, beugt sich herab,
3063 3419 3339 3606 en ist
1393 3434 2989 3756 hält ihn hocht Da ist er.
