3640 4280
1368 349 3273 607 nur her, ich wille ja tun. Sie führt das
1314 615 3126 779 Glas an die Lippen, merkt dass es leer
1317 814 2330 1010 und zersplittert ist.
1306 943 3332 1126 Sie steht auf, läuft im Zimmer hin und her,
1129 1126 3284 1360 Sie greift sich ratlos an den Kopf, fühlt den
1360 1330 2706 1526 Myrtenkranz, zuckt zusammen.
1314 1543 3255 1712 Plötzlich glaubt sie ein Geräusch zu hö -
1314 1690 3295 1892 ren, eilt zum Fenster, knuert auf den Di.
1457 1889 1991 2061 van nieder.
1126 2075 3255 2220 Sie geht wieder nach vorn, zu Pierrot; schaut
1317 2228 3276 2386 angstvoll auf ihn nieder: Du lebst, nicht
1363 2448 3255 2604 wahr Du lebst? so antwort doch, Pierrot:
1360 2558 3198 2814 Sie beugt sich (tiefer und immer tiefer)
1204 2704 1376 2946 tres
1403 2771 3198 2962 zu ihm nieder, betrachtet ihn mit wach
2252 2886 2932 3007 as ihr klar nird
2650 2972 2803 3101 amma
1373 2980 2532 3139 senden Schauer, bis atxx
2771 2991 3155 3131 weise,
1314 3126 3152 3341 dass er tot ist. Von Entsetzen gepackt,
1314 3295 3327 3507 rennt sie zur Türe, reisst sie auf, stürzt
