<?xml version="1.0" encoding="UTF-8" standalone="yes"?>
<PcGts xmlns="http://schema.primaresearch.org/PAGE/gts/pagecontent/2013-07-15" xmlns:xsi="http://www.w3.org/2001/XMLSchema-instance" xsi:schemaLocation="http://schema.primaresearch.org/PAGE/gts/pagecontent/2013-07-15 http://schema.primaresearch.org/PAGE/gts/pagecontent/2013-07-15/pagecontent.xsd">
    <Metadata>
        <Creator>prov=READ-COOP:name=TrHtr:version=2.1.0:model_id=51170:date=30_07_2023_01:38</Creator>
        <Created>2023-05-10T13:39:26.799+02:00</Created>
        <LastChange>2023-07-30T01:38:22.008+02:00</LastChange>
        <TranskribusMetadata docId="1428587" pageId="55413428" pageNr="37" tsid="131475535" status="IN_PROGRESS" userId="64420" imgUrl="https://files.transkribus.eu/Get?id=SARRWRIFYENTBUBLCSDZQMGQ&amp;fileType=view" xmlUrl="https://files.transkribus.eu/Get?id=KNTWVBFIYVEQOATMHULIJFHW" imageId="44687568"/>
    </Metadata>
    <Page imageFilename="1428587_0037.jpg" imageWidth="3640" imageHeight="4344">
        <ReadingOrder>
            <OrderedGroup id="ro_1711790689847" caption="Regions reading order">
                <RegionRefIndexed index="0" regionRef="tr_1"/>
                <RegionRefIndexed index="1" regionRef="tr_2"/>
            </OrderedGroup>
        </ReadingOrder>
        <TextRegion id="tr_1" custom="readingOrder {index:0;}">
            <Coords points="812,436 3451,436 3451,2386 812,2386"/>
            <TextLine id="tr_1_tl_1" custom="readingOrder {index:0;}">
                <Coords points="2944,614 2973,618 3021,598 3040,579 3075,589 3072,371 3053,371 3034,387 2992,362 2941,374"/>
                <Baseline points="2961,486 3006,486 3051,486 3084,489"/>
                <TextEquiv>
                    <Unicode>35</Unicode>
                </TextEquiv>
            </TextLine>
            <TextLine id="tr_1_tl_2" custom="readingOrder {index:1;}">
                <Coords points="1261,784 1786,746 1949,794 2176,726 2845,774 2973,730 2976,579 2656,576 2397,477 2275,557 1990,541 1840,627 1446,550 1264,579"/>
                <Baseline points="1283,713 1322,704 1367,701 1412,698 1456,695 1501,695 1546,695 1591,692 1636,692 1680,689 1725,692 1770,692 1815,689 1860,689 1904,692 1949,689 1994,686 2039,686 2083,683 2128,683 2173,680 2218,680 2263,680 2307,680 2352,680 2397,680 2442,680 2486,677 2531,677 2576,677 2621,677 2666,674 2710,671 2755,668 2800,671 2845,668 2890,671 2934,668 2979,668"/>
                <TextEquiv>
                    <Unicode>jetzt in der Mitte des Saales stehn.</Unicode>
                </TextEquiv>
            </TextLine>
            <TextLine id="tr_1_tl_3" custom="readingOrder {index:2;}">
                <Coords points="1286,982 1741,918 2074,989 2333,918 3274,944 3366,899 3370,762 1290,781"/>
                <Baseline points="1304,898 1316,895 1361,883 1406,880 1450,877 1495,874 1540,871 1585,871 1630,871 1674,871 1719,868 1764,868 1809,868 1854,868 1898,868 1943,865 1988,865 2033,865 2077,862 2122,862 2167,862 2212,859 2257,859 2301,859 2346,856 2391,853 2436,853 2481,853 2525,853 2570,853 2615,853 2660,853 2704,850 2749,850 2794,850 2839,847 2884,847 2928,847 2973,847 3018,847 3063,844 3107,841 3152,841 3197,841 3242,838 3287,835 3331,835 3376,838"/>
                <TextEquiv>
                    <Unicode>droht: Ich werde fürchterliche Rache nehmen</Unicode>
                </TextEquiv>
            </TextLine>
            <TextLine id="tr_1_tl_4" custom="readingOrder {index:3;}">
                <Coords points="794,938 998,931 1024,950 1072,947 1114,979 1222,979 1226,822 1165,819 1146,800 1066,816 1011,800 909,822 858,790 838,806 797,800"/>
                <Baseline points="812,883 827,883 871,883 916,883 961,883 1006,880 1050,880 1095,880 1140,880 1185,877 1230,877"/>
                <TextEquiv>
                    <Unicode>Arlschinc</Unicode>
                </TextEquiv>
            </TextLine>
            <TextLine id="tr_1_tl_5" custom="readingOrder {index:4;}">
                <Coords points="1264,1091 2861,1168 3267,1110 3270,963 1267,986"/>
                <Baseline points="1280,1059 1304,1056 1349,1056 1394,1056 1439,1056 1483,1056 1528,1053 1573,1050 1618,1050 1662,1053 1707,1050 1752,1050 1797,1050 1842,1050 1886,1047 1931,1047 1976,1044 2021,1044 2066,1044 2110,1044 2155,1044 2200,1044 2245,1038 2289,1038 2334,1038 2379,1038 2424,1035 2469,1035 2513,1035 2558,1035 2603,1035 2648,1033 2692,1033 2737,1033 2782,1033 2827,1030 2872,1030 2916,1030 2961,1030 3006,1027 3051,1030 3096,1024 3140,1024 3185,1024 3230,1021 3275,1024"/>
                <TextEquiv>
                    <Unicode>Ich werde das Haus anzüden. Ich werden alle</Unicode>
                </TextEquiv>
            </TextLine>
            <TextLine id="tr_1_tl_6" custom="readingOrder {index:5;}">
                <Coords points="1309,1277 1379,1299 1405,1280 1443,1306 1491,1277 1568,1299 1619,1283 1645,1302 1690,1277 1750,1315 1802,1299 1805,1184 1715,1152 1638,1158 1603,1133 1574,1158 1501,1142 1437,1162 1312,1139"/>
                <Baseline points="1328,1239 1364,1236 1409,1236 1453,1236 1498,1236 1543,1233 1588,1233 1633,1233 1677,1233 1722,1233 1767,1230 1812,1227"/>
                <TextEquiv>
                    <Unicode>umbringen.</Unicode>
                </TextEquiv>
            </TextLine>
            <TextLine id="tr_1_tl_7" custom="readingOrder {index:6;}">
                <Coords points="1290,1459 1594,1510 1821,1450 2003,1520 2176,1459 2992,1491 3094,1466 3098,1325 1293,1344"/>
                <Baseline points="1307,1421 1310,1421 1355,1418 1400,1418 1445,1418 1489,1415 1534,1415 1579,1415 1624,1412 1668,1412 1713,1409 1758,1409 1803,1409 1848,1409 1892,1409 1937,1409 1982,1406 2027,1406 2071,1403 2116,1406 2161,1403 2206,1403 2251,1403 2295,1400 2340,1400 2385,1403 2430,1400 2475,1397 2519,1397 2564,1397 2609,1394 2654,1394 2698,1394 2743,1391 2788,1391 2833,1394 2878,1391 2922,1391 2967,1388 3012,1388 3057,1388 3102,1391"/>
                <TextEquiv>
                    <Unicode>tritt hinzu Gewiss ist das Haus noch</Unicode>
                </TextEquiv>
            </TextLine>
            <TextLine id="tr_1_tl_8" custom="readingOrder {index:7;}">
                <Coords points="810,1427 858,1443 925,1427 960,1440 979,1430 1110,1430 1114,1357 1056,1357 1024,1328 950,1299 813,1299"/>
                <Baseline points="827,1427 847,1427 892,1424 937,1424 982,1421 1027,1424 1071,1421 1116,1415"/>
                <TextEquiv>
                    <Unicode>Gigolo</Unicode>
                </TextEquiv>
            </TextLine>
            <TextLine id="tr_1_tl_9" custom="readingOrder {index:8;}">
                <Coords points="1046,1530 1072,1533 1133,1501 1142,1510 1152,1501 1171,1507 1203,1501 1203,1424 1149,1418 1136,1408 1101,1430 1046,1430"/>
                <Baseline points="1065,1456 1110,1459 1155,1459 1200,1456 1209,1456"/>
                <TextEquiv>
                    <Unicode>ouvrau le</Unicode>
                </TextEquiv>
            </TextLine>
            <TextLine id="tr_1_tl_10" custom="readingOrder {index:9;}">
                <Coords points="1267,1658 1702,1667 1830,1619 2035,1693 2179,1632 2442,1658 2602,1629 2605,1504 2150,1485 2102,1526 1869,1478 1270,1530"/>
                <Baseline points="1286,1597 1310,1594 1355,1594 1400,1594 1445,1594 1489,1594 1534,1594 1579,1591 1624,1588 1668,1588 1713,1588 1758,1588 1803,1585 1848,1585 1892,1585 1937,1585 1982,1585 2027,1585 2071,1582 2116,1582 2161,1582 2206,1582 2251,1582 2295,1579 2340,1576 2385,1576 2430,1576 2475,1573 2519,1573 2564,1573 2609,1573"/>
                <TextEquiv>
                    <Unicode>nicht ordentlich durchsucht.</Unicode>
                </TextEquiv>
            </TextLine>
            <TextLine id="tr_1_tl_11" custom="readingOrder {index:10;}">
                <Coords points="1366,1808 3066,1853 3117,1651 2864,1722 2253,1661 1370,1731"/>
                <Baseline points="1385,1779 1424,1779 1468,1776 1513,1776 1558,1773 1603,1773 1648,1773 1692,1770 1737,1770 1782,1770 1827,1767 1871,1767 1916,1767 1961,1764 2006,1764 2051,1764 2095,1764 2140,1764 2185,1764 2230,1761 2275,1761 2319,1761 2364,1761 2409,1761 2454,1758 2498,1758 2543,1758 2588,1755 2633,1755 2678,1755 2722,1755 2767,1752 2812,1755 2857,1755 2901,1755 2946,1755 2991,1752 3036,1755 3081,1761 3125,1764"/>
                <TextEquiv>
                    <Unicode>Zu den Mädchen: Suchen Sie doch alle,</Unicode>
                </TextEquiv>
            </TextLine>
            <TextLine id="tr_1_tl_12" custom="readingOrder {index:11;}">
                <Coords points="1283,1997 1507,2016 1616,2077 1914,2006 2432,2016 2432,1885 2282,1862 1286,1869"/>
                <Baseline points="1301,1955 1319,1958 1364,1955 1409,1955 1453,1955 1498,1955 1543,1952 1588,1952 1633,1952 1677,1949 1722,1949 1767,1949 1812,1946 1857,1946 1901,1946 1946,1946 1991,1946 2036,1946 2080,1946 2125,1946 2170,1943 2215,1943 2260,1943 2304,1943 2349,1943 2394,1937 2439,1940"/>
                <TextEquiv>
                    <Unicode>suchen Sie doch überall.</Unicode>
                </TextEquiv>
            </TextLine>
            <TextLine id="tr_1_tl_13" custom="readingOrder {index:12;}">
                <Coords points="813,2253 3357,2109 3357,2029 2835,2013 816,2061"/>
                <Baseline points="829,2152 853,2152 898,2149 943,2146 988,2146 1033,2149 1077,2143 1122,2143 1167,2140 1212,2140 1256,2137 1301,2137 1346,2137 1391,2137 1436,2137 1480,2134 1525,2134 1570,2134 1615,2131 1659,2131 1704,2134 1749,2134 1794,2128 1839,2128 1883,2128 1928,2128 1973,2128 2018,2128 2063,2125 2107,2125 2152,2125 2197,2122 2242,2122 2286,2122 2331,2119 2376,2119 2421,2119 2466,2119 2510,2116 2555,2116 2600,2116 2645,2116 2689,2113 2734,2113 2779,2113 2824,2110 2869,2110 2913,2110 2958,2107 3003,2107 3048,2107 3093,2107 3137,2107 3182,2104 3227,2104 3272,2101 3316,2101 3361,2098"/>
                <TextEquiv>
                    <Unicode>Die jungen Mädchen entfernen sich nach den verschie-</Unicode>
                </TextEquiv>
            </TextLine>
            <TextLine id="tr_1_tl_14" custom="readingOrder {index:13;}">
                <Coords points="3142,2288 3174,2291 3197,2310 3232,2294 3267,2317 3277,2307 3309,2317 3325,2310 3360,2333 3402,2310 3382,2154 3341,2163 3322,2154 3280,2182 3222,2154 3194,2160 3168,2186 3130,2189"/>
                <Baseline points="3158,2257 3203,2260 3248,2266 3293,2269 3337,2277 3382,2286 3403,2286"/>
                <TextEquiv>
                    <Unicode>laufen</Unicode>
                </TextEquiv>
            </TextLine>
            <TextLine id="tr_1_tl_15" custom="readingOrder {index:14;}">
                <Coords points="1286,2365 1626,2358 1821,2435 2282,2346 3098,2390 3101,2218 3043,2192 1923,2272 1290,2211"/>
                <Baseline points="1304,2316 1319,2316 1364,2316 1409,2316 1453,2316 1498,2316 1543,2316 1588,2316 1633,2316 1677,2313 1722,2313 1767,2313 1812,2313 1857,2313 1901,2313 1946,2313 1991,2313 2036,2310 2080,2310 2125,2310 2170,2307 2215,2307 2260,2307 2304,2304 2349,2301 2394,2301 2439,2301 2483,2301 2528,2298 2573,2298 2618,2295 2663,2298 2707,2298 2752,2295 2797,2289 2842,2289 2887,2289 2931,2292 2976,2292 3021,2289 3066,2283 3110,2280"/>
                <TextEquiv>
                    <Unicode>denen Seiten, einige über die Stiegen</Unicode>
                </TextEquiv>
            </TextLine>
            <TextLine id="tr_1_tl_16" custom="readingOrder {index:15;}">
                <Coords points="3142,2432 3238,2387 3264,2390 3306,2422 3315,2413 3334,2422 3354,2442 3366,2426 3408,2451 3424,2435 3453,2438 3437,2326 3379,2314 3357,2330 3325,2310 3200,2310 3171,2291 3123,2298"/>
                <Baseline points="3146,2334 3191,2337 3236,2343 3281,2349 3325,2355 3370,2361 3415,2370 3451,2376"/>
                <TextEquiv>
                    <Unicode>hier oder</Unicode>
                </TextEquiv>
            </TextLine>
        </TextRegion>
        <TextRegion id="tr_2" custom="readingOrder {index:1;}">
            <Coords points="827,2416 3391,2416 3391,3598 827,3598"/>
            <TextLine id="tr_2_tl_1" custom="readingOrder {index:0;}">
                <Coords points="810,2582 1290,2618 1971,2518 2358,2573 2509,2493 3030,2493 3034,2403 810,2448"/>
                <Baseline points="827,2513 847,2513 892,2513 937,2510 982,2510 1027,2513 1071,2510 1116,2507 1161,2504 1206,2504 1250,2501 1295,2501 1340,2501 1385,2498 1430,2498 1474,2498 1519,2498 1564,2498 1609,2498 1654,2501 1698,2501 1743,2495 1788,2495 1833,2492 1877,2495 1922,2492 1967,2492 2012,2492 2057,2489 2101,2489 2146,2489 2191,2486 2236,2486 2280,2486 2325,2486 2370,2486 2415,2486 2460,2483 2504,2481 2549,2481 2594,2481 2639,2478 2684,2475 2728,2475 2773,2475 2818,2475 2863,2475 2907,2472 2952,2469 2997,2469 3042,2466"/>
                <TextEquiv>
                    <Unicode>Due jungen Herren stehen in Gruppen beisammen.</Unicode>
                </TextEquiv>
            </TextLine>
            <TextLine id="tr_2_tl_2" custom="readingOrder {index:1;}">
                <Coords points="813,2768 3149,2742 3382,2701 3386,2557 816,2614"/>
                <Baseline points="832,2695 838,2692 883,2692 928,2692 973,2692 1018,2689 1062,2689 1107,2689 1152,2689 1197,2684 1241,2684 1286,2684 1331,2687 1376,2684 1421,2684 1465,2684 1510,2684 1555,2684 1600,2687 1645,2687 1689,2687 1734,2681 1779,2678 1824,2675 1868,2672 1913,2672 1958,2672 2003,2672 2048,2672 2092,2672 2137,2669 2182,2669 2227,2669 2272,2666 2316,2663 2361,2663 2406,2663 2451,2663 2495,2660 2540,2660 2585,2663 2630,2660 2675,2660 2719,2660 2764,2660 2809,2657 2854,2657 2898,2654 2943,2654 2988,2651 3033,2651 3078,2651 3122,2651 3167,2648 3212,2648 3257,2648 3302,2648 3346,2645 3391,2645"/>
                <TextEquiv>
                    <Unicode>Arlechino vorn, geht mit grossen Schritten auf und ab</Unicode>
                </TextEquiv>
            </TextLine>
            <TextLine id="tr_2_tl_3" custom="readingOrder {index:2;}">
                <Coords points="845,2918 989,2982 2611,2890 3146,2986 3149,2778 2941,2717 1725,2819 848,2771"/>
                <Baseline points="862,2872 871,2872 916,2869 961,2872 1006,2869 1050,2872 1095,2869 1140,2869 1185,2869 1230,2869 1274,2869 1319,2866 1364,2866 1409,2866 1453,2866 1498,2866 1543,2866 1588,2866 1633,2872 1677,2869 1722,2863 1767,2860 1812,2857 1857,2857 1901,2854 1946,2854 1991,2857 2036,2857 2080,2860 2125,2857 2170,2854 2215,2854 2260,2851 2304,2848 2349,2848 2394,2848 2439,2848 2483,2845 2528,2842 2573,2845 2618,2842 2663,2842 2707,2842 2752,2842 2797,2839 2842,2839 2887,2836 2931,2836 2976,2836 3021,2833 3066,2830 3110,2830 3155,2836"/>
                <TextEquiv>
                    <Unicode>Vater und Mutter, rechts, ziemlich hinten machen</Unicode>
                </TextEquiv>
            </TextLine>
            <TextLine id="tr_2_tl_4" custom="readingOrder {index:3;}">
                <Coords points="1299,3078 1853,3104 1942,3050 2026,3078 2160,3062 2163,2970 2051,2941 1962,2966 1846,2928 1754,2938 1699,2986 1584,2960 1453,2995 1302,2938"/>
                <Baseline points="1316,3048 1361,3045 1406,3045 1450,3045 1495,3045 1540,3042 1585,3042 1630,3042 1674,3039 1719,3039 1764,3039 1809,3039 1854,3036 1898,3033 1943,3033 1988,3033 2033,3033 2077,3033 2122,3030 2167,3030"/>
                <TextEquiv>
                    <Unicode>einander Vorwürfe.</Unicode>
                </TextEquiv>
            </TextLine>
            <TextLine id="tr_2_tl_5" custom="readingOrder {index:4;}">
                <Coords points="813,3363 2557,3229 3101,3270 3104,3107 816,3162"/>
                <Baseline points="835,3245 868,3242 913,3239 958,3239 1003,3236 1047,3239 1092,3236 1137,3233 1182,3233 1227,3233 1271,3230 1316,3230 1361,3230 1406,3230 1450,3230 1495,3227 1540,3227 1585,3224 1630,3224 1674,3224 1719,3224 1764,3224 1809,3221 1854,3218 1898,3215 1943,3215 1988,3215 2033,3215 2077,3218 2122,3218 2167,3215 2212,3215 2257,3212 2301,3215 2346,3212 2391,3209 2436,3209 2481,3209 2525,3209 2570,3206 2615,3206 2660,3206 2704,3203 2749,3203 2794,3200 2839,3200 2884,3197 2928,3197 2973,3197 3018,3197 3063,3194 3107,3200"/>
                <TextEquiv>
                    <Unicode>Die jungen Mädchen kommen nach und nach zurück.</Unicode>
                </TextEquiv>
            </TextLine>
            <TextLine id="tr_2_tl_6" custom="readingOrder {index:5;}">
                <Coords points="1293,3712 2179,3626 2624,3616 2694,3670 2950,3574 2954,3482 2317,3443 1958,3510 1299,3498"/>
                <Baseline points="1313,3588 1346,3588 1391,3588 1436,3588 1480,3588 1525,3588 1570,3585 1615,3585 1659,3585 1704,3585 1749,3582 1794,3582 1839,3582 1883,3579 1928,3579 1973,3579 2018,3579 2063,3579 2107,3579 2152,3579 2197,3579 2242,3579 2286,3576 2331,3573 2376,3573 2421,3573 2466,3570 2510,3570 2555,3570 2600,3570 2645,3564 2689,3564 2734,3564 2779,3561 2824,3558 2869,3558 2913,3555 2958,3558"/>
                <TextEquiv>
                    <Unicode>Wir haben Pierrette nicht gefunden.</Unicode>
                </TextEquiv>
            </TextLine>
        </TextRegion>
    </Page>
</PcGts>
