3720 4232
3319 327 3442 565 13
1385 481 1586 694 uns.
1379 538 3424 874 mit einer (Gebärde des Widerwillens
940 637 1334 850 Pierrot.
1391 811 3241 973 befreit sich von den andern. Setzt sich
1388 943 2766 1168 in den Stuhl am Schreibtisch.
1394 1123 3235 1352 Fred, Florestan, reden ihm weitem zu,
1400 1355 3328 1559 Komm mit uns. Wir wollen uns unterhalten.
1388 1478 3370 1745 Der Abend ist schon. Wir wollen ins Freie.
1397 1661 2872 1901 Wollen trinken, tanzen, küssen.
1406 1841 3163 2070 bleibt sitzen und schüttelt den Kopf.
931 1868 1301 2100 Pierrot
946 2028 2544 2289 Fred, Florestan werden dringender.
934 2184 3331 2436 Annette, Alumette gesellen sich bittend und schmei
1445 2421 2094 2613 ehelnd hinzu.
964 2514 3370 2806 Fred Florestan, Annette, Alumette, schliessen einen
1454 2757 2980 2977 Reigen um Pierrot, umtanzen ihn.
943 2977 3361 3184 Der dicke Klavierspieler begleitet auf dem Spinett.
1412 3082 3487 3343 erhebt sich. Aergerlich: Laest mich in Ruhe.
946 3178 1325 3379 Pierrot
1418 3319 3331 3514 Ich ertrag es nicht länger. Ich kann das
1430 3505 2559 3734 Spiel nicht hören. Geht.
