3368 4312
2860 168 2966 323 2
174 228 678 466 Emigrante.
906 380 3085 656 Das auswärtige Frankreich steht in Verbindung
968 577 2855 824 und Unterhandlung mit den fremden Höfen.
925 721 3104 984 Für die Jacobiner guter Anlass zur Schreckens
1025 973 1559 1079 herrschaft.
944 1014 2966 1250 1792 unter Condé, Emigrantencorps, das der
949 1177 2915 1426 preussischen Armee in die Champagne folgt.
944 1345 2906 1551 Bei Todesstraffe Verbot die Emogranten zu
971 1597 1594 1714 unterstützen.
968 1646 3026 1854 dreissigtausend Namen auf der Liste der im -
971 1909 1689 2031 mer Verbandten.
971 1982 3099 2161 Erst nach dem verünglückten von England unter
992 2139 3020 2332 stützen Landungsversuch auf Quiberron 1795
995 2315 3077 2519 verloren die Emignanten den Mut mit Waf
995 2546 1814 2684 fen einzudringen.
1000 2614 3077 2817 Das aus den deutschen Kassen? besoldete Corp
1057 2836 2052 2977 Condes aufgelöst. 180
1003 2985 2069 3159 Friede von Luneville.
1006 3102 3134 3294 Ein Teil findet Zuflucht in Russland, wo die
1028 3270 3113 3492 V verbandten Emignanten Geld und Ländereien
1036 3462 1985 3676 angewiesen erhalten.
