3528 4376
2760 420 2860 549 2
967 409 1081 655 m5
555 572 2297 755 Auch Anna und ihre Mutter treten auf.
609 735 2631 895 Der Marquis, Julie und Franz fahren vorbei.
623 918 2766 1067 Gespräch über sie. Der Marquis, ein Verwandter
589 1061 2800 1238 oder Bourbonen, halb närrisch, lebt in dem Wahn.
632 1201 2783 1364 dass Napolson ihm die Krone vorenthalte. Stolz,
638 1410 1210 1527 der Familie.
635 1504 2151 1687 Thomas ist Musiklehrer im Hause.
649 1687 2949 1848 Später gehen Franz, Julie und der Marquis zu Fuss
655 1850 995 2011 vorbei
601 1936 2820 2171 Der Marquis spricht Thoman an; die jungen Leute
658 2145 2891 2291 sehen sich; es kommt aber noch kaum zu einem Ge-
661 2328 1007 2462 spräch.
684 2465 2940 2597 Vielleicht hat Franz Agathe schon kennen gelernt,
664 2603 2949 2743 da er in der Stephanskirche Orgel spielte und An-
664 2800 1064 2940 na sang.
