3432 4312
2849 365 2972 569 13
563 553 1992 783 Kriegandacht und Prozessionen.
2784 695 3163 844 Seite 24
563 695 2723 902 11. bis 16. April befreien sich die Tiroler.
572 831 2991 1057 Am 24. Sieg des Erzherzogs Ei Johann über Eugen bei
589 1035 941 1226 Sacile.
585 1122 3075 1361 Unglückliche Gefechte bei Annhofen, Siebenburg, Roer,
601 1332 1219 1517 und Landshut.
601 1452 1885 1640 Bei Essling und Regensburg.
598 1588 3072 1766 Aufruf Bonapartes aus dem erstürmten Regensburg. In
634 1733 2167 1934 Vier Wöchen in Wien einzurücken.
611 1882 2196 2099 Uebergang der Denau bei Ebersberg
618 2040 1901 2251 Treffen am 3. Mai. Massena.
627 2138 2496 2361 Wiener Landwehr zum erstenmal ins Feuer,
634 2341 1775 2529 Unter Küffel und Sahlis.
637 2484 2264 2658 Aufruf am 1. Mai nach Freiwilligen
640 2590 2684 2813 Flüchten Einzelner, Retten der Schätze etc.
647 2710 2723 2965 Erzherzog mit dem Befehl Wien zu verteidigen.
656 2901 2128 3108 9. Mai der feind vor den Toren.
660 2946 3218 3227 Am. 4. Hat die Kaiserin mit der Familie Wien verlassen
666 3150 3231 3360 Vorbereitungen, Abrüche, Verteidigungen, Organisation
673 3224 3285 3538 der Bürgermiliez. Durchmärsche. Austeilung der Gewehre
673 3450 2028 3674 Am 8. Napolson in St. Pölten
679 3609 1947 3826 9. Lannes Sieghartskirchen
