3464 4312
2769 353 2850 450 7
965 539 2925 747 Verschiedene Lesarten über den Parlamentär
965 739 1545 895 vom 10. M i.
949 814 2936 1000 Hormayer, Geschichte Wiens. Fünfter Band,
2216 984 2847 1127 zweites Heft.
971 1165 2993 1313 Um sieben Uhr schickte der Marschall Lannes
973 1267 2996 1464 einen Parlamentär vor das Burgtor, der aber
976 1426 2950 1623 abgewiesen wurde. Auf dem Rückweg fiel er
992 1602 2872 1793 unter die Husaren, ein Handwerher schlug
952 1747 3122 1933 ihn mit einer Stange vom Pferd und misshandel
952 1974 1300 2103 te ihn.
998 2216 3039 2378 Schimmer: die Franzosen in Wien. Seite 80:
1008 2367 2888 2537 Um sieben Uhr morgens schickte Marschall
998 2521 3039 2710 Lannes einen Adjutanten als Parlamentär mit
1014 2675 2815 2882 einem Trompeter vor das Burgtor Ändte
1008 2807 2950 2993 Stadt zur Ueberhabe aufzufordern. Dieser
1022 2963 3017 3176 wurde jedoch abewiesen., und als er zurück
1019 3122 3014 3289 ritt, von den Husaren e ingeholt, verwundet
1038 3308 2071 3492 und gefangen genommen.
