3608 4392
2787 385 2929 601 12
642 622 1966 864 9. Der Garten des Marquis
648 807 2015 983 Julia und das Kammerfräulein.
665 841 2995 1145 Julia sperrt ab, nimmt den Schlüssel und wirft ihn
671 1133 1307 1318 in den Teich.
677 1180 2981 1454 Der Marquis und der Graf kommen. Ein Courier, der
700 1385 2206 1596 die neuesten Nachrichten bringt.
700 1498 2958 1761 Man nimmt an, dass Napoloon in wenigen Tagen vor
711 1741 1544 1940 Wien stehen wird.
726 1900 1671 2076 Ueber die Verlobung.
688 2035 1969 2215 Julia zeigt sich abgeneigt.
734 2154 2617 2356 Med. und das Kammerfräulein; dann Tulia.
749 2333 2533 2536 Julia lässt Med. in ihr Zimmer führen.
