3560 4376
650 725 2168 919 3. Im Chor der Stephanskirche.
613 884 2736 1047 Die Messe ist aus, oben ist Franz und Agathe.
667 1035 2924 1195 Franz teilt Agathen mit, dass sein Vater keines-
630 1172 2924 1392 wegs einwilligen wird. Sie beschliessen, mit ein-
682 1375 1480 1506 ander zu sterben.
682 1483 2336 1686 Unten findet die Fahnenweihe statt.
725 1640 2567 1863 Der Kaiser und die Kaiserin sind unten.
730 1791 2952 1982 Kaiserin und Erzherzöge schlagen geweihte Nägel
733 2000 1421 2159 in die Fahnen.
739 2094 3012 2316 Man erfährt, dass Medardus auch in ein Freicorps
756 2316 1626 2513 eingetreten ist.
