3432 4312
299 198 570 349 Lung
955 377 2795 534 Andre in englischem Sold nach Portugal.
950 507 3003 742 Bis der Friede von Amiens 1802 auf 03 auch
1005 718 2701 864 dort ihre Dienste überflüssig macht.
963 830 3050 1051 Schon uter dem Direktorium hatten sich viele
963 1059 2798 1195 um die Rückkehr nach Frankreich bemüht.
958 1148 2899 1372 Freudig wurde daher die vom ersten Consul
963 1340 3035 1535 Bonaparte 9, XII 1799 bewilligte allgemeine
963 1517 1824 1676 Amnestie begrüsst.
1007 1634 2954 1835 Doch erst nach Napoleons Sturz kehrte der
1005 1817 2230 2004 Rest in die Heimat zurück
968 1936 3042 2173 Würden, Pensionen Aemter wurden ihnen zuteil
979 2092 2805 2324 aber weder Güter noch Adelsprivilegien.
