3432 4328
2421 411 2570 586 16
519 573 1757 769 zum Donauarm bei Lusthaus
576 709 3004 908 Die Voltigeure., gegen die im Prater aufgestellten
544 905 1082 1108 Grenadiere.
541 1003 1589 1193 Massena in den Prater.
554 1162 2909 1336 Erzherzog Maximilian überträgt dem G neral Oreilly
551 1288 3007 1478 das Kommando zieht nach dem Spitz, 1sst die Brücken
544 1462 1608 1643 hinter sich abbrennen.
554 1573 3029 1782 Einstellung der Feindseligkeiten am Burgtor nicht im
554 1791 867 1946 Prater
551 1842 3035 2095 Nach sechs Uhr früh stürzen die Divisionen Saint Cy¬
557 2048 2557 2241 und Boudet in die Jägerzeile und plündern.
554 2146 3016 2364 Acht Uhr früh Deputation nach Mariahilf zu Andriossi.
658 2247 2855 2535 Von ihm zu Bertier und endlich zu Napoleonnach
661 2466 1598 2665 Schönbrunn gefhöhrt
573 2589 1918 2807 ###apoleons Worte:  Seite 34.
579 2735 2029 2943 Ausfälle in der Wiener Zeitung.
636 2826 3184 3086 Am 14. Mai erlässt Napoléon einen Gesralpardon wie für
598 3080 1124 3257 Ausreisser.
589 3203 1738 3412 Am 15. Aufruf an Ungarn.
617 3311 2216 3548 Am 17. Gefangennahme des Papstes,
605 3437 3121 3662 Am 13 besetzen die Oudinot schon Grenadiere die Tore.
