3512 4376
2843 485 2983 622 13
698 595 2933 803 10. Früher Morgen. Hinter der Mauer des Gar-
718 788 2177 963 tens. Das Arsenal in der Ferne.
709 954 1483 1150 Eine Volksszene.
677 1106 2230 1255 Eschenbach könnte hier auftreten.
718 1278 2995 1401 Einzelne fliehen. Archive, Schätze, Kunstsammlun-
721 1430 1719 1579 gen werden vergraben.
721 1538 3041 1766 Die Franzosen kommen. Ein Husar von der Spinnerin
727 1722 1398 1891 am Kreuze her.
721 1871 2697 2029 Medardus durch das Gartenpförtchen heraus
724 2029 2957 2189 Leute, die erzählen, dass Napolson in St.Pölten
730 2209 949 2323 ist.
730 2291 3079 2472 Der Schatz des Kaisers ist in Sicherheit gebracht.
724 2498 1996 2656 Das Zeughaus wird gestürmt.
692 2647 1845 2793 Die Tore werden gesperrt,
730 2808 1690 2942 Der tucklige Freund.
724 2954 2957 3091 Medardus. Med.teilt dem backligen Freund seinen
730 3111 2936 3251 Plan mit. Er wird heute Nacht wieder herkommen,
695 3257 2723 3389 aber morgen Früh über die grosse Treppe des
733 3386 2965 3587 Schlosses hinabsteigen und sagen, was geschehen
733 3590 952 3727 ist.
730 3675 2998 3920 Der Freund: Warum hast du's nicht heute gemacht?
