3464 4328
2913 452 3047 609 11
583 531 3040 758 Landwehr aus allen Stönden. Blüte des Adels und des
596 745 902 908 Volks.
589 863 2900 1074 Inner Oesterreich und Salburg organisiert durch :
586 1048 2262 1185 Erzherzog Johann und Grafen Saurau.
589 1208 3034 1325 In Wien ob und unter der Enns durch Erzherzog Maxi -
583 1341 944 1523 milian.
589 1432 3170 1631 In Böhmen, Mähren, Schlesien durch Erzherzog Ferdinand,
599 1614 1836 1810 Graf Wallis und Lazaanski.
592 1797 2910 1953 Reserven nach beendigter Exerzierzeit am 17. Juli
602 1930 960 2086 zurück.
609 2038 3226 2233 6- Landwehrbataillons. Grosshändler, drei "andelsstand,
615 2243 1807 2412 Magistrat, Porzelanfabrik
618 2360 2724 2529 Am 1. Noveber Manöver vor dem Generalissimus.
654 2506 2763 2669 28. August bis 5. November Landtag Pressburg.
615 2633 1618 2832 Krönung der Kaiserin.
622 2806 2555 2962 Abgeordnete aus Tirol heimlich nach Wien.
628 2900 3183 3128 Auch Andreas Hofer. 20. Jänner bis 4. Februar 1809.
641 3063 3047 3242 Memoirs von Ceevallos Seite 21 machen Aufsehen.
635 3177 2523 3414 26. Jänner 1809 Uebung der Birgermiliez.
638 3301 3235 3502 5. März muss sie bereits sämmtliche Posten des Militärs
651 3512 1185 3675 übernehmen.
