3576 4392
859 684 2707 923 Ein Wirtshaus in den Donau-Ausn. Nacht.
626 804 821 967 5.
643 882 2932 1083 Eine Gesellschaft von jungen Soldaten und Frauen-
652 1054 1793 1266 zimmern. Tolles Treiben.
658 1167 2972 1400 Einer, der sXXXX von seiner Feigheit erzählt, und
675 1310 2975 1534 dann behauptet, er habe es nur in der Trunkenheit
675 1581 978 1709 getan.
675 1627 2000 1854 Ueber Julia und ihren Stolz.
681 1834 2440 2044 Ueber den Marquis und seine Narrheit.
690 2006 1464 2166 Ueber Franz etz.
649 2114 2905 2280 Indessen kommt Medardus und der backlige Freund.
696 2230 2958 2422 Medardus teilt den jungen Leuten mit, dass Franz
658 2399 2975 2603 sich heute mit seiner Schwester Agathe verlobt ha-
707 2649 882 2754 be.
707 2728 3042 2903 Lärm, Rufe. Zwei Leichen werden gebracht. Es sind
722 2917 2297 3098 die Leichen von Franz und Agathe.
716 3077 2256 3255 Medardus in Wut und Verzweiflung.
725 3191 2972 3360 Er übergibt einem, der schon früher mit ihm tau-
742 3351 3083 3566 schen wollte, seinen Befehl und bXXXX beschliesst
739 3491 2952 3706 in Wien zu bleiben, um den Tod seiner Schwester
725 3651 3060 3889 zu rächen. Er weiss noch nicht, was er eigentlich
748 3884 1191 4035 tun wird.
