3432 4328
571 535 2957 825 Am ersten Feber 1806 Bekanntmachung des Pressburger
528 776 977 950 Frikdens
535 881 2881 1112 Uebungen des Birgereorps auf dem Glacii und in der
541 1059 1122 1234 Brigittenau.
554 1155 2937 1363 Quadrille und Karoussels in der kaiserlichen Reit -
644 1356 990 1544 schule.
548 1445 2785 1660 15 April Weihe der Fahnen bei den Augustinern.
548 1577 2336 1832 Die Schlossermeisterin Franziska Klär,
650 1729 2927 1973 Am 6. August 1806 legt Franz der II die deutsche
554 1921 1449 2115 Kaiserkrone nieder
571 1970 3086 2247 15. Februar 1808 Geburtstagsfeier des Monarchen im In
624 2211 1742 2409 validenhaus. Seite 11
630 2445 2944 2690 Die Bourbons von dem Tron Spaniens und Etruriens.
597 2564 2871 2822 Die Braganzas von Trone Portugals herabg stürzt.
597 2782 1495 2973 Italien unterhocht.
607 2884 2092 3148 Der Papst beraubt und gefangen.
617 2977 3112 3234 Holland als Königreich einem Bruder Napoleons über -
716 3264 1033 3435 geben
627 3237 3194 3551 ###apoleons Wort im Feldlager von Madrid: Küftig darf in
627 3465 3284 3772 Europa kein Kanonenschuss mehr fallen, ausser mit meinem
