3448 4312
843 401 3098 583 Der verstorbene Vater des Medardus war Offizier.
888 569 1894 742 Er ist 1805 gefallen.
930 681 3045 910 Vielleicht müsste er einem Adeligen gegenüber
888 885 1518 1025 zurückstehen.
874 989 2748 1157 Die Mutter zieht Medardus zur Rache auf.
880 1126 2619 1333 Medardus als Gründer eines Leicorps.
880 1289 2950 1445 Sein Schwur wenn er Napoléon das erstemal Ag
874 1423 2944 1580 in Auge gegenübersteht wird er ihn umbrigen.
871 1583 2507 1734 Daher kann er keine Gnade annehmen.
868 1734 3056 1891 Die Mutter des Medardus erseht den neuen Kries,
