<?xml version="1.0" encoding="UTF-8" standalone="yes"?>
<PcGts xmlns="http://schema.primaresearch.org/PAGE/gts/pagecontent/2013-07-15" xmlns:xsi="http://www.w3.org/2001/XMLSchema-instance" xsi:schemaLocation="http://schema.primaresearch.org/PAGE/gts/pagecontent/2013-07-15 http://schema.primaresearch.org/PAGE/gts/pagecontent/2013-07-15/pagecontent.xsd">
    <Metadata>
        <Creator>prov=READ-COOP:name=TrHtr:version=2.1.0:model_id=51170:date=29_07_2023_03:54</Creator>
        <Created>2023-05-10T12:22:12.165+02:00</Created>
        <LastChange>2023-07-29T03:54:51.910+02:00</LastChange>
        <TranskribusMetadata docId="1428194" pageId="55401102" pageNr="5" tsid="131394268" status="IN_PROGRESS" userId="64420" imgUrl="https://files.transkribus.eu/Get?id=BXVSTVKDYPWLHKDAYBHXXJHA&amp;fileType=view" xmlUrl="https://files.transkribus.eu/Get?id=WWERKMSOAZVYYGDFXQLXKNYT" imageId="44675925"/>
    </Metadata>
    <Page imageFilename="1428194_0005.jpg" imageWidth="3528" imageHeight="4312">
        <ReadingOrder>
            <OrderedGroup id="ro_1711796982861" caption="Regions reading order">
                <RegionRefIndexed index="0" regionRef="tr_2"/>
                <RegionRefIndexed index="1" regionRef="tr_1"/>
            </OrderedGroup>
        </ReadingOrder>
        <TextRegion id="tr_2" custom="readingOrder {index:0;}">
            <Coords points="388,756 3069,756 3069,2100 388,2100"/>
            <TextLine id="tr_2_tl_1" custom="readingOrder {index:0;}">
                <Coords points="587,865 1855,828 1952,818 1955,765 1761,721 1328,791 1268,748 1214,795 1167,745 1070,802 1026,755 939,812 761,771 590,815"/>
                <Baseline points="606,871 621,874 665,871 710,868 755,865 800,862 845,860 889,857 934,857 979,854 1024,851 1069,848 1113,845 1158,845 1203,842 1248,839 1293,839 1337,833 1382,830 1427,827 1472,827 1516,824 1561,824 1606,821 1651,818 1696,815 1740,815 1785,812 1830,812 1875,809 1920,806 1964,806"/>
                <TextEquiv>
                    <Unicode>I. Akt. Familie des Mädchens</Unicode>
                </TextEquiv>
            </TextLine>
            <TextLine id="tr_2_tl_2" custom="readingOrder {index:1;}">
                <Coords points="587,1023 1781,986 1871,976 1875,916 590,973"/>
                <Baseline points="606,1021 630,1021 674,1018 719,1015 764,1012 809,1012 854,1009 898,1006 943,1006 988,1006 1033,1003 1078,1000 1122,1000 1167,997 1212,997 1257,991 1301,991 1346,988 1391,982 1436,979 1481,976 1525,973 1570,973 1615,970 1660,970 1705,967 1749,967 1794,964 1839,961 1884,964"/>
                <TextEquiv>
                    <Unicode>Das Mädchen, eine Freundin.</Unicode>
                </TextEquiv>
            </TextLine>
            <TextLine id="tr_2_tl_3" custom="readingOrder {index:2;}">
                <Coords points="369,1184 2834,1083 2867,996 372,1117"/>
                <Baseline points="388,1182 412,1182 456,1179 501,1176 546,1176 591,1173 636,1170 680,1167 725,1167 770,1164 815,1164 860,1161 904,1158 949,1155 994,1155 1039,1149 1083,1146 1128,1143 1173,1143 1218,1140 1263,1140 1307,1137 1352,1134 1397,1134 1442,1131 1487,1128 1531,1125 1576,1125 1621,1122 1666,1119 1711,1116 1755,1116 1800,1113 1845,1110 1890,1107 1935,1107 1979,1104 2024,1101 2069,1101 2114,1098 2158,1095 2203,1092 2248,1089 2293,1089 2338,1089 2382,1086 2427,1083 2472,1080 2517,1078 2562,1075 2606,1075 2651,1072 2696,1069 2741,1066 2786,1066 2830,1063 2875,1066"/>
                <TextEquiv>
                    <Unicode>Das Mädchen: Heut spricht er mit seinen Eltern. Wenn</Unicode>
                </TextEquiv>
            </TextLine>
            <TextLine id="tr_2_tl_4" custom="readingOrder {index:3;}">
                <Coords points="610,1328 1744,1284 1747,1217 1405,1207 1305,1258 1026,1234 932,1284 842,1248 614,1271"/>
                <Baseline points="630,1325 633,1322 677,1322 722,1319 767,1316 812,1316 857,1316 901,1313 946,1310 991,1307 1036,1304 1080,1298 1125,1298 1170,1293 1215,1293 1260,1290 1304,1287 1349,1287 1394,1281 1439,1281 1484,1278 1528,1272 1573,1272 1618,1272 1663,1269 1708,1269 1752,1269"/>
                <TextEquiv>
                    <Unicode>nicht, sterben wir eben.</Unicode>
                </TextEquiv>
            </TextLine>
            <TextLine id="tr_2_tl_5" custom="readingOrder {index:4;}">
                <Coords points="386,1479 1945,1435 1949,1365 389,1392"/>
                <Baseline points="403,1481 430,1481 474,1478 519,1475 564,1475 609,1469 653,1469 698,1466 743,1466 788,1463 833,1463 877,1460 922,1460 967,1460 1012,1457 1057,1454 1101,1451 1146,1448 1191,1448 1236,1445 1281,1445 1325,1442 1370,1436 1415,1436 1460,1436 1505,1430 1549,1430 1594,1427 1639,1427 1684,1424 1728,1421 1773,1418 1818,1418 1863,1418 1908,1415 1952,1424"/>
                <TextEquiv>
                    <Unicode>Die Freundin: Ja, das ist schön.</Unicode>
                </TextEquiv>
            </TextLine>
            <TextLine id="tr_2_tl_6" custom="readingOrder {index:5;}">
                <Coords points="624,1633 3062,1486 627,1559"/>
                <Baseline points="642,1624 650,1627 695,1624 740,1624 785,1621 830,1618 874,1618 919,1615 964,1615 1009,1612 1054,1609 1098,1609 1143,1609 1188,1609 1233,1603 1278,1600 1322,1597 1367,1597 1412,1594 1457,1594 1502,1594 1546,1594 1591,1591 1636,1588 1681,1585 1725,1579 1770,1579 1815,1576 1860,1573 1905,1573 1949,1570 1994,1570 2039,1570 2084,1567 2129,1564 2173,1561 2218,1561 2263,1561 2308,1555 2353,1555 2397,1552 2442,1549 2487,1546 2532,1543 2577,1543 2621,1543 2666,1540 2711,1537 2756,1537 2801,1537 2845,1531 2890,1528 2935,1525 2980,1525 3024,1519 3069,1519"/>
                <TextEquiv>
                    <Unicode>Der Bruder, Kadett, geht heute weg; er ist zum Leut¬</Unicode>
                </TextEquiv>
            </TextLine>
            <TextLine id="tr_2_tl_7" custom="readingOrder {index:6;}">
                <Coords points="436,1794 2535,1677 2190,1630 1962,1697 439,1734"/>
                <Baseline points="453,1797 480,1794 525,1791 570,1788 615,1785 659,1785 704,1782 749,1782 794,1779 839,1776 883,1773 928,1770 973,1767 1018,1767 1063,1764 1107,1764 1152,1761 1197,1761 1242,1758 1287,1755 1331,1752 1376,1746 1421,1749 1466,1746 1510,1743 1555,1743 1600,1740 1645,1740 1690,1737 1734,1734 1779,1731 1824,1731 1869,1731 1914,1728 1958,1728 2003,1725 2048,1723 2093,1720 2138,1720 2182,1714 2227,1714 2272,1711 2317,1708 2362,1708 2406,1705 2451,1702 2496,1699 2541,1699"/>
                <TextEquiv>
                    <Unicode>nant ernannt worden. "Schwester, bleib brav.</Unicode>
                </TextEquiv>
            </TextLine>
            <TextLine id="tr_2_tl_8" custom="readingOrder {index:7;}">
                <Coords points="627,1945 2056,1892 2059,1831 1865,1804 1627,1824 1563,1878 1409,1828 1181,1892 885,1855 631,1892"/>
                <Baseline points="647,1943 680,1940 725,1938 770,1938 815,1935 860,1932 904,1932 949,1929 994,1926 1039,1923 1083,1920 1128,1920 1173,1920 1218,1917 1263,1914 1307,1914 1352,1911 1397,1908 1442,1908 1487,1908 1531,1908 1576,1905 1621,1902 1666,1899 1711,1893 1755,1890 1800,1890 1845,1884 1890,1884 1935,1884 1979,1881 2024,1881 2069,1884"/>
                <TextEquiv>
                    <Unicode>Die Mutter, stille, gute Frau.</Unicode>
                </TextEquiv>
            </TextLine>
            <TextLine id="tr_2_tl_9" custom="readingOrder {index:8;}">
                <Coords points="644,2099 2988,2016 2992,1942 647,2036"/>
                <Baseline points="662,2090 668,2090 713,2090 758,2090 803,2087 848,2087 892,2084 937,2081 982,2078 1027,2075 1072,2075 1116,2075 1161,2072 1206,2069 1251,2066 1295,2063 1340,2063 1385,2057 1430,2057 1475,2054 1519,2054 1564,2051 1609,2051 1654,2048 1699,2045 1743,2042 1788,2039 1833,2039 1878,2033 1923,2036 1967,2033 2012,2033 2057,2027 2102,2027 2147,2024 2191,2024 2236,2021 2281,2021 2326,2021 2371,2021 2415,2015 2460,2015 2505,2012 2550,2009 2594,2006 2639,2006 2684,2003 2729,2000 2774,2000 2818,2000 2863,1997 2908,1997 2953,1997 2998,2003"/>
                <TextEquiv>
                    <Unicode>Ein alter Freund des ΜηΜΜ/alter Wiener,</Unicode>
                </TextEquiv>
            </TextLine>
        </TextRegion>
        <TextRegion id="tr_1" custom="readingOrder {index:1;}">
            <Coords points="447,2094 3216,2094 3216,3781 447,3781"/>
            <TextLine id="tr_1_tl_1" custom="readingOrder {index:0;}">
                <Coords points="466,2257 845,2334 942,2244 3153,2167 3159,2059 470,2167"/>
                <Baseline points="483,2257 522,2254 567,2251 612,2248 656,2248 701,2245 746,2245 791,2245 836,2242 880,2239 925,2236 970,2236 1015,2233 1060,2230 1104,2230 1149,2230 1194,2224 1239,2221 1284,2218 1328,2218 1373,2212 1418,2209 1463,2209 1508,2209 1552,2206 1597,2203 1642,2200 1687,2197 1731,2197 1776,2194 1821,2197 1866,2194 1911,2194 1955,2191 2000,2188 2045,2185 2090,2182 2135,2179 2179,2179 2224,2176 2269,2176 2314,2173 2359,2173 2403,2170 2448,2167 2493,2167 2538,2164 2583,2161 2627,2158 2672,2158 2717,2153 2762,2153 2806,2150 2851,2150 2896,2147 2941,2147 2986,2147 3030,2144 3075,2144 3120,2147 3165,2147"/>
                <TextEquiv>
                    <Unicode>früher Schauspieler? /Er bringt vielleicht die Stimmung</Unicode>
                </TextEquiv>
            </TextLine>
            <TextLine id="tr_1_tl_2" custom="readingOrder {index:1;}">
                <Coords points="466,2418 530,2428 664,2401 738,2415 875,2398 895,2421 936,2421 939,2348 869,2348 855,2331 815,2351 721,2324 647,2364 617,2341 590,2364 523,2338 470,2358"/>
                <Baseline points="486,2418 501,2415 546,2409 591,2406 636,2403 680,2400 725,2397 770,2397 815,2394 860,2391 904,2391 949,2397"/>
                <TextEquiv>
                    <Unicode>ins Haus./</Unicode>
                </TextEquiv>
            </TextLine>
            <TextLine id="tr_1_tl_3" custom="readingOrder {index:2;}">
                <Coords points="654,2552 3206,2458 3210,2368 657,2475"/>
                <Baseline points="671,2550 707,2547 752,2544 797,2541 842,2541 886,2541 931,2541 976,2538 1021,2535 1066,2532 1110,2532 1155,2532 1200,2529 1245,2526 1290,2526 1334,2523 1379,2520 1424,2517 1469,2514 1513,2511 1558,2508 1603,2505 1648,2505 1693,2505 1737,2502 1782,2502 1827,2499 1872,2496 1917,2493 1961,2493 2006,2490 2051,2490 2096,2487 2141,2487 2185,2484 2230,2481 2275,2481 2320,2478 2365,2475 2409,2478 2454,2475 2499,2472 2544,2469 2588,2469 2633,2469 2678,2466 2723,2463 2768,2460 2812,2457 2857,2457 2902,2454 2947,2451 2992,2451 3036,2451 3081,2448 3126,2445 3171,2442 3216,2445"/>
                <TextEquiv>
                    <Unicode>Ueber die Familie des Geliebten. Ein junger Mediziner?</Unicode>
                </TextEquiv>
            </TextLine>
            <TextLine id="tr_1_tl_4" custom="readingOrder {index:3;}">
                <Coords points="426,2720 1342,2693 1345,2623 1197,2599 1144,2629 1097,2606 1040,2636 859,2626 805,2673 765,2636 537,2660 490,2633 429,2663"/>
                <Baseline points="447,2717 453,2717 498,2714 543,2714 588,2711 633,2708 677,2705 722,2705 767,2702 812,2702 857,2696 901,2693 946,2693 991,2690 1036,2690 1080,2687 1125,2684 1170,2684 1215,2681 1260,2678 1304,2675 1349,2678"/>
                <TextEquiv>
                    <Unicode>Student jedenfalls.</Unicode>
                </TextEquiv>
            </TextLine>
            <TextLine id="tr_1_tl_5" custom="readingOrder {index:4;}">
                <Coords points="671,2861 2324,2804 2408,2797 2411,2723 674,2797"/>
                <Baseline points="689,2860 713,2860 758,2857 803,2854 848,2857 892,2851 937,2848 982,2845 1027,2845 1072,2839 1116,2839 1161,2836 1206,2833 1251,2833 1295,2830 1340,2827 1385,2827 1430,2824 1475,2824 1519,2821 1564,2821 1609,2818 1654,2815 1699,2815 1743,2812 1788,2809 1833,2809 1878,2806 1923,2803 1967,2801 2012,2801 2057,2798 2102,2795 2147,2792 2191,2792 2236,2789 2281,2789 2326,2786 2371,2786 2415,2786"/>
                <TextEquiv>
                    <Unicode>Der Geliebte kommt, scheinbar heiter.</Unicode>
                </TextEquiv>
            </TextLine>
            <TextLine id="tr_1_tl_6" custom="readingOrder {index:5;}">
                <Coords points="677,3018 2354,2968 2576,2945 2579,2881 684,2935"/>
                <Baseline points="695,3016 701,3016 746,3013 791,3010 836,3007 880,3007 925,3007 970,3004 1015,3001 1060,3001 1104,2995 1149,2992 1194,2989 1239,2986 1284,2983 1328,2980 1373,2980 1418,2977 1463,2974 1508,2974 1552,2971 1597,2971 1642,2968 1687,2965 1731,2965 1776,2962 1821,2959 1866,2959 1911,2959 1955,2956 2000,2953 2045,2950 2090,2950 2135,2947 2179,2944 2224,2941 2269,2938 2314,2935 2359,2935 2403,2935 2448,2935 2493,2932 2538,2932 2583,2935"/>
                <TextEquiv>
                    <Unicode>Mutter, Freund des Hauses, die Freundin.</Unicode>
                </TextEquiv>
            </TextLine>
            <TextLine id="tr_1_tl_7" custom="readingOrder {index:6;}">
                <Coords points="681,3166 2385,3106 2388,3038 684,3092"/>
                <Baseline points="698,3165 737,3162 782,3162 827,3159 871,3156 916,3156 961,3153 1006,3150 1051,3147 1095,3147 1140,3144 1185,3141 1230,3141 1275,3138 1319,3138 1364,3132 1409,3129 1454,3126 1499,3126 1543,3123 1588,3123 1633,3120 1678,3120 1723,3117 1767,3117 1812,3114 1857,3111 1902,3108 1946,3108 1991,3105 2036,3102 2081,3102 2126,3099 2170,3099 2215,3096 2260,3096 2305,3093 2350,3090 2394,3090"/>
                <TextEquiv>
                    <Unicode>Dann Gespräch Mädchen und Geliebter.</Unicode>
                </TextEquiv>
            </TextLine>
            <TextLine id="tr_1_tl_8" custom="readingOrder {index:7;}">
                <Coords points="684,3320 3122,3233 3193,3159 684,3263"/>
                <Baseline points="704,3317 737,3314 782,3314 827,3311 871,3308 916,3308 961,3305 1006,3302 1051,3302 1095,3299 1140,3296 1185,3296 1230,3293 1275,3290 1319,3287 1364,3287 1409,3284 1454,3281 1499,3281 1543,3281 1588,3278 1633,3278 1678,3275 1723,3272 1767,3269 1812,3266 1857,3266 1902,3263 1946,3263 1991,3260 2036,3257 2081,3257 2126,3254 2170,3254 2215,3251 2260,3251 2305,3248 2350,3248 2394,3245 2439,3242 2484,3239 2529,3242 2574,3236 2618,3236 2663,3234 2708,3234 2753,3231 2798,3228 2842,3225 2887,3225 2932,3222 2977,3222 3021,3222 3066,3222 3111,3219 3156,3216 3201,3216"/>
                <TextEquiv>
                    <Unicode>Bist du bereit? Wir müssen sterben. Es geht nicht an-</Unicode>
                </TextEquiv>
            </TextLine>
            <TextLine id="tr_1_tl_9" custom="readingOrder {index:8;}">
                <Coords points="503,3481 3109,3387 3112,3314 506,3421"/>
                <Baseline points="522,3481 564,3475 609,3475 653,3475 698,3472 743,3469 788,3466 833,3466 877,3460 922,3460 967,3460 1012,3457 1057,3454 1101,3454 1146,3451 1191,3451 1236,3449 1281,3449 1325,3443 1370,3443 1415,3437 1460,3437 1505,3434 1549,3434 1594,3431 1639,3431 1684,3428 1728,3425 1773,3425 1818,3425 1863,3422 1908,3419 1952,3419 1997,3419 2042,3413 2087,3413 2132,3410 2176,3410 2221,3407 2266,3407 2311,3401 2356,3398 2400,3398 2445,3395 2490,3395 2535,3392 2580,3389 2624,3389 2669,3389 2714,3386 2759,3386 2803,3383 2848,3383 2893,3380 2938,3377 2983,3377 3027,3374 3072,3371 3117,3371"/>
                <TextEquiv>
                    <Unicode>ders. Wir werden in den Prater gehen. Wie schön wird es</Unicode>
                </TextEquiv>
            </TextLine>
            <TextLine id="tr_1_tl_10" custom="readingOrder {index:9;}">
                <Coords points="513,3635 1838,3585 1841,3518 516,3582"/>
                <Baseline points="531,3634 543,3631 588,3628 633,3628 677,3625 722,3622 767,3619 812,3616 857,3616 901,3613 946,3610 991,3610 1036,3607 1080,3604 1125,3601 1170,3598 1215,3598 1260,3595 1304,3592 1349,3589 1394,3586 1439,3586 1484,3583 1528,3580 1573,3580 1618,3580 1663,3580 1708,3574 1752,3574 1797,3571 1842,3568"/>
                <TextEquiv>
                    <Unicode>sein. Ich habe Gift bei mir.</Unicode>
                </TextEquiv>
            </TextLine>
            <TextLine id="tr_1_tl_11" custom="readingOrder {index:10;}">
                <Coords points="711,3770 1184,3796 1227,3756 2136,3736 2140,3669 1757,3646 1502,3713 1271,3672 714,3713"/>
                <Baseline points="728,3768 752,3771 797,3768 842,3768 886,3768 931,3765 976,3765 1021,3765 1066,3762 1110,3759 1155,3759 1200,3756 1245,3756 1290,3753 1334,3750 1379,3750 1424,3747 1469,3744 1513,3744 1558,3738 1603,3738 1648,3735 1693,3735 1737,3735 1782,3729 1827,3729 1872,3726 1917,3726 1961,3723 2006,3723 2051,3723 2096,3723 2141,3723"/>
                <TextEquiv>
                    <Unicode>II. Akt. Am Sarge des Mädchens.</Unicode>
                </TextEquiv>
            </TextLine>
        </TextRegion>
    </Page>
</PcGts>
