3480 4312
2697 269 2852 423 2
964 509 2769 719 Wiener Neujahrsalmanach 1900, Tagebuch
961 716 2013 863 Rosenbaum. Seite 61.
974 857 2849 1028 Gegen neun Uhr erschten ein französischer
982 940 2979 1137 Offizier nebst einem Trompeter am Stadtter,
993 1126 3134 1289 und verlangte Einlass, was ihm bewilligt wurde
977 1286 3046 1472 Allein, kaum waren sie in der Stadt, so fiel
998 1419 2913 1595 der tolle Pöbel, der die Heiligkeit eines
988 1574 2929 1768 Abgesandten nicht zu schätzen wusste, und
1009 1736 3065 1901 den man davon nicht unterrichtete über beide
1006 1909 2969 2058 her, warf sie vom Pferde und erschlug sie,
1022 2050 2596 2205 ohne das man es verhindern konnte.
1012 2213 3014 2367 Karothe Pichlers, Denkwürdigkeiten, xxxet
1033 2375 1970 2527 ter Band, Seite 15e.
1022 2476 2878 2670 Die feindlichen xxx Truppen zeigten sich
1038 2660 2963 2830 hier und dort und wurden nicht aufs beate
1049 2806 2974 2977 empfangen, wie denn einer ihrer Offiziere
1049 2969 3006 3128 und was die Sache sch l immer machte ein Par
1054 3094 2939 3294 lamentär oder sonst Beauftragter auf der
1049 3251 3014 3456 Letmgrube vom Pöbel misshandelt und schwer
1062 3464 1824 3621 verwundet wurde.
