3432 4328
2858 411 2998 575 15
504 600 843 781 Wucher.
504 718 2905 893 Bertier sendet Aufforderungsschreiben an Maximilin.
588 880 2721 1033 ueber die Zärtlichkeit Napoleons.
529 1036 1213 1216 Für die Wienen.
532 1172 2992 1353 Der Gumpendorfer Richter Josef Dahnböck übergibt den
544 1291 2513 1490 Brief, General Oreilly schickt ihn zurück.
541 1490 2986 1633 Schwarze Fahnen auf Kranken- und Versorgungshäusern.
538 1620 1732 1810 10, und 11 Mai Plänkeln.
535 1760 2245 1928 Ausbretung des französischen Heers.
554 1888 2759 2087 General Andreossi Gouverneur im Palais Kaunitz.
547 2003 2967 2214 Am 11. Mai lässt General Bertrand am Spittelberg ein
544 2177 1925 2376 kleines Gebäude durchbrechen.
550 2323 2538 2528 Nachts neun Uhr spielen zwanzig Haubützen.
563 2457 1810 2699 Panique; flüchten in Keller
572 2616 1714 2821 Brände, Trattnerhof etc.
578 2749 1396 2961 17. Personen tot.
585 2886 2084 3101 Bürgermilitär zeichnet sich aus.
578 3010 3082 3266 Leutnat Schöffmann, Mollner und Jolsdorf Seite
591 3188 2653 3387 9. bis 12 Beschiessung. Dann bis halb drei.
588 3318 2628 3496 15 000 Haubitzgranaten und glühende Kugeln.
616 3477 1900 3670 Weisse Fahne, Kapatulation.
650 3598 2973 3813 Bei Anfang des Bombardements Napoleen und Massena
