<?xml version="1.0" encoding="UTF-8" standalone="yes"?>
<PcGts xmlns="http://schema.primaresearch.org/PAGE/gts/pagecontent/2013-07-15" xmlns:xsi="http://www.w3.org/2001/XMLSchema-instance" xsi:schemaLocation="http://schema.primaresearch.org/PAGE/gts/pagecontent/2013-07-15 http://schema.primaresearch.org/PAGE/gts/pagecontent/2013-07-15/pagecontent.xsd">
    <Metadata>
        <Creator>prov=READ-COOP:name=TrHtr:version=2.1.0:model_id=51170:date=29_07_2023_03:54</Creator>
        <Created>2023-05-10T12:22:11.913+02:00</Created>
        <LastChange>2023-07-29T03:54:51.310+02:00</LastChange>
        <TranskribusMetadata docId="1428194" pageId="55401093" pageNr="3" tsid="131394266" status="IN_PROGRESS" userId="64420" imgUrl="https://files.transkribus.eu/Get?id=UYGOMYHCZUJCXIXUWLMLKMSY&amp;fileType=view" xmlUrl="https://files.transkribus.eu/Get?id=TIYHPBJAPYKRJIMKAKWOKHBO" imageId="44675916"/>
    </Metadata>
    <Page imageFilename="1428194_0003.jpg" imageWidth="3432" imageHeight="4232">
        <ReadingOrder>
            <OrderedGroup id="ro_1711796982255" caption="Regions reading order">
                <RegionRefIndexed index="0" regionRef="tr_1"/>
                <RegionRefIndexed index="1" regionRef="tr_2"/>
            </OrderedGroup>
        </ReadingOrder>
        <TextRegion id="tr_1" custom="readingOrder {index:0;}">
            <Coords points="340,409 3142,409 3142,1603 340,1603"/>
            <TextLine id="tr_1_tl_1" custom="readingOrder {index:0;}">
                <Coords points="2448,492 2492,506 2591,455 2612,472 2680,462 2714,496 2810,465 3032,482 3032,407 2933,407 2879,379 2810,397 2776,362 2732,407 2684,379 2448,390"/>
                <Baseline points="2465,480 2503,474 2548,468 2593,465 2638,462 2683,459 2727,462 2772,462 2817,462 2862,465 2906,465 2951,465 2996,468 3041,471"/>
                <TextEquiv>
                    <Unicode>Was sehre.-</Unicode>
                </TextEquiv>
            </TextLine>
            <TextLine id="tr_1_tl_2" custom="readingOrder {index:1;}">
                <Coords points="321,544 338,544 359,557 376,550 400,568 427,564 455,526 472,526 455,407 403,407 383,393 376,403 315,356 297,359"/>
                <Baseline points="340,540 384,543 429,552 474,555 479,554"/>
                <TextEquiv>
                    <Unicode>1</Unicode>
                </TextEquiv>
            </TextLine>
            <TextLine id="tr_1_tl_3" custom="readingOrder {index:2;}">
                <Coords points="332,745 455,769 550,745 1043,752 1149,742 1152,694 1094,660 335,667"/>
                <Baseline points="352,737 393,740 438,740 483,743 528,740 573,737 617,737 662,737 707,737 752,737 796,737 841,734 886,734 931,734 975,734 1020,734 1065,731 1110,731 1154,731"/>
                <TextEquiv>
                    <Unicode>Doppelselbstmord.</Unicode>
                </TextEquiv>
            </TextLine>
            <TextLine id="tr_1_tl_4" custom="readingOrder {index:3;}">
                <Coords points="557,971 2855,954 2926,865 561,896"/>
                <Baseline points="576,969 608,966 653,966 698,966 743,963 787,963 832,963 877,963 922,963 966,963 1011,963 1056,963 1101,963 1146,961 1190,961 1235,961 1280,961 1325,958 1369,958 1414,958 1459,961 1504,961 1548,961 1593,958 1638,955 1683,955 1728,955 1772,952 1817,952 1862,949 1907,952 1951,952 1996,952 2041,952 2086,949 2130,949 2175,949 2220,949 2265,949 2309,946 2354,943 2399,943 2444,943 2489,943 2533,940 2578,940 2623,940 2668,940 2712,940 2757,940 2802,940 2847,940 2891,937 2936,940"/>
                <TextEquiv>
                    <Unicode>Bei dem Leichenbeg채ngnis der ungl체cklich Liebenden</Unicode>
                </TextEquiv>
            </TextLine>
            <TextLine id="tr_1_tl_5" custom="readingOrder {index:4;}">
                <Coords points="390,1128 3132,1111 3135,1029 393,1067"/>
                <Baseline points="408,1128 411,1125 456,1125 501,1128 546,1125 590,1125 635,1125 680,1122 725,1122 769,1125 814,1122 859,1122 904,1119 949,1119 993,1119 1038,1119 1083,1116 1128,1116 1172,1116 1217,1116 1262,1113 1307,1113 1351,1113 1396,1113 1441,1113 1486,1113 1531,1110 1575,1110 1620,1110 1665,1110 1710,1107 1754,1107 1799,1107 1844,1107 1889,1107 1933,1107 1978,1107 2023,1107 2068,1107 2113,1107 2157,1104 2202,1101 2247,1101 2292,1101 2336,1098 2381,1095 2426,1095 2471,1095 2515,1095 2560,1095 2605,1092 2650,1092 2694,1092 2739,1092 2784,1092 2829,1092 2874,1092 2918,1092 2963,1092 3008,1092 3053,1092 3097,1092 3142,1089"/>
                <TextEquiv>
                    <Unicode>treffen sich Vater und Mutter der Toten. Sie erkennen sich,</Unicode>
                </TextEquiv>
            </TextLine>
            <TextLine id="tr_1_tl_6" custom="readingOrder {index:5;}">
                <Coords points="332,1289 2540,1265 2585,1210 1504,1176 1446,1234 332,1255"/>
                <Baseline points="352,1286 355,1286 399,1283 444,1283 489,1280 534,1280 578,1280 623,1277 668,1277 713,1277 758,1277 802,1277 847,1274 892,1274 937,1274 981,1274 1026,1271 1071,1268 1116,1271 1160,1268 1205,1268 1250,1268 1295,1268 1340,1265 1384,1265 1429,1265 1474,1265 1519,1262 1563,1262 1608,1262 1653,1262 1698,1259 1742,1259 1787,1259 1832,1259 1877,1259 1922,1259 1966,1256 2011,1256 2056,1256 2101,1256 2145,1253 2190,1250 2235,1250 2280,1253 2324,1250 2369,1250 2414,1250 2459,1247 2503,1247 2548,1244 2593,1244"/>
                <TextEquiv>
                    <Unicode>sie haben sich geliebt. Ihr Vater, seine Mutter.</Unicode>
                </TextEquiv>
            </TextLine>
            <TextLine id="tr_1_tl_7" custom="readingOrder {index:6;}">
                <Coords points="571,1429 2995,1412 3036,1333 571,1395"/>
                <Baseline points="590,1426 626,1429 671,1429 716,1429 761,1429 805,1429 850,1426 895,1429 940,1426 984,1423 1029,1423 1074,1423 1119,1423 1163,1423 1208,1423 1253,1423 1298,1420 1343,1420 1387,1420 1432,1417 1477,1417 1522,1417 1566,1417 1611,1417 1656,1414 1701,1417 1745,1414 1790,1414 1835,1414 1880,1411 1924,1411 1969,1411 2014,1408 2059,1408 2104,1405 2148,1405 2193,1405 2238,1405 2283,1405 2327,1405 2372,1405 2417,1402 2462,1402 2506,1402 2551,1399 2596,1399 2641,1399 2686,1399 2730,1399 2775,1396 2820,1396 2865,1396 2909,1396 2954,1393 2999,1393 3044,1396"/>
                <TextEquiv>
                    <Unicode>Auch anders. Die Eltern aus den verschiedenen Welten</Unicode>
                </TextEquiv>
            </TextLine>
            <TextLine id="tr_1_tl_8" custom="readingOrder {index:7;}">
                <Coords points="342,1593 2222,1576 2161,1494 345,1532"/>
                <Baseline points="361,1590 396,1593 441,1590 486,1593 531,1590 576,1590 620,1590 665,1590 710,1590 755,1587 799,1584 844,1584 889,1584 934,1581 978,1581 1023,1581 1068,1581 1113,1581 1157,1578 1202,1578 1247,1578 1292,1578 1337,1578 1381,1575 1426,1575 1471,1572 1516,1572 1560,1572 1605,1569 1650,1572 1695,1569 1739,1572 1784,1569 1829,1569 1874,1566 1919,1569 1963,1566 2008,1566 2053,1566 2098,1563 2142,1566 2187,1566 2232,1566"/>
                <TextEquiv>
                    <Unicode>treffen einander bei dieser Gelegenheit.</Unicode>
                </TextEquiv>
            </TextLine>
        </TextRegion>
        <TextRegion id="tr_2" custom="readingOrder {index:1;}">
            <Coords points="420,1669 3157,1669 3157,2830 420,2830"/>
            <TextLine id="tr_2_tl_1" custom="readingOrder {index:0;}">
                <Coords points="585,1750 1709,1744 1850,1733 1853,1668 1378,1658 1238,1699 1190,1662 1046,1703 588,1675"/>
                <Baseline points="602,1745 605,1745 650,1742 695,1742 740,1739 784,1739 829,1736 874,1736 919,1736 963,1736 1008,1733 1053,1733 1098,1733 1143,1733 1187,1731 1232,1731 1277,1728 1322,1728 1366,1728 1411,1728 1456,1728 1501,1728 1545,1728 1590,1725 1635,1725 1680,1722 1725,1722 1769,1722 1814,1719 1859,1722"/>
                <TextEquiv>
                    <Unicode>Ihr Vater und seine Mutter.</Unicode>
                </TextEquiv>
            </TextLine>
            <TextLine id="tr_2_tl_2" custom="readingOrder {index:1;}">
                <Coords points="574,1901 1856,1887 1856,1822 1579,1805 1330,1815 1289,1856 1244,1809 1097,1860 875,1812 578,1843"/>
                <Baseline points="593,1898 608,1895 653,1895 698,1895 743,1895 787,1895 832,1895 877,1892 922,1892 966,1889 1011,1889 1056,1889 1101,1889 1146,1886 1190,1886 1235,1883 1280,1886 1325,1883 1369,1883 1414,1883 1459,1880 1504,1880 1548,1880 1593,1880 1638,1880 1683,1877 1728,1877 1772,1877 1817,1877 1862,1877"/>
                <TextEquiv>
                    <Unicode>Sein Vater und ihre Mutter.</Unicode>
                </TextEquiv>
            </TextLine>
            <TextLine id="tr_2_tl_3" custom="readingOrder {index:2;}">
                <Coords points="585,2048 667,2068 1118,2055 1152,2051 1152,1990 1101,1969 1032,1997 1002,1976 981,1997 933,1997 913,1976 889,1997 827,1997 810,1976 766,2000 663,2000 636,1976 585,2000"/>
                <Baseline points="602,2047 623,2047 668,2047 713,2047 758,2047 802,2047 847,2044 892,2044 937,2041 981,2041 1026,2041 1071,2038 1116,2038 1160,2035"/>
                <TextEquiv>
                    <Unicode>Geschwister.</Unicode>
                </TextEquiv>
            </TextLine>
            <TextLine id="tr_2_tl_4" custom="readingOrder {index:3;}">
                <Coords points="578,2202 2742,2185 2807,2082 578,2161"/>
                <Baseline points="596,2199 617,2199 662,2199 707,2199 752,2196 796,2196 841,2196 886,2193 931,2193 975,2193 1020,2193 1065,2193 1110,2190 1154,2190 1199,2190 1244,2187 1289,2187 1334,2187 1378,2187 1423,2187 1468,2187 1513,2184 1557,2187 1602,2184 1647,2181 1692,2181 1736,2181 1781,2178 1826,2178 1871,2178 1916,2181 1960,2178 2005,2178 2050,2178 2095,2175 2139,2175 2184,2175 2229,2175 2274,2172 2318,2172 2363,2172 2408,2172 2453,2172 2498,2172 2542,2169 2587,2169 2632,2166 2677,2166 2721,2166 2766,2163 2811,2163"/>
                <TextEquiv>
                    <Unicode>Oder: Wie ihr Bruder den Beschluss fasst, seine</Unicode>
                </TextEquiv>
            </TextLine>
            <TextLine id="tr_2_tl_5" custom="readingOrder {index:4;}">
                <Coords points="400,2373 1494,2352 1494,2304 1439,2273 1046,2280 1012,2311 971,2280 875,2314 824,2284 400,2291"/>
                <Baseline points="420,2351 426,2354 471,2354 516,2354 561,2354 605,2351 650,2351 695,2348 740,2348 784,2345 829,2348 874,2348 919,2345 963,2342 1008,2342 1053,2339 1098,2339 1143,2339 1187,2339 1232,2336 1277,2336 1322,2336 1366,2333 1411,2336 1456,2333 1501,2336"/>
                <TextEquiv>
                    <Unicode>Schwester zu verf체hren.</Unicode>
                </TextEquiv>
            </TextLine>
            <TextLine id="tr_2_tl_6" custom="readingOrder {index:5;}">
                <Coords points="585,2503 619,2520 1303,2503 1303,2458 1231,2420 1203,2441 1012,2424 820,2472 769,2431 742,2451 643,2431 585,2451"/>
                <Baseline points="605,2500 638,2500 683,2500 728,2500 772,2500 817,2500 862,2498 907,2495 952,2495 996,2492 1041,2492 1086,2492 1131,2492 1175,2492 1220,2492 1265,2492 1310,2492"/>
                <TextEquiv>
                    <Unicode>Auch satirisch.</Unicode>
                </TextEquiv>
            </TextLine>
            <TextLine id="tr_2_tl_7" custom="readingOrder {index:6;}">
                <Coords points="588,2663 2913,2660 3149,2639 3149,2550 588,2574"/>
                <Baseline points="608,2656 650,2653 695,2653 740,2653 784,2653 829,2653 874,2653 919,2650 963,2650 1008,2650 1053,2650 1098,2647 1143,2647 1187,2647 1232,2647 1277,2647 1322,2647 1366,2650 1411,2647 1456,2647 1501,2644 1545,2644 1590,2644 1635,2644 1680,2644 1725,2644 1769,2641 1814,2641 1859,2641 1904,2641 1948,2638 1993,2641 2038,2638 2083,2635 2127,2638 2172,2638 2217,2641 2262,2638 2307,2635 2351,2635 2396,2635 2441,2632 2486,2632 2530,2632 2575,2632 2620,2632 2665,2629 2709,2629 2754,2629 2799,2629 2844,2632 2888,2632 2933,2632 2978,2632 3023,2635 3068,2632 3112,2629 3157,2632"/>
                <TextEquiv>
                    <Unicode>Er verf체hrt sie, aber es geschieht nichts Anderes, als</Unicode>
                </TextEquiv>
            </TextLine>
            <TextLine id="tr_2_tl_8" custom="readingOrder {index:7;}">
                <Coords points="407,2831 1877,2810 1809,2738 1559,2769 1391,2714 1326,2769 410,2759"/>
                <Baseline points="429,2820 453,2820 498,2820 543,2820 587,2820 632,2817 677,2817 722,2817 767,2817 811,2817 856,2814 901,2814 946,2811 990,2811 1035,2811 1080,2808 1125,2808 1169,2808 1214,2805 1259,2805 1304,2805 1348,2805 1393,2805 1438,2802 1483,2802 1528,2802 1572,2802 1617,2802 1662,2802 1707,2799 1751,2799 1796,2799 1841,2802 1886,2802"/>
                <TextEquiv>
                    <Unicode>dass sie sich einen Mann nimmt.</Unicode>
                </TextEquiv>
            </TextLine>
        </TextRegion>
    </Page>
</PcGts>
