3448 4328
1068 538 1159 638 de la
776 538 3017 793 Erster Besuch der Kammerfrau bringt den Medardus
767 710 3069 890 auf seinen Plan sich durch die Verführung Julius
770 890 1271 1053 zu rächen
770 950 2900 1188 Erst in der Hochzeitsscene wird er inne, dass
793 1154 2613 1345 er Julie geliebt hat und sie ihn nicht.
781 1268 2948 1468 Die Absicht des Medardus war, die Leute herbei
781 1411 2516 1663 zurufen, während Julie im Bett liegt.
839 1560 2651 1755 Da er es aufgeschoben misslingt alles
847 1703 2840 1952 Eschenbach ein Freund des Medardus dadurch
804 1858 2453 2067 kommt Medardus auf den rechten Weg.
