3448 4328
297 275 788 547 Braibone
622 428 2938 806 Der erste Barbone Ademar stiftet 921 die Priorie
644 744 1659 972 Souvigny in Bourbuon.
647 828 2906 1144 Nebenlienien. Valois, Montpensier, Conde, Conti,
666 1116 1300 1300 und Soissons.
666 1147 3041 1447 Heinrich IV, Son des Herzogs Anton von Vendome und
675 1416 1597 1622 Königs von Navarra.
697 1412 2581 1709 Gemahlin Heinrichs IV Maria von Medicil.
719 1744 1288 1925 Ihre Kinder.
712 1897 1312 2097 Ludwig XIII.
725 2034 1884 2256 Iu BauHerzog von Bleans.
738 2075 2734 2406 Elisabeth (Gemahlin Philipp IV von Spanien.)
759 2247 3128 2572 Christine, (Gemahlin Victor Amadeus I Herzog von Sa
762 2556 1091 2734 voyen.'
769 2506 2988 2881 Henriette Marie, (Gemahlin Karls I von England.)
788 2838 3309 3219 Ludwig XIII vermählt mit Anna von Oesterr. stirbt 164
812 3156 1684 3378 Söhne. Ludwig XIV.
816 3297 2116 3550 Herzog Philipp von Orleans.
