3448 4328
245 388 337 500 1
2723 459 2815 605 2
262 632 2013 796 Prater zu Beginn des 19. Jahrhunderts.
262 809 898 949 Sechs Alleen.
269 921 2944 1102 Wirtshäuser, zu den drei Tauben, beim Hanswursten, zt der
221 1061 2924 1282 Alster. Bei der schönenn Skarin, zum eisernen Mann, zun
269 1251 2995 1438 Turm von Gothenburg, zum Walfisch, zu den drei Lilien,zum
265 1370 2968 1554 schwarzen Tor, zum goldenen Schlüssel, zun marokkanischen
221 1561 1663 1720 Gesandten, zum Vogelausstopper.
265 1714 1401 1890 Aufschrift bei der Rose:
731 1870 2744 2064 Kommt, Ihr Herren, Frauen und Jungfrauen,
734 2057 2380 2193 Thun Sie die weisse Rose baschauen,
734 2186 2669 2366 Man bekommt frisches Bier und guten Wein,
734 2370 2533 2479 Und was noch jedem wird gefällig sein.
728 2506 2271 2672 Man kann auch zu Mittag dinieren
738 2642 2037 2822 Und auf die Nacht soupieren
728 2825 2530 2989 Doch muss man's sagen zu rechter Zeit,
738 2982 2064 3152 Denn es braucht genauigkeit.
