3384 4248
229 635 2952 851 I. Der junge Graf und Medardus Schwester gehen in den Tod.
232 820 2972 980 II. Medardus schwört, dass er den Tod dieser Beiden rächen
468 987 3023 1165 wird. Stolz? Nun, die Alten werden mich auf den Knieen
458 1189 2316 1298 beschwören, dass ich sie heiraten soll.
478 1285 3044 1472 Im Hause Berger. Der Fürst und seine Gattin, ihre Teil-
239 1302 434 1489 III.
468 1445 2962 1643 nahme am Sarg? Kondolenzen. /Alte Weiber, Tante, Mut-
475 1633 2924 1766 ter./ Grosse Bewegung, wie der Fürst und seine Gema-
471 1773 2613 1917 lin,?  kommen. Gemeinschaftliches Begräbnis?
444 1906 2972 2074 Friedhof. Medardus und sein Freund am Grab. Die Schwe-
253 1958 396 2077 I v.
485 2036 3034 2248 ster des jungen Fürsten mit Kammerfräulein. Ich wollte
489 2227 2948 2395 erst kommen, wenn all das vorüber. Man sagt mir, Ihr
492 2405 1336 2572 geht in den Krieg.
407 2521 2900 2743 Villa in der Brühl oder in Hietzing oder m Dornbach.
253 2545 366 2709 V.
485 2665 2996 2842 Der Fürst und die Fürsten. Gespräch über die Hochzeit
485 2863 2917 3006 mit dem Grafen X. Nein, ich will nicht; es muss ein
495 2996 2856 3201 Gewaltiger sein. Ich fühle mein kaiserliches Blut.
492 3177 1968 3327 Einer, der sein Leben einsetzt.
489 3304 1589 3498 Medardus über’s Gitter.
270 3416 2976 3631 VI. Bei Bergers. Mutter und Sohn. Er wird sie rächen. Was
499 3601 3051 3782 hastdu? Sein düsteres Wesen. Mir wäre lieber, du gingt
506 3778 3054 3918 in den Krieg. Nachrichten vom Krieg, Napoleon heranrü-
