3560 4392
857 191 3042 403 (v. d. h. bann)
672 245 836 352 votre
2755 448 2889 612 19
687 633 1901 815 16. Im Hause des Marquis
678 827 1600 976 Julia und ihr Mann.
639 937 3039 1128 Der Graf und Julia sollen zur Cour nach Schönbrunn.
648 1075 2728 1266 Julia teilt dem Grafen ihren Plan mit. Da er
693 1224 2881 1436 nicht darauf eingeht, macht sie ihn auf irgend
675 1391 2370 1597 eine Weise unschädlich. Schlaftrunk?
707 1522 2361 1758 Sie nimmt Abschied von ihrem Vater.
839 1743 2934 2060 Viel später a.s 15. - Indessen habe
1170 1928 3146 2152 n'il die fürbiede ia hie verandre
878 2164 1904 2367 Fredengerichte.-
934 2227 2919 2528 4. Napoléon ci dei cächele tar
1063 2394 3140 2672 abreises coll, ut bockste Eile
970 2669 1701 2872 sotvenden
