3416 4296
307 248 545 445 G.C.F.P.M
2860 514 2953 642 7
293 538 400 683 1
507 794 811 932 ckend.
286 852 3060 1052 VII. Sie sagt ihm: ein Kind. Nun, was denkst du, sollen wir
514 956 2936 1235 Hochzeit machen? - Ich dich heiraten? Du bist nicht
521 1159 3064 1401 übel. Ich heirate den Herzog. - Isabella! Nun fleht er
531 1290 2977 1566 sie an. Es bleibt dabei, dass er ihr Liebhaber wird.
1915 1449 2004 1608 P.
573 1546 1687 1704 Die Ehe. Niedrigkeiten.
307 1577 549 1739 VIII.
552 1659 2981 1856 Auf dem Grab der Beiden. Bin ich euch so untreu wor-
549 1797 3112 2029 den, so meinem Plan? Nein, nun hab' ich mehr zu rächen.
628 1942 3077 2201 Truppen vor dem Friedhof. Zurückkehrende, Geschlage-
562 2049 3074 2308 ne. Er erfährt, was alles geschehen. Napoléon. So völ-
562 2325 1625 2487 lig erniedrigt war er.
538 2405 3119 2612 Schönbrunn. Adel will seine Aufwartung machen. Medardus
352 2501 511 2643 IX.
590 2560 2991 2760 wartet, um Napoleon umzubringen, statt dessen kommt
593 2719 2998 2919 ihm der Herzog in die Quere; er will ihn töten oder
600 2939 1107 3088 tötet sie?
