3416 4312
872 468 1432 625 Emigranten.
940 536 3124 774 1989, / Leis XVIII / Graf von Provence / und
950 753 2052 945 Artois verlassen Paris.
915 869 2989 1083 Ihnen folgen, besonders nach Annahme der Ver
964 1040 2957 1254 fassung 91, alle die durch die Abschaffung
983 1235 2485 1392 der Privilegien verletzt werden.
996 1351 2448 1562 Adel verlässt seine Sch lösse3
961 1500 2886 1714 Offiziere fast alle adelig gehen zum teil
1007 1646 3184 1920 mit gansen Comparien über die Grenzen, nicht
1061 1792 3227 2041 nur weil sie der Revolution Feid sind, sondern
1072 1960 3111 2193 weil sie es mit ihrer militärischen Pflicht
1042 2136 3076 2339 unvereinbar halten, in der meuternden Armee
1061 2374 1852 2504 weiter zu dienen.
1056 2442 3095 2664 Sachen von Mönchen und Priestern entfliehen
1064 2485 1340 2591 Scharéz
1115 2632 2483 2819 dem Eid auf die Konstitution.
1067 2745 3162 3003 Belgien, Piemont, Holland Schweiz, besonders
1132 2908 3114 3138 Deutschland füllen sich. Wenige haben ihr
1107 3032 3146 3290 Vermögen gerettet, die meisten sind dürftig.
1099 3271 2521 3482 In Koblenz Hof um die Prinzen.
1107 3374 2908 3639 Regierung, Minister und Gerichtshöfen.
