3528 4376
673 584 2840 789 4. Im Hause der Frau Berger. Frühlingsabend.
682 820 1459 971 Agathe und Anna.
690 878 2941 1095 Agathe deutet an, dass sie heute die Antwort er-
696 1069 2851 1262 warte, von der ihre Verheiratung mit Franz ab-
714 1216 2453 1421 hängt. Wenn nicht, müsse sie sterben.
673 1358 2227 1571 Thomas kommt, später Frau Berger.
725 1545 2941 1699 Ueber Medardus, der heute Abend noch mit seinem
719 1727 1823 1892 Regiment abrücken soll.
725 1797 2978 2025 Medardus kommt, in Eile, möchte Franz noch spre-
696 2005 2949 2184 chen, um zu wissen, wie die Dinge stehen, ehe er
745 2103 2978 2351 ins Feld geht. Ist voll Kühnheit und Tatendurst.
754 2262 2975 2476 Franz kommt und teilt mit, dass morgen seine El-
757 2450 2689 2652 tern kommen, für ihn um Agathe zu werben.
760 2678 1439 2817 Medardus geht.
768 2724 2970 2952 Franz eröffnet Agathen, dass er nicht die Wahr-
766 2895 3091 3103 heit gesprochen; sie verlassen beide das Haus, um
774 3103 1459 3267 sich zu töten.
792 3215 2718 3438 Gespräch zwischen Frau Berger und Thomas.
