3464 4312
2672 434 2804 566 10
641 578 2015 783 Willeen und auf mein Geheiss.
299 666 519 849 wird
641 732 3106 946 Binnen sechs Jhren mussmeine Dynastie die älteste in
264 811 622 965 beim marpus
1632 902 1783 1050 da
283 902 563 1078 criählt
732 918 1330 1081 Europa sein.
654 1056 1833 1235 Beschwerden Oesterreichs:
651 1119 3163 1352 Ertrotzung der Kriegsstrasse zwischen Venedig und Dal
657 1270 3112 1512 matien über österreichich gebiet. etz
666 1393 3150 1654 Am 12. Mai 1808 Patente über Errichtung der Landwhok,
682 1647 1509 1836 und der Reserven.
679 1694 3131 1943 Ξapür durch Champagny an Maternich.  Der Krieg ist
685 1855 3109 2122 unvermeidlich, wenn Oesterreich seine Verteidigungs
698 2053 2069 2248 massregeln nicht zurücknimmt.
704 2144 2785 2383 Der spanische Krieg verzögert den Ausbruch.
710 2248 3188 2518 Ναρoleon von Erfurt zurück prophezeiht: In dreim Ma
736 2411 3071 2669 den werden meine Adler auf dem Tor va Lissabon ge
745 2531 3031 2842 pflanzt, der brittische Leopard wird ins Meer ge
758 2675 3285 2949 stürzt und binnen Jahr sfrist in der pyrenäschen Halb
758 2873 2609 3119 i###sel kein Dorf mehr im Aufstande sein.
767 2987 3247 3263 Prophezeihungen in französischen Blättern Seite 17.
817 3134 3081 3402 Der Adel schenkt seine ælten Kanonen dem Kaiser,
799 3244 3279 3546 Wölfe streifen aufs Gla###d, und fressen Menschen auf.
789 3486 1792 3747 Reserve und Landwehr.
