3448 4328
347 805 2996 951 Feierliche Einweihung der Fahnen im Stephansdom. Hof und
222 955 3013 1114 Volk. Kaiserin und Erzherzöge schlagen geweihte Nägel in die
253 1111 1670 1295 Fahnen der Landwehrbataillone.
260 1270 2846 1448 Fürsten und Grafen errichten Landwehrbataillone. Manche
246 1420 2656 1590 marschieren in den Bataillons von Bürgerlichen mit.
385 1579 2968 1715 Der Fürst Kinsky übergiebt sein Bataillon einem Andern,
441 1756 2954 1895 tritt als Hauptmann in ein Linienregiment, um vorn im
385 1895 1076 2065 Kampf zu sein.
243 2038 2638 2187 Hormayer begleitet den Erzherzog Johann nach Tirol,
253 2225 2003 2360 Carpani einen Erzherzog nach Italien.
