3448 4312
2492 398 2597 500 2
934 526 2979 762 kein Gelehrter sich noch die Mühe genommen
937 681 2827 950 hat, seinen Namen zu verewigen. U. s. f.
934 853 3026 1068 Dann weiter: Von Gesinnung gehörte er jenen
955 1023 2898 1264 antiken Geistern an, welche weitweise in
958 1157 3005 1411 modemen Hüllen wieder auftreten. Standhaft
974 1293 3083 1531 verwetgerte er dte Herausgabe der drei Kano
982 1487 3000 1728 nenröhren, welche er in seinem Garten ver -
995 1639 3013 1853 graben hatte, wie er denunziert war und was
1008 1780 2866 2031 er tat, geschah aus reiner Ueberzeugung.
1000 1961 2751 2183 Schilderung der Exehutien, Sette 21o.
