3448 4280
279 531 393 697 1
266 690 1607 914 I. Akt. Familie des Mädchens.
269 859 3038 1055 Sie in andern Umständen. Er hat es seinen Eltern gestanden.
283 966 3035 1217 Er sagt Allen: Ja morgen darf ich dich heiraten. Dann, wie
335 1152 3062 1411 sie allein sind: Aus, wir müssen sterben. Ich müsste mor-
303 1307 2994 1538 gen fort, du würdest eingesperrt. Auch Testament hab' ich
338 1476 2011 1735 gemacht, gemeinschaftlich begraben.
300 1638 3025 1869 Ankunft des Bruders hat die Sache beschleunigt. Er ist Of-
355 1828 1555 2011 fizier, in Polen gelegen.
317 1966 1617 2159 Eine Freundin von ihr. XXXK
369 2100 2259 2307 Aktschluss, wie sie plötzlich fort sind.
335 2273 1152 2462 II.Akt. Friedhof.
335 2366 2835 2597 Die Eltern des Mädchens, die Schwester sehr gedrückt.
341 2556 2849 2769 Ich bin der Bruder des Mädchens. O zeigen Sie mir die
397 2683 3069 2925 Stätte! Wie er sie verführt, sich mit ihr kompromittiert.
355 2873 1724 3104 III.Akt. Im Garten der Villa.
352 2973 2973 3259 Wie er mit ihr gefunden wird, die Eltern verlangen, ihn
404 3149 3149 3394 anflehen, wie er sich weigert und sie an einen Andern ver-
404 3380 1097 3573 heiratet wird.
