3384 4296
248 567 340 663 s
445 713 2823 914 Der junge Offizier. Gespräch mit einem Freund: Ich
279 815 3010 1084 räche mich. Ich verführe die Schwester dieses jungen Manns
265 1097 1294 1254 und lasse sie sitzen.
469 1145 3027 1379 Die reichen Eltern kommen. XX Komödie. Ja, wie hat man
251 1424 1070 1566 das ahnen können!
496 1553 1508 1685 III. Akt. Im Garten.
493 1695 1740 1838 Der Offizier, das Mädchen.
506 1794 2925 1994 Sie sollte mich kniefällig bitten, dass ich sie hei-
272 2062 523 2168 rate.
516 2096 2766 2331 /Villa in der Brühl. Er steigt aus dem Fenster./
523 2222 2898 2463 Es kommt nichts Anderes heraus, als dass sie rasch
302 2497 1121 2636 verheiratet wird.
299 2592 1767 2769 Sie: Du bleibst mein Liebhaber.
540 2701 3088 2925 Eventuell fortzusetzen, wie er im Ekel vor sich selbst
313 2915 2161 3082 sich tötet, eventuell vor der Hochzeit.
