3416 4296
2644 352 2924 512 31.
925 509 1847 752 Hormayer, Sette 46.
919 677 2844 866 Am 26. Juni ward an der nämlichen Stelle
938 831 2955 1050 der Sattlermeister Eschenbacher ersehessen,
941 978 3067 1207 weil er zwei Österreichtsche Kanonen bei sich
943 1178 1706 1348 vergraben hatte.
930 1330 1903 1522 Schimmer, Seite 1197
927 1466 2998 1642 Am 26. Juni wurde auch der billrgerliche Satt
941 1594 2971 1778 lermetster Jakob Eschenbacher wegen der Weg
946 1775 3017 1916 bringung und Vergrabung zueter Kanonenröhren
941 1903 3038 2140 verhaftet und ebenfalls an der Mauer des Je
943 2071 2172 2193 suittenklosters erschossen.
943 2201 1852 2369 W. N. A. Sette 85;
941 2329 2916 2486 Heute früh wurde auf dem Glact ein wetter
938 2510 2897 2652 Bürger erschossen, weil er zwei österret
951 2636 3094 2812 chische Kanonen versteckte und verraten wurde.
949 2804 2974 2961 Traditionen zur Charakteristik Oesterreichs
938 2953 2143 3179 Erster Band, Sette 208. :
941 3126 2921 3286 Ein anderes dieser Opfer wurde der Sattler
951 3281 2878 3435 meister Eschenbacher. Für mich ist dieser
941 3430 2889 3590 Mann ein historischer Charakter, obgleich
