3560 4376
672 700 1894 890 2. Im Hause des Marquis
669 847 2916 1016 Die Proklamation Napoleons ist eingetroffen :In
686 990 2597 1188 vier Wochen werden wir in Wien sein....
674 1142 2342 1349 Der Marquis sammelt seine Getreuen.
680 1349 1446 1507 Julia und Franz.
695 1432 2985 1656 Julia spricht über Agathe und verhöhnt ihren Bru¬
692 1659 895 1820 der.
692 1794 2965 1929 Das Kammerfräulein liest ihr vor, von Königsmord
700 1972 1004 2104 u.s.w.
695 2107 2115 2302 Ein Brief von Agathe an Franz.
695 2279 1547 2434 Die alte Marquise.
703 2422 2930 2549 Es zeigt sich, dass Julia den Wahn ihres Vaters
709 2546 3014 2741 teilt und gewissermaassen ins Vernünftige wendet.
723 2718 2793 2870 Franz will mit seinem Vater sprechen - oder
715 2873 1977 3045 spricht vielleicht mit ihm.
689 3031 2899 3151 Vielleicht spricht er nur mit seiner Mutter. Er
726 3174 2477 3358 ist entschlossen, Agathe zu heiraten.
