3480 4328
212 615 779 821 Grabschrift:
430 815 2834 1000 Des besten Vaters einzigem Sohn setzte dies Denkmal
442 968 1060 1129 seiner Liebe.
200 1096 1111 1275 Andere Grabschrift:
657 1239 2061 1421 Beharrlichkeit und hoher Sinn
648 1427 2084 1571 Kann jedes Hindernis besiegen,
648 1577 2947 1735 So ist dem Felsengrund die S채ule schon entstiegen
657 1774 2894 1896 Und steiget immer mehr. O du, durch den ich bin,
639 1896 2631 2022 Sie ist dein Bild und ist von deinem Sohne
639 2031 2210 2225 Mit dankbaren Tr채nen dir geweiht,
328 2078 481 2204 --:-
648 2213 2712 2332 Er bietet Treue, Lieb' und st채te Folgsamkeit
642 2344 2061 2511 F체r deine Sorgen dir zum Lohn,
645 2485 2795 2658 Und wie der Schwur, einst deiner wert zu sein,
639 2685 2944 2819 In seinem Herzen steht, steh' er auf diesem Stein
636 2816 893 2968 Bald
