3496 4312
541 758 1504 869 Als burleskes Stück?
836 856 1128 959 eufden
545 901 1455 1044 Beginn am Friedhof.
554 1050 2635 1180 Er wünscht ein gemeinschaftliches Begräbnis.
564 1215 1484 1332 Sie war eine Dirne?
2334 1241 2797 1342 sich, man
567 1313 2992 1478 Der Bruder verführt sie - Rache. Er denkt### wird
395 1459 2998 1643 ihn bitten: Heirate sie. Aber statt dessen heiratet sie
405 1705 1024 1799 einen Andern.
587 1815 2661 1945 Der Bruder ist ein Cirkusreiter, sehr schön.
587 1945 3040 2100 Beginn: Der onkel des jungen Manns, Junggeselle, er¬
418 2175 865 2279 zählt es.
613 2217 2972 2411 Die Eltern selbst kommen nicht, aber die Schwester
386 2496 681 2587 kommt.
629 2515 2953 2716 Oder: I.Akt: Er und sie, die Eltern gestatten es
431 2745 1773 2875 nicht, sie gehen in den Tod.
