3480 4328
798 179 3014 376 Durchlauf der xxx xxx l. Verhand
486 223 775 396 1.
301 518 396 668 C
2832 492 2933 648 3
717 775 1157 908 ters auf.
726 833 3057 1079 Das ist gleichgiltig, - darauf war mein Leben auf-
3086 1007 3185 1195 .P.
714 1111 1079 1232 gebaut.
735 1160 2973 1365 Befehl zur Cour kommt.: Napoleon in Schönbrunn:
746 1319 3049 1527 Am nächsten Tag Cour. Julie hat dem Fürsten einen
758 1487 2383 1692 Schlaftrunk gegeben. Sie fährt vor.
746 1620 3020 1840 Med. im Schlosshof. Er sieht sie. Neue Wut. Sie
764 1788 2979 2028 behandelt ihn verächtlich. Er ersticht sie, und
769 1996 1440 2132 wird gefangen.
764 2080 2965 2285 Der Fürst eilt hin, um Napoleon zu retten;
787 2247 3011 2433 erfährt, was geschehen. Da durch kommt der Zusam-
778 2459 1513 2597 menhang zutage.
778 2577 2716 2748 Man kommt, Med. die Freiheit wiedergeben.
798 2722 3046 2875 Ich kann sie nicht nehmen. Ich selber will Napo-
801 2872 2956 3072 Leon töten. Wenn er davon absteht, wird er be¬
816 3098 1200 3245 gnadigt.
810 3162 2005 3384 Nein. Er wird erschossen.
