3448 4344
2289 165 2665 344 " " "
2833 237 2960 434 P.S.
2905 521 3004 657 2
799 694 2960 865 An dem Abend, XXXXX da der Doppelselbstmord ge-
810 857 3044 1013 schieht, soll Med. abmarschieren, ist mit Freun¬
159 865 246 935 - 7
807 1001 3056 1158 den im Wirtshaus einer Donau-Au. Dort werden die
804 1175 2127 1366 Leichen ans Land geschwemmt.
807 1285 3024 1482 Er verfällt in eine ungeheure Raserei und fasst
831 1456 2839 1647 den Plan, sich zu rächen. Die Schwester des
833 1609 3044 1791 Franz zu verfuhren und ihre Schande auszuschrei
848 1820 1004 1953 en.
836 1890 2957 2095 Bekanntschaft auf dem Friedhof, Duell mit dem
859 2057 2628 2243 Fürsten, Sprung über die Mauer, u.s.w.
848 2214 3062 2413 Er verliebt sich in Julie und verschiebt seinen
862 2390 2492 2541 Plan. Ist vor sich selbst beschämt.
865 2512 2691 2691 Nun die Hochzeit des Fürsten mit Julie.
868 2706 2410 2842 Am Tage, da Wien beschossen wird.
868 2810 3117 3015 Med. in das Palais des Marquis, um Julie zu kom¬
885 3012 2384 3177 promittieren, wird hinausgejagt.
883 3125 3206 3293 Nach fürchterlichem innerm Kampf gehört er endlich
900 3336 2263 3484 wieder seinen grossen Plänen.
900 3449 3119 3649 Nach der Hochzeit verrät Julia ihrem Fürsten ih-
909 3658 1343 3788 ren Plan.
903 3745 3093 3962 Der Fürst klärt sie über den Wahnsinnihres Va-
