3592 4296
443 226 1040 455 Bourbones 3
801 397 3227 630 Ludwig XXIII geb. 1755 in Versaille der vierte Sohn
801 601 2791 833 des Dophins Ludwig / der Sohn Ludwig XV. /
798 769 2836 953 Erhält den Titel eines Grafen von Provence.
811 933 2884 1163 Verheiratet 1775 mit Marie Josephine Louise,
804 1089 2090 1315 Flieht 1791 mit Ludwig XVI.
817 1205 3327 1489 Gelangt nach Brüssel, erklärt sich gegen die National
830 1450 1441 1618 versammlxxg,
820 1576 2393 1780 Ruft Hilfe der fremden Mächte an.
840 1718 3298 1912 Spricht mit seinem Bruder Artois dem König das Recht
849 1915 2264 2070 ab die Verfassung anzunehmen.
833 2067 1796 2242 Hält Hof in Koblenz.
840 2174 3333 2381 Er hat Ludwig XVI zugrunde gerichtet durch die Dekla
853 2381 1760 2581 ration von Pilnitz.
837 2497 3433 2694 Die Nationalversammlung erklärt den Grafen von Provence
859 2662 2697 2842 des Rechts auf die Tronfolge verlustig.
859 2800 3366 2981 1792 vereinigt er ein Emignantencorps mit dem preussi
817 3027 1822 3191 schen Invasionscorps.
866 3123 3259 3340 Nach Ludwig XVI Hinrichtung veröffentlicht er ein
859 3314 3356 3485 Manifest, worin er den Dauphin als Ludwig XVII erklärt.
879 3492 2161 3718 sich zum Regenten ernennt.
