3592 4312
811 500 2965 778 Soldaten! Innerhalb von wenigen Tagen habt ihr
772 682 2982 890 in drei Schlachten, nämlich bei Tann, Abensberg
820 817 2979 1019 und Eckmühl und in den Gefechten bei Peissing,
820 994 3052 1221 Landshut und Regensburg den Feind aufs Haupt ge-
834 1143 3046 1364 schlagen. Hundert Kanonen, Vierzig Fahnen, fünf-
834 1266 3026 1496 zigtausend Mann Gefangene sind in euern Händen.
797 1474 3052 1654 Der Feind hat noch vor kurzem sich angemaasst zu
851 1612 2970 1850 behaupten, er werde in das Innere Frankreichs
870 1760 3055 1951 eindringen. Heut ist er geschlagen, vernichtet,
868 1937 3122 2100 flieht in wilder Unordnung. Unsere Vorhut hat be¬
876 2083 3029 2291 reits den Inn überschritten, - nicht ein Monat
837 2229 2473 2437 wir vergehen, und wir sind in Wien.
1440 2428 2423 2681 Sas cases 241
