<?xml version="1.0" encoding="UTF-8" standalone="yes"?>
<PcGts xmlns="http://schema.primaresearch.org/PAGE/gts/pagecontent/2013-07-15" xmlns:xsi="http://www.w3.org/2001/XMLSchema-instance" xsi:schemaLocation="http://schema.primaresearch.org/PAGE/gts/pagecontent/2013-07-15 http://schema.primaresearch.org/PAGE/gts/pagecontent/2013-07-15/pagecontent.xsd">
    <Metadata>
        <Creator>prov=READ-COOP:name=TrHtr:version=2.1.0:model_id=51170:date=29_07_2023_03:55</Creator>
        <Created>2023-05-10T12:22:18.206+02:00</Created>
        <LastChange>2023-07-29T03:55:04.292+02:00</LastChange>
        <TranskribusMetadata docId="1428194" pageId="55401358" pageNr="52" tsid="131394327" status="IN_PROGRESS" userId="64420" imgUrl="https://files.transkribus.eu/Get?id=AODGCQEKLQADPQOIELAQAXEF&amp;fileType=view" xmlUrl="https://files.transkribus.eu/Get?id=ZPXYDENUBRINCHGAWQKVHQFQ" imageId="44676181"/>
    </Metadata>
    <Page imageFilename="1428194_0052.jpg" imageWidth="3496" imageHeight="4344">
        <ReadingOrder>
            <OrderedGroup id="ro_1711797022729" caption="Regions reading order">
                <RegionRefIndexed index="0" regionRef="tr_1"/>
                <RegionRefIndexed index="1" regionRef="tr_2"/>
            </OrderedGroup>
        </ReadingOrder>
        <TextRegion id="tr_1" custom="readingOrder {index:0;}">
            <Coords points="803,170 3104,170 3104,1765 803,1765"/>
            <TextLine id="tr_1_tl_1" custom="readingOrder {index:0;}">
                <Coords points="2456,251 2482,249 2500,234 2523,249 2547,231 2593,246 2640,225 2681,234 2681,143 2652,143 2634,132 2605,158 2570,161 2535,137 2506,164 2456,158"/>
                <Baseline points="2472,223 2510,223 2555,223 2600,223 2645,220 2689,220"/>
                <TextEquiv>
                    <Unicode>" "</Unicode>
                </TextEquiv>
            </TextLine>
            <TextLine id="tr_1_tl_2" custom="readingOrder {index:1;}">
                <Coords points="2588,795 2693,781 2734,751 2821,781 2883,763 2941,778 3026,746 3029,661 3006,667 2971,634 2938,649 2857,634 2769,664 2722,634 2704,652 2658,643 2623,670 2593,664"/>
                <Baseline points="2606,740 2630,743 2675,740 2719,737 2764,734 2809,731 2854,728 2898,728 2943,725 2988,725 3033,722"/>
                <TextEquiv>
                    <Unicode>28/I. 904.</Unicode>
                </TextEquiv>
            </TextLine>
            <TextLine id="tr_1_tl_3" custom="readingOrder {index:2;}">
                <Coords points="784,1020 2652,927 2707,824 786,927"/>
                <Baseline points="803,985 832,982 877,979 922,979 967,979 1012,976 1056,973 1101,970 1146,967 1191,964 1236,964 1280,964 1325,961 1370,958 1415,955 1459,955 1504,952 1549,949 1594,949 1639,946 1683,943 1728,940 1773,937 1818,934 1862,931 1907,931 1952,928 1997,925 2042,922 2086,922 2131,919 2176,916 2221,916 2266,913 2310,913 2355,910 2400,907 2445,904 2489,901 2534,895 2579,892 2624,895 2669,892 2713,895"/>
                <TextEquiv>
                    <Unicode>Der Vater des Medardus ist 1805 gefallen.</Unicode>
                </TextEquiv>
            </TextLine>
            <TextLine id="tr_1_tl_4" custom="readingOrder {index:3;}">
                <Coords points="789,1152 2649,1111 2862,1070 2865,965 792,1088"/>
                <Baseline points="809,1140 853,1137 898,1134 943,1131 988,1131 1033,1128 1077,1125 1122,1125 1167,1122 1212,1119 1256,1116 1301,1113 1346,1113 1391,1110 1436,1107 1480,1107 1525,1104 1570,1101 1615,1098 1659,1095 1704,1095 1749,1092 1794,1089 1839,1089 1883,1086 1928,1083 1973,1083 2018,1077 2063,1074 2107,1071 2152,1071 2197,1068 2242,1065 2286,1065 2331,1062 2376,1062 2421,1059 2466,1053 2510,1050 2555,1050 2600,1047 2645,1047 2689,1044 2734,1041 2779,1038 2824,1038 2869,1038"/>
                <TextEquiv>
                    <Unicode>Schwur der Mutter: Medardus wird ihn rächen.</Unicode>
                </TextEquiv>
            </TextLine>
            <TextLine id="tr_1_tl_5" custom="readingOrder {index:4;}">
                <Coords points="804,1307 2260,1286 3090,1208 3096,1137 2880,1082 2506,1167 807,1199"/>
                <Baseline points="821,1298 862,1289 907,1286 952,1289 997,1286 1041,1283 1086,1280 1131,1280 1176,1277 1221,1274 1265,1274 1310,1271 1355,1268 1400,1268 1445,1265 1489,1262 1534,1256 1579,1256 1624,1250 1668,1250 1713,1247 1758,1247 1803,1247 1848,1241 1892,1239 1937,1236 1982,1233 2027,1230 2071,1230 2116,1227 2161,1227 2206,1224 2251,1221 2295,1218 2340,1215 2385,1215 2430,1209 2475,1209 2519,1206 2564,1206 2609,1203 2654,1200 2698,1200 2743,1197 2788,1194 2833,1194 2878,1191 2922,1191 2967,1185 3012,1182 3057,1179 3102,1176"/>
                <TextEquiv>
                    <Unicode>Frau Berger hat zwei Kinder: Medardus und Agathe.</Unicode>
                </TextEquiv>
            </TextLine>
            <TextLine id="tr_1_tl_6" custom="readingOrder {index:5;}">
                <Coords points="792,1462 1579,1430 1710,1488 2009,1398 2912,1374 2988,1292 2190,1263 1705,1362 798,1374"/>
                <Baseline points="812,1448 844,1448 889,1442 934,1442 979,1442 1024,1439 1068,1436 1113,1433 1158,1430 1203,1430 1247,1427 1292,1424 1337,1421 1382,1421 1427,1418 1471,1418 1516,1415 1561,1415 1606,1412 1651,1409 1695,1406 1740,1403 1785,1403 1830,1400 1874,1397 1919,1394 1964,1391 2009,1388 2054,1385 2098,1382 2143,1379 2188,1379 2233,1376 2277,1376 2322,1370 2367,1370 2412,1367 2457,1364 2501,1361 2546,1358 2591,1355 2636,1355 2681,1352 2725,1352 2770,1349 2815,1346 2860,1343 2904,1340 2949,1340 2994,1337"/>
                <TextEquiv>
                    <Unicode>Med. etwas verlumpt, sehr begabt. Er lässt sich</Unicode>
                </TextEquiv>
            </TextLine>
            <TextLine id="tr_1_tl_7" custom="readingOrder {index:6;}">
                <Coords points="816,1629 883,1626 895,1637 939,1605 1015,1608 1041,1623 1067,1608 1126,1629 1143,1617 1170,1623 1172,1547 1137,1532 1082,1535 1064,1520 988,1532 962,1550 936,1535 877,1555 851,1538 819,1547"/>
                <Baseline points="835,1600 865,1597 910,1594 955,1591 1000,1591 1044,1591 1089,1588 1134,1585 1179,1588"/>
                <TextEquiv>
                    <Unicode>werben.</Unicode>
                </TextEquiv>
            </TextLine>
            <TextLine id="tr_1_tl_8" custom="readingOrder {index:7;}">
                <Coords points="830,1763 1111,1810 2052,1702 2424,1757 3093,1672 3099,1582 1216,1687 836,1629"/>
                <Baseline points="847,1755 865,1755 910,1752 955,1752 1000,1749 1044,1749 1089,1746 1134,1746 1179,1743 1224,1740 1268,1737 1313,1737 1358,1734 1403,1731 1448,1728 1492,1728 1537,1725 1582,1722 1627,1719 1671,1716 1716,1713 1761,1713 1806,1707 1851,1707 1895,1704 1940,1701 1985,1695 2030,1695 2074,1692 2119,1689 2164,1689 2209,1686 2254,1683 2298,1683 2343,1680 2388,1677 2433,1671 2478,1671 2522,1668 2567,1665 2612,1665 2657,1665 2701,1665 2746,1662 2791,1659 2836,1654 2881,1654 2925,1648 2970,1648 3015,1642 3060,1642 3104,1642"/>
                <TextEquiv>
                    <Unicode>Der Marquis, Julie's und Grenzens Vater, mit den</Unicode>
                </TextEquiv>
            </TextLine>
        </TextRegion>
        <TextRegion id="tr_2" custom="readingOrder {index:1;}">
            <Coords points="838,1753 3257,1753 3257,3927 838,3927"/>
            <TextLine id="tr_2_tl_1" custom="readingOrder {index:0;}">
                <Coords points="819,1947 2248,1848 2415,1906 2526,1830 2944,1851 2950,1743 1017,1862 827,1813"/>
                <Baseline points="838,1913 850,1913 895,1910 940,1910 985,1907 1030,1904 1074,1904 1119,1901 1164,1898 1209,1895 1253,1895 1298,1892 1343,1892 1388,1886 1433,1886 1477,1883 1522,1880 1567,1877 1612,1874 1656,1871 1701,1871 1746,1865 1791,1862 1836,1862 1880,1860 1925,1860 1970,1857 2015,1854 2060,1851 2104,1848 2149,1845 2194,1845 2239,1842 2283,1839 2328,1839 2373,1836 2418,1830 2463,1827 2507,1827 2552,1824 2597,1821 2642,1821 2687,1818 2731,1818 2776,1815 2821,1812 2866,1809 2910,1803 2955,1806"/>
                <TextEquiv>
                    <Unicode>Bourbonen entfernt verwandt, sehr reich, halt</Unicode>
                </TextEquiv>
            </TextLine>
            <TextLine id="tr_2_tl_2" custom="readingOrder {index:1;}">
                <Coords points="830,2070 968,2096 1164,2058 1234,2093 1333,2047 1424,2076 1588,2032 1877,2047 1912,2041 1921,1918 1690,1971 1175,1968 1032,2020 833,2012"/>
                <Baseline points="847,2066 892,2066 937,2063 982,2060 1027,2060 1071,2057 1116,2057 1161,2054 1206,2051 1250,2048 1295,2045 1340,2045 1385,2042 1430,2039 1474,2036 1519,2030 1564,2030 1609,2027 1654,2024 1698,2021 1743,2018 1788,2018 1833,2015 1877,2012 1922,2009"/>
                <TextEquiv>
                    <Unicode>Hof. Emignanten um ihn.</Unicode>
                </TextEquiv>
            </TextLine>
            <TextLine id="tr_2_tl_3" custom="readingOrder {index:2;}">
                <Coords points="845,2245 2514,2202 3076,2117 3079,2050 851,2149"/>
                <Baseline points="865,2218 889,2218 934,2215 979,2215 1024,2215 1068,2212 1113,2209 1158,2209 1203,2206 1247,2203 1292,2200 1337,2197 1382,2194 1427,2191 1471,2188 1516,2185 1561,2182 1606,2179 1651,2176 1695,2176 1740,2173 1785,2173 1830,2170 1874,2167 1919,2167 1964,2161 2009,2158 2054,2158 2098,2155 2143,2152 2188,2149 2233,2146 2277,2143 2322,2143 2367,2140 2412,2137 2457,2134 2501,2134 2546,2134 2591,2128 2636,2125 2681,2122 2725,2122 2770,2116 2815,2116 2860,2113 2904,2110 2949,2107 2994,2104 3039,2101 3084,2101"/>
                <TextEquiv>
                    <Unicode>Julia, seine Tochter, fühlt das königliche Blut.</Unicode>
                </TextEquiv>
            </TextLine>
            <TextLine id="tr_2_tl_4" custom="readingOrder {index:3;}">
                <Coords points="848,2421 3067,2310 3073,2202 1365,2304 857,2245"/>
                <Baseline points="868,2373 883,2373 928,2373 973,2370 1018,2370 1062,2367 1107,2364 1152,2361 1197,2358 1241,2355 1286,2352 1331,2352 1376,2349 1421,2346 1465,2346 1510,2340 1555,2337 1600,2334 1645,2331 1689,2331 1734,2328 1779,2325 1824,2325 1868,2322 1913,2319 1958,2316 2003,2313 2048,2310 2092,2307 2137,2307 2182,2304 2227,2301 2272,2298 2316,2295 2361,2292 2406,2289 2451,2286 2495,2286 2540,2283 2585,2280 2630,2277 2675,2277 2719,2275 2764,2272 2809,2269 2854,2269 2898,2266 2943,2263 2988,2260 3033,2257 3078,2257"/>
                <TextEquiv>
                    <Unicode>Sie findet, dass Napolson ihrem Vater die Krone</Unicode>
                </TextEquiv>
            </TextLine>
            <TextLine id="tr_2_tl_5" custom="readingOrder {index:4;}">
                <Coords points="860,2579 2883,2476 3014,2441 3023,2327 865,2441"/>
                <Baseline points="877,2537 919,2531 964,2528 1009,2525 1053,2522 1098,2516 1143,2513 1188,2513 1233,2510 1277,2507 1322,2507 1367,2504 1412,2498 1456,2498 1501,2492 1546,2492 1591,2486 1636,2486 1680,2483 1725,2481 1770,2478 1815,2475 1860,2475 1904,2472 1949,2469 1994,2466 2039,2463 2083,2460 2128,2460 2173,2457 2218,2454 2263,2451 2307,2448 2352,2448 2397,2445 2442,2442 2486,2442 2531,2436 2576,2436 2621,2433 2666,2430 2710,2427 2755,2424 2800,2424 2845,2421 2890,2415 2934,2412 2979,2409 3024,2412"/>
                <TextEquiv>
                    <Unicode>geraubt, und ist entschlossen, Napoleon zu tö¬</Unicode>
                </TextEquiv>
            </TextLine>
            <TextLine id="tr_2_tl_6" custom="readingOrder {index:5;}">
                <Coords points="868,2693 3003,2608 3099,2582 3105,2473 877,2570"/>
                <Baseline points="886,2681 910,2681 955,2675 1000,2675 1044,2672 1089,2672 1134,2669 1179,2663 1224,2663 1268,2660 1313,2654 1358,2651 1403,2651 1448,2648 1492,2648 1537,2642 1582,2642 1627,2639 1671,2636 1716,2633 1761,2630 1806,2633 1851,2627 1895,2624 1940,2621 1985,2618 2030,2618 2074,2612 2119,2612 2164,2609 2209,2606 2254,2603 2298,2603 2343,2600 2388,2597 2433,2594 2478,2591 2522,2591 2567,2588 2612,2585 2657,2582 2701,2579 2746,2579 2791,2576 2836,2573 2881,2570 2925,2567 2970,2564 3015,2561 3060,2558 3104,2558"/>
                <TextEquiv>
                    <Unicode>ten. Ist verlobt mit einem österreichischen Für¬</Unicode>
                </TextEquiv>
            </TextLine>
            <TextLine id="tr_2_tl_7" custom="readingOrder {index:6;}">
                <Coords points="877,2854 921,2857 944,2842 979,2854 1006,2842 1082,2854 1102,2833 1137,2836 1140,2769 1105,2780 1091,2769 1055,2772 1041,2786 1020,2772 988,2783 965,2763 939,2780 921,2766 903,2780 880,2775"/>
                <Baseline points="892,2830 922,2830 967,2827 1012,2827 1056,2824 1101,2824 1146,2824"/>
                <TextEquiv>
                    <Unicode>sten.</Unicode>
                </TextEquiv>
            </TextLine>
            <TextLine id="tr_2_tl_8" custom="readingOrder {index:7;}">
                <Coords points="877,2991 2780,2944 3140,2900 3146,2795 883,2886"/>
                <Baseline points="892,2982 910,2982 955,2979 1000,2979 1044,2976 1089,2973 1134,2973 1179,2970 1224,2970 1268,2967 1313,2964 1358,2961 1403,2958 1448,2955 1492,2952 1537,2949 1582,2949 1627,2946 1671,2946 1716,2943 1761,2940 1806,2937 1851,2934 1895,2934 1940,2931 1985,2928 2030,2925 2074,2922 2119,2922 2164,2919 2209,2913 2254,2910 2298,2910 2343,2904 2388,2904 2433,2901 2478,2901 2522,2898 2567,2896 2612,2893 2657,2890 2701,2887 2746,2884 2791,2884 2836,2881 2881,2878 2925,2875 2970,2872 3015,2872 3060,2866 3104,2863 3149,2860"/>
                <TextEquiv>
                    <Unicode>Der Marquis ist alt, halb gelähmt, er selbst hat</Unicode>
                </TextEquiv>
            </TextLine>
            <TextLine id="tr_2_tl_9" custom="readingOrder {index:8;}">
                <Coords points="889,3163 1558,3111 1789,3143 1903,3085 2061,3131 2155,3102 2158,3014 892,3087"/>
                <Baseline points="907,3140 952,3134 997,3134 1041,3134 1086,3131 1131,3128 1176,3125 1221,3122 1265,3119 1310,3116 1355,3113 1400,3110 1445,3107 1489,3107 1534,3104 1579,3102 1624,3099 1668,3099 1713,3096 1758,3093 1803,3090 1848,3087 1892,3084 1937,3081 1982,3078 2027,3078 2071,3075 2116,3075 2161,3081"/>
                <TextEquiv>
                    <Unicode>also keine Hoffnungen mehr.</Unicode>
                </TextEquiv>
            </TextLine>
            <TextLine id="tr_2_tl_10" custom="readingOrder {index:9;}">
                <Coords points="901,3301 1699,3269 1862,3310 2014,3242 2207,3263 2213,3163 903,3216"/>
                <Baseline points="916,3293 919,3290 964,3287 1009,3284 1053,3284 1098,3281 1143,3281 1188,3275 1233,3272 1277,3272 1322,3272 1367,3266 1412,3266 1456,3263 1501,3263 1546,3260 1591,3257 1636,3257 1680,3251 1725,3248 1770,3245 1815,3242 1860,3239 1904,3236 1949,3236 1994,3233 2039,3230 2083,3230 2128,3227 2173,3224 2218,3227"/>
                <TextEquiv>
                    <Unicode>Seine Hoffnung ist der Sohn.</Unicode>
                </TextEquiv>
            </TextLine>
            <TextLine id="tr_2_tl_11" custom="readingOrder {index:10;}">
                <Coords points="901,3476 3210,3371 3254,3225 906,3383"/>
                <Baseline points="919,3442 928,3442 973,3439 1018,3436 1062,3436 1107,3433 1152,3430 1197,3430 1241,3427 1286,3427 1331,3424 1376,3421 1421,3421 1465,3415 1510,3412 1555,3409 1600,3409 1645,3406 1689,3403 1734,3400 1779,3397 1824,3394 1868,3391 1913,3388 1958,3385 2003,3385 2048,3379 2092,3379 2137,3376 2182,3376 2227,3376 2272,3373 2316,3373 2361,3367 2406,3364 2451,3361 2495,3358 2540,3358 2585,3358 2630,3355 2675,3349 2719,3349 2764,3343 2809,3340 2854,3337 2898,3337 2943,3334 2988,3331 3033,3328 3078,3325 3122,3322 3167,3319 3212,3316 3257,3313"/>
                <TextEquiv>
                    <Unicode>Der Sohn, Franz, verliebt in Agathe, die Schwester</Unicode>
                </TextEquiv>
            </TextLine>
            <TextLine id="tr_2_tl_12" custom="readingOrder {index:11;}">
                <Coords points="918,3611 1234,3678 1447,3590 1737,3625 2131,3541 2941,3558 3134,3508 3140,3421 924,3506"/>
                <Baseline points="934,3600 949,3597 994,3594 1038,3591 1083,3588 1128,3588 1173,3582 1218,3582 1262,3579 1307,3579 1352,3576 1397,3573 1442,3573 1486,3570 1531,3567 1576,3561 1621,3558 1665,3558 1710,3555 1755,3555 1800,3552 1845,3546 1889,3546 1934,3540 1979,3540 2024,3537 2068,3534 2113,3531 2158,3528 2203,3528 2248,3525 2292,3522 2337,3522 2382,3519 2427,3516 2472,3514 2516,3511 2561,3511 2606,3508 2651,3505 2695,3505 2740,3502 2785,3499 2830,3496 2875,3496 2919,3493 2964,3493 3009,3490 3054,3490 3099,3487 3143,3487"/>
                <TextEquiv>
                    <Unicode>des Medardus. Da eine Heirat unmöglich, bringen</Unicode>
                </TextEquiv>
            </TextLine>
            <TextLine id="tr_2_tl_13" custom="readingOrder {index:12;}">
                <Coords points="918,3780 1172,3757 1281,3783 1351,3742 1465,3775 1591,3734 1596,3655 1386,3681 1365,3655 1228,3678 1114,3646 924,3684"/>
                <Baseline points="937,3755 973,3755 1018,3752 1062,3749 1107,3746 1152,3743 1197,3740 1241,3737 1286,3737 1331,3734 1376,3734 1421,3728 1465,3725 1510,3723 1555,3720 1600,3723"/>
                <TextEquiv>
                    <Unicode>sich beide um.</Unicode>
                </TextEquiv>
            </TextLine>
            <TextLine id="tr_2_tl_14" custom="readingOrder {index:13;}">
                <Coords points="927,3970 1731,3889 2041,3924 2175,3862 2278,3912 2512,3836 2719,3871 2757,3748 936,3818"/>
                <Baseline points="946,3917 970,3914 1015,3911 1059,3911 1104,3908 1149,3908 1194,3905 1239,3902 1283,3899 1328,3896 1373,3893 1418,3890 1462,3887 1507,3884 1552,3884 1597,3881 1642,3878 1686,3875 1731,3872 1776,3869 1821,3866 1865,3863 1910,3860 1955,3860 2000,3857 2045,3854 2089,3851 2134,3848 2179,3848 2224,3845 2269,3842 2313,3839 2358,3839 2403,3833 2448,3830 2492,3830 2537,3827 2582,3824 2627,3824 2672,3821 2716,3818 2761,3821"/>
                <TextEquiv>
                    <Unicode>Nun ist Julia die Hoffnung des Marquis.</Unicode>
                </TextEquiv>
            </TextLine>
        </TextRegion>
    </Page>
</PcGts>
