3480 4376
2877 385 3003 577 18
511 640 2354 892 das Volk nicht rasch genug auseinander.
530 683 2798 1034 Ein französischer Offizier zieht den Säbel, Tell
534 988 1591 1180 bricht ihn übers knie;
593 1021 2098 1333 Wird am nächsten Tag erschossen.
557 1190 2347 1472 Sein Freund Geiger von Schlag gerührt.
560 1299 3007 1568 Am 26 Juni Sattlermeister Eschenbach erschossen, weil
573 1409 2738 1727 er zwei österreichische Kanonen vergraben hat.
630 1701 1621 1863 Proklam- Andreoschis
583 1817 1823 2019 Leichtsinn der Art Ilerie.
597 1840 3269 2158 Das Pulverlaboratorium auf der Schotenbastei in die Luft.
607 1996 3013 2334 Mittelbare Entwaffnung der Bürgermiliz. Seite 47
610 2234 1996 2480 Vorgänge auf der Kriegsbühne
640 2407 1956 2622 4. Juli Schlacht bei Wagram-
643 2437 3199 2755 Am 13. Juli um sechs reitet Napoleon mit seinen Garden
660 2712 1422 2904 durch die Stadt.
670 2768 2543 3023 Die Gärten dem Publikum wieder geöffnet,
673 2884 2476 3159 Am 23. Juli 22 000 Menschen im Prater.
690 3037 2407 3315 15. August reier des Napoleonstages.
753 3245 1518 3454 Unterhandlungen,
762 3391 1727 3600 Zeitungslästerungen.
723 3547 1379 3756 Verwüstungen.
1445 3656 1548 3779 s.
796 3686 1419 3888 Reise Napoleo
1442 3763 1568 3839 1 - pd a. p.
