3448 4296
324 508 727 678 26/4.03.
320 661 3113 856 Medardus grimmiger Franzosenfeind, weil sein Vater gefallen.
310 818 2950 998 Die Mutter zieht ihn zu seinem Rächer auf. Er lässt sich
313 981 2783 1162 werben, geht zum Militär. Wie seine Schwester stirbt,
313 1110 2978 1305 schwört er dem Haus des Fürsten blutige Rache. Aber statt
310 1284 2981 1472 die junge Fürstin zu beschimpfen, verliebt er sich in sie
344 1416 1677 1593 und wird von ihr beschimpft.
299 1562 3016 1792 Er hat nun beides verloren. Trotz Abmahnung der Mutter ist
341 1757 3013 1910 er vom Militär fort, und auch die Rache ist misglückt. So
334 1896 3093 2098 schwört er ihr, alles Persönliche zu vergessen und Napoleon
285 2025 737 2219 zu töten.
278 2240 3037 2383 Aber auch die junge Gräfin hat die Absicht, Napoleon zu tö-
327 2383 2988 2557 ten, der ihrem Vater ihrer Ansicht nach die Krone raubte.
271 2539 2887 2682 Sie will ihm die Krone bringen. Es sollte der Sohn sein,
317 2693 2964 2877 aber daraus wurde nichts. So verspricht sie es dem Vater.
264 2814 1774 3006 Er ist ein Cousin der Bourbonen.
250 2981 2971 3193 Oder erst der Befehl Napoleons: Erscheint zur Cour, bringt
296 3124 835 3305 ihn in Wut.
244 3267 3006 3489 Der Verlobte der Tochter ein junger österreichischer Fürst.
237 3437 1238 3667 Dem sagt sie's. Toll.
