3592 4296
454 251 805 445 Strieb.
693 467 3224 647 Ludwig XIV vermähtl mit Maria Theresia Tochter Philipp
683 631 1424 809 IV von Spanien.
693 767 2152 960 Sein Sohn: Louis, stirbt 1711.
696 937 2387 1127 Hat Söhne mit Marie Anna von Baiern.
693 1102 1942 1301 Louis Herzog von Bourgogne
693 1185 3286 1427 Philipp Herzog von Anjou, wird 1700 König von Spanien.
712 1443 2583 1620 Charles Herzog von Barry gestorben 1714.
709 1701 3192 1881 Der Sohn des Herzog Lous von Bourgoine ist Ludwig XV.
709 1875 2728 2074 Ludwig XV und Maria Leszynska s SÖhn Louis.
712 1991 3083 2216 Louis vermählt mit Maria Josefa von Sachsen stirbt
725 2239 1669 2406 1765 hat drei Söhne.
725 2397 1366 2567 Lu wig XVI.
725 2506 2551 2683 Louis Stanislaus Xavier, / Ludwig XVII/
738 2696 2432 2877 Charles Philipp von Artois / kain X/
728 2815 2751 3028 Ludwig XVI mit Marie Antoinette hat Kinder.
738 3022 1917 3192 Dophin Louis, gest. 1789.
731 3160 2000 3357 Lois / XVII/3 gestr. 1795./
734 3299 3038 3527 Marie Therese, Charlotte Herzognin von Angouleme.
