3592 4392
693 672 1964 944 7. Im Palais des Marquis
649 827 2747 1070 Kondolenzen. Vielleicht auch eine vom Kaiser.
658 1075 1526 1248 Kriegsnachrichten.
672 1184 2142 1426 Die Pläne des xxxxxxx Marquis.
728 1362 1780 1552 Der Marquis und Julie,
742 1458 2575 1701 Die Macht Napoleons wird immer grösser.
757 1575 2978 1818 Julia denkt daran, dass man Napolson auf irgend
774 1751 2543 2028 eine Weise aus dem Wege räumen könnte.
734 1888 3086 2145 Der Marquis will die Krone nur für sein Geschlecht
748 2063 3069 2320 wiederhaben. Seine Tochter soll Königin von Frank-
810 2329 1435 2455 reich werden.
810 2364 3083 2607 Die Marquise spricht mit Julie über den Wahnsinn
830 2633 1458 2782 ihres Gatten.
839 2730 1897 2937 Julia: Warum Wahnainn?
848 2809 2809 3110 Julia und das Kammerfräulein spielen Ball.
815 2998 2946 3244 Nachrichten vom Heranrücken der französischen
868 3267 1277 3399 Truppen.
871 3373 2060 3557 Der Kaiser ist abgereist.
894 3416 3212 3735 Der xx Graf kommt; er teilt mit, dass er Med. auf
859 3694 1911 3893 den Tod verwundet hat.
