3544 4328
585 629 3239 776 Beginn des Stückes. Ein Spaziergang auf dem Wasserglacis.
585 793 3331 971 Hier muss bereits der Fürst auftreten oder besser stumm er-
588 947 2079 1105 scheinen. Oder eine Praterfahrt?
585 1077 2674 1235 Zeitungsnachrichten. Frechheit der Franzosen.
598 1228 1720 1409 Franz I. Kriegsgerüchte.
581 1385 3280 1525 Medardus und seine Schwester. Er ein etwas verlumpter Stu-
626 1553 1922 1703 dent. Sein Freund Bärenburg,
585 1679 3239 1867 Der junge Fürst lernt die Leute kennen durch Thomann, der
626 1850 1700 2018 ihm Musikstunden giebt.
626 2018 3249 2189 Fürst, Fürstin und Tochter fahren vorüber. Man redet von
622 2172 923 2373 ihnen.
