3496 4312
351 571 2292 741 Linien um die Vorstädte in Stand gesetzt.
364 741 1954 846 Waffenübungen Vor- und Nachmittag.
370 875 3010 984 Oberkommissäre Josef Karl Graf v. Dietrichstein und Graf
328 1046 938 1184 Josef Pergen.
321 1203 2856 1298 17.April, auf dem Glacis vom Schotten- bis zum Stuben-
377 1338 2954 1466 tor Fahnenweihe durch Weihbischof Graf Arz in Gegenwart
334 1482 2534 1626 der Majestäten. Ausmarsch zur Nussdorfer Linie.
374 1620 2902 1771 Zwei Schwadronen Reiterei unter Oberstleut.Baron Hoch-
374 1800 2967 1938 berg und den Rittmeistern Gf.Waldstein und Eugen Wrbna.
452 1928 2797 2151 Das Universitätskorps mit d m ihm von der letzten
384 2115 2646 2272 türkischen Belagerung her zuständigen Fahnen.
384 2308 2354 2436 Sieben starke Brigaden und ein Jägerkopra.
384 2443 2846 2587 Gemeingeist der Tischler, die jeden Feigen aus ihrer
2813 2446 3144 2646 as some
344 2626 2689 2734 Mitte ausschliessen, - mit eigener Aufgebotsfahne.
436 2718 2954 2915 Die Aufgebotsmedaille, mit der Inschrift: Den biedern
387 2895 2800 3020 Söhnen Oesterreichs des Landesvaters Dank. :S.133:
410 3049 3039 3259 Von 1788-1801 drei Feldzüge gegen die Türken, acht gagen
387 3223 1023 3394 die Franzosen.
351 3364 1944 3518 Wohlfeilheitskommission 1801-1804.
413 3479 3003 3675 Verein zur Unterstützung der durch den harten Drang der
390 3636 2567 3790 Zeitumstände vermehrten hiesigen Notleidenden.
