3464 4328
652 663 2586 861 1. Im Prater oder auf dem Wasserglacis.
658 837 1548 1011 Ein Frühlingsabend.
655 1006 1315 1180 Spaziergänger.
661 1132 2592 1330 Frau Berger, ihre Tochter Agathe, Thomas.
652 1295 1749 1477 Der Sattler Eschenbach.
619 1424 1923 1625 Ueber den beginnenden Krieg.
616 1572 2902 1793 Der Mann der Frau Berger ist im Jahre 1805 gefal-
658 1740 3025 1902 len; ihre Hoffnung ist, dass ihr Sohn Medardus den
666 1902 2828 2085 Tod des Vaters rächen werde. Von Medardus hört
663 2064 2978 2247 man, dass er etwas verlumpt, grossprecherisch und
672 2250 1292 2400 gutmitig ist,
675 2383 2875 2560 Französische Blätter werden verlesen, Proklama¬
634 2551 2418 2704 tionen Napoleons, die verhöhnt werden.
687 2701 2312 2854 Ueber die Uebungen der Bürgermiliz,
675 2860 2846 3002 Ueber die Musterung der sechs wiener Landwehr-
678 3002 1191 3155 Bataillone.
634 3108 2987 3291 Dann erscheint Medardus und sein Freund, ein back-
675 3323 2232 3438 liger Mann, philosophischer Jude.
678 3432 2896 3586 Medardus, gut gelaunt, ohne Ernst. Der backlige
681 3586 2108 3822 Freund spürt das Genie in ihm.
