3480 4328
385 706 2932 893 .Fürst Karl Liechtenstein, Kabinettsdirektor unter Leo-
408 906 2929 1037 pold II., der Appellationsrat von Fillenbaum, der Hof-
351 1050 3013 1200 silberarbeiter Ignaz Würth, der Baumeister Josef Gerl und
405 1227 2849 1371 der Tuchhändler Ignaz Biedermann entwerfen den Plan,
358 1331 3050 1491 zur Errichtung eines Freikorps, das von Wiens Bürgerschaft
411 1498 2946 1669 vom österr. u. steiermärk. Adel unterhalten wird.
408 1642 2431 1832 Das österr.-steier.-Wurmserische Freikorps.
368 1806 2922 1990 Das Korps der Wiener Freiwilligen, 1797. Ein 1400 Mann
418 1986 3003 2157 starkes Füsilierbataillon mit der. Begünstigung, den Gre-
411 2177 1605 2317 nadiermarsch zu schlagen.
408 2274 1876 2478 Major Kovösdy der Befehlshaber.
411 2454 1699 2618 Fahnenweihe auf dem Glacis.
364 2598 2959 2782 Das Wiener Aufgebot. Prinz Ferdinand v. Würtemberg Ober-
415 2769 1027 2939 befehlshaber.
411 2872 3036 3053 Am 11.April 1000 Studenten und 7300 Freiwillige auf dem
415 3073 2354 3213 Glacis, paradieren vor Kaiser u.Kaiserin.
418 3233 3070 3394 Jeder Bürgerswitwe, deren Mann vor dem Feind bleibt, Per
421 3421 682 3574 sion.
415 3524 2939 3671 Die Zugbrücken an den Toren hergestellt, der bedeckte
418 3681 3016 3899 Weg mit Pallisaden besetzt, die Werke ausgebessert, die
