3560 4392
2722 457 2811 619 8
608 668 2585 882 Medardus allein, in Verzweiflung, am Grab.
571 845 2457 1030 Julia und sin Kammerfräulein mit Blumen.
614 1050 1073 1230 Medardus.
634 1219 1070 1358 Gespräch.
634 1347 1538 1495 Med.beschimpft sie.
639 1447 2745 1638 Der junge Graf kommt, der Verlobte von Julie,
602 1638 2160 1829 Es kommt zu einer Duellforderung.
648 1821 1841 1963 Med.bleibt allein zurück.
659 1906 2865 2129 In diesem Augenblick taucht ihm die erste XX###
662 2075 2956 2269 Ahnung auf, was er tun könnte, um sich zu rächen.
