3512 4376
2149 124 2842 347 xx
2737 410 2867 559 14
666 641 1665 867 11. Auf der Bastei.
688 748 2845 946 Verschiedene Leute. Ueber die bevorstehende Be-
671 971 1120 1164 lagerung.
688 1089 2184 1301 Die Leute nehmen es nicht ernst.
655 1266 2069 1464 Ueber einen Parlamentär u.s.w.
702 1384 2914 1585 Med. hat seine Absicht von einem Tag zum andern
724 1546 2894 1720 verschoben. Jetzt hört er, dass heute die Hoch-
718 1678 2911 1879 zeit von Julia und dem Grafen stattfinden soll.
726 1923 1640 2077 Die Bomben fliegen.
