3576 4392
697 599 2252 806 6. Auf Μηκκκηληδη dem Friedhof.
675 694 2919 962 Verschiedene Weiber., die wegen des Begräbnisses
675 1006 1029 1118 kommen.
638 995 2709 1266 Ein uralter Herr, mit einem kleinen Mädchen.
649 1235 1650 1424 Anna und ihre Mutter.
705 1307 2946 1561 Einiges über die Familie Berger. Ueber die Ursa-
728 1514 1996 1734 chen des Doppelselbstmords.
677 1642 2110 1859 Dann wieder Kriegsnachrichten.
691 1787 2921 2077 Der Bürgermeister hat zu freiwilligen Beiträgen
750 1912 2949 2183 für die zurückbleibenden Familien aufgefordert.
672 2113 2746 2347 Heerschau auf dem Glacis durch Maximilian.
778 2300 2132 2481 Ein sentimentales Liebespaar.
797 2453 2160 2645 Verschiedene Episodenfiguren.
789 2604 2679 2788 Die Leichenzüge nahen von beiden Seiten.
800 2704 2971 2971 Der Marquis begibt sich zu Frau Berger hinüber
817 2955 1500 3133 und ist stolz.
822 3083 1745 3275 Die Marquise weint.
850 3267 1751 3420 Julia ist nicht da.
847 3404 1764 3579 Medardus ist stark.
811 3512 2551 3724 Die Särge werden in das Grab gesenkt.
867 3705 2250 3930 Wieder Nachrichten vom Krieg.
