3464 4312
2758 441 2862 616 8
392 587 1854 768 Hormeyer S.155, Krieg von 1805
347 801 2891 904 Die Tünglinge vom Adel und von der Bürgerschaft werden
399 946 2901 1073 aufgefordert, sich in die Bürgermiliz einschreiben zu
399 1070 2058 1222 lassen und Garnisonsdienste zu tun.
395 1222 2178 1361 Das Korps der bürgerlichen Kavallerie.
389 1403 2933 1533 Das 2. Bürgerregiment, die sogenannten Schutzverwandten
389 1523 972 1698 Dekretisten.
344 1698 2878 1825 Freih. Ferdinand von Geramb errichtet ein eigenes Frei¬
382 1851 1669 2010 korps der öesterr. Kaiserin.
395 2006 2791 2159 Bildergallerieen, Kabinette, Archive, u.Staatskassen
376 2162 1980 2334 nach Mähren und Ungarn geflüchtet.
344 2330 2907 2463 9.Nov. ständisch-städtische Deputation dem französ. Vor-
379 2473 2830 2603 trab entgegen: Fürst Prosper Silzendorf, der Abt von
366 2655 2946 2771 Seitenstetten, die Verordneten v.Keess u.Gf. Vetterani,
370 2791 2937 2950 der Bürgermeister von Wohlleben, der Oberkämm.Schinner,
373 2933 1206 3105 der Rat Pöltinger.
363 3053 2969 3241 ser schon schon gegen Wien, betritt es nur bei Nacht, im
321 3261 2901 3400 tiefsten Inkognito od.von zahlreicher Reiterei umgeben.
447 3368 2185 3598 Gerücht von Napoleons Tode :S.161:
350 3510 1763 3737 Proklamation Napoleons, S.168
