3432 4312
2944 421 3115 595 12.
569 582 2185 749 3. 4. 5. Musterung der Bataillone.
569 670 3211 874 Ihre B fehlshaber. S. Quitun, Steigentesch, Waldstein,
559 854 1821 1071 Küffel, Sahlis, Managet a.
575 1012 1528 1199 9. März Fahnenweihe.
569 1170 1436 1367 Ei auf dem Glaesi
572 1308 2294 1512 Worte des Erherzog Karl. Seite 22
575 1479 1071 1646 Ausmarsch.
569 1577 3017 1771 Drei Bataillons nach Korneuburg mit Erherzog Ludwig,
572 1778 2938 1939 Drei nach Klosterneuburg mit Erzherzog Maximilian.
575 1893 3129 2054 FreiwilligeBeitraäge für die zurückbleibenden Familien
546 1982 3181 2208 Die Schwächlichsten bleiben zurück zu Werbung und Depos
407 2064 519 2215 X
588 2228 973 2383 in Wien.
582 2320 2954 2534 Georg Käsmann ein Schuhmacher, erschiesst sich auf
279 2327 536 2606 Bier
585 2511 979 2668 Schmerz.
634 2537 3076 2777 Georg und Karl Etzel die ersten, die in die Landwehr
582 2816 946 2954 treten.
670 2872 3221 3092 Heinrich Kolins Landwehrlieder im burgtheater geengen.
592 3017 3050 3244 Am 6. April verlässt der Generalissimus Wien. Am 8.
592 3188 1768 3375 der Kaiser mit Begleitung.
595 3260 3017 3490 Am 9. April xx Kriegserklärung an die Vorposten.
601 3460 2511 3654 Schassler mit Hormeier nach Brixen, etc.
601 3608 1706 3802 Hauptheer über den Inn.
