3576 4392
1659 135 2858 402 1) Il est a été dans le tems
2756 430 2888 624 16
633 644 1505 838 13. Haus Berger.
667 759 2911 959 Med.in Verzweiflung. Gesteht der Mutter, was ge-
689 880 2945 1111 schehen ist. Spätte. - al an selbe Tag nie 12.
698 1088 2959 1257 Die Zustände in Wien. Alle Kriegswaffen sind bei
706 1268 1851 1443 Todesstrafe abzuliefern.
652 1409 1693 1654 Thomas, Eschenbacher.
776 1575 2722 1800 der Mutter hier nicht nicht. Ja, dein teben ist nichts warth - also
796 1780 1072 1963 ohne er
1041 1792 3184 2070 Mevardu war durch Tage unsichtlich
