2824 3400
1089 333 1912 454 Arthur Schnitzler.
960 465 2396 633 Im Nort und der Geist in der Tat.
512 476 737 600 Der G.
946 625 2333 792 In diesem kleinen Werk versucht
465 759 2438 897 A.S. das Gebiet des menschlichen Geistes,ins
435 883 2322 1081 besondere die Beziehung zwischen dessen Ur-
187 1048 2325 1213 pen scliematisch in zwei Diagrammen därzu-
1315 1136 1634 1249 iubesnde
432 1167 2300 1323 stellen, und er weist mit Nachdruck auf die
435 1274 2647 1447 Irrtümer ka hin, die in der Beurteilung von der Ur
534 1395 919 1480 zeiteun
429 1406 2407 1582 Pereönlichkeiten dadurch geschehen, dass diex
421 1543 2363 1720 Geistesverfassungen nicht nur von den gleich
429 1695 2248 1838 oder ähnlich benanten Begabungen, soydern-
424 1802 2270 1978 auch von gleich oder ähnlich benannten Be-
418 1945 2344 2127 rufsarten nicht sorgfältig genug unterschie-
1425 2041 1623 2127 Una
410 2110 2306 2231 den zu werden pflegen. Denn als das Meseht-
413 2173 2344 2363 liche für die Beurteilung und (Erkenntnis des
399 2330 2407 2512 Geisteamenschen,gilt ihm nicht der Beruf,nicht
399 2446 2418 2614 die Begabung, auch nicht die Seelenzustände, so
393 2583 2407 2699 dern in jedem Fall die angeborene, einheitliche
391 2707 2303 2878 unveränderliche Geistesverfagsung, als deren
1051 2834 1178 2925 ii
402 2848 2245 2999 Repräsentant dar Typus in der Welt der Er-
399 2969 2201 3123 scheinungen auftritstzwem auch gerade die
