2824 3416
1483 253 1809 456 Minn
458 284 780 574 Schritzl
1154 524 2423 719 wreg ins Treter hat die Geeinde
787 590 1067 706 Seit 1e
437 690 2465 856 Arthus Schnitzlere keinen umfängreichen, doman ihres
448 819 1238 1011 Dichters empfangen.
787 956 2544 1122 Jetzt dürfen wir ein neues. grosses Romanwerk
435 1088 2341 1246 von ihm vorlegen, das reif und wissend eine Schau-
442 1217 2323 1401 über weite Gehiete des Menschenlebens vor uns
429 1351 2257 1507 auftut. Immer war es die Kunst Schnitzlers die
435 1480 2489 1659 Frauensele zu erfühlen; und sie unmittelbar fassbar
437 1622 2465 1765 zu machen sein persönlichster Besitz. Diesmal zeigt-
432 1720 2549 1925 er die Hdldin seines Buches nicht nur in den entschei-
424 1844 2373 2031 denden Abschfitten ihres Dasein,sondern führt sie
429 2017 2447 2178 durch die Jahrzehnte ihrer wesentlichen Erlehniese.
432 2141 2476 2299 Von semerzlichen Kreignisgen im Älternhause aufge-
400 2265 2444 2431 rührt tritt Therese indin selbständiges Lebön; sie
419 2386 2447 2584 wirkt, agak ursprünglich begaht mit lebensoffenen,
435 2505 2523 2710 ja freudigen Sinnen, doch glücklag meist sum des Wohles
421 2668 2534 2823 Anderer Willen, als EnderHegort und Erzieherin und
353 2736 640 2850 Lehreim
424 2818 2402 2923 in verschiedenen Tamilien. Das dauernde Gefühl der
1954 2889 2241 2976 Theirus
419 2913 2407 3095 Heimetlosigkeit bei stotem schon durch ihren Beruf
