3256 4040
1547 1010 1673 1118 von
824 1056 2903 1219 bedingten Wechsel das Heimg und Umgebung, ein bestän-
821 1201 2836 1327 diges und fast immer wieder enttiuechtes Verlangen
839 1314 2885 1482 nach liebe, prägt der Chronik dieses freten. Frauenle-
1048 1444 1258 1516 seine
832 1431 2887 1606 bens den eigentümlichen Charakter auf. Der Segen ei-
839 1580 2737 1707 ner heimlichen Mutterschaft wandelt sich ihr mit
839 1697 2673 1875 unerbittlicher Notwendigkeit I Fluch und ihr
801 1828 2776 1981 :Schicksal erfüllt sich, indem ihr Sohn, den sie vor
878 1947 2867 2097 achtzehn Jähre geboren, zu ihrem Mörder wird. Aber
857 2102 2812 2247 sterbend verzeiht sie ihm, denn, gläubig oder wenig-
842 2203 2717 2378 stens sch güchtig nach Glauben wird sie bis zum
842 2347 2859 2521 Tode nicht müde auch für ihr Leid einen Sinn zu su-
832 2502 2820 2660 chen, und, mit Kraft und Ergebung zugleich nimmt sie
837 2613 2825 2797 auf sich, was ihr auferlegt ist, nicht als trugische
837 2748 2706 2916 Fügung, sondern als Folge einer Schuld, die lange
844 2882 2691 3027 schon dunkel mahnend in der letzten Sturde ergt
855 2988 2182 3133 der Dulderin sich völlig enthüllt.
