<?xml version="1.0" encoding="UTF-8" standalone="yes"?>
<PcGts xmlns="http://schema.primaresearch.org/PAGE/gts/pagecontent/2013-07-15" xmlns:xsi="http://www.w3.org/2001/XMLSchema-instance" xsi:schemaLocation="http://schema.primaresearch.org/PAGE/gts/pagecontent/2013-07-15 http://schema.primaresearch.org/PAGE/gts/pagecontent/2013-07-15/pagecontent.xsd">
    <Metadata>
        <Creator>prov=READ-COOP:name=TrHtr:version=2.1.0:model_id=51170:date=28_07_2023_05:57</Creator>
        <Created>2023-05-10T11:22:26.981+02:00</Created>
        <LastChange>2023-07-28T05:57:06.362+02:00</LastChange>
        <TranskribusMetadata docId="1428145" pageId="55386229" pageNr="2" tsid="131321260" status="IN_PROGRESS" userId="64420" imgUrl="https://files.transkribus.eu/Get?id=LRMFIGULMRBPHEXAXKWQBPLD&amp;fileType=view" xmlUrl="https://files.transkribus.eu/Get?id=BDOGHWKZZNCOZCTQNDLRTOUC" imageId="44661128"/>
    </Metadata>
    <Page imageFilename="1428145_0002.jpg" imageWidth="6744" imageHeight="5240">
        <ReadingOrder>
            <OrderedGroup id="ro_1711822059179" caption="Regions reading order">
                <RegionRefIndexed index="0" regionRef="tr_1"/>
            </OrderedGroup>
        </ReadingOrder>
        <TextRegion id="tr_1" custom="readingOrder {index:0;}">
            <Coords points="3300,863 6290,863 6290,4086 3300,4086"/>
            <TextLine id="tr_1_tl_1" custom="readingOrder {index:0;}">
                <Coords points="3284,915 3354,967 3394,970 3482,923 3543,973 3572,967 3618,920 3653,944 3691,912 3723,923 3720,828 3583,839 3540,813 3461,799 3281,799"/>
                <Baseline points="3300,913 3389,913 3479,913 3568,919 3658,925 3730,925"/>
                <TextEquiv>
                    <Unicode>29.5.1913.</Unicode>
                </TextEquiv>
            </TextLine>
            <TextLine id="tr_1_tl_2" custom="readingOrder {index:1;}">
                <Coords points="3845,1130 5694,1086 5790,1074 5790,1019 5607,955 5442,1028 4721,1051 4646,993 4541,1063 4094,1077 3949,1016 3845,1083"/>
                <Baseline points="3861,1127 3915,1127 4004,1122 4094,1122 4183,1116 4273,1116 4362,1110 4452,1110 4541,1110 4631,1104 4720,1098 4810,1098 4899,1092 4989,1092 5078,1086 5168,1086 5257,1080 5347,1080 5436,1074 5526,1068 5615,1068 5705,1068 5795,1068"/>
                <TextEquiv>
                    <Unicode>Skizze eines Entwurfes zu einem Film</Unicode>
                </TextEquiv>
            </TextLine>
            <TextLine id="tr_1_tl_3" custom="readingOrder {index:2;}">
                <Coords points="3862,1283 5497,1246 5694,1193 5381,1156 4846,1173 4777,1228 4646,1179 3865,1228"/>
                <Baseline points="3879,1283 3909,1283 3998,1277 4088,1277 4177,1277 4267,1271 4356,1271 4446,1265 4535,1259 4625,1259 4714,1259 4804,1253 4893,1247 4983,1247 5072,1247 5162,1241 5251,1235 5341,1229 5430,1229 5520,1229 5610,1223 5699,1217"/>
                <TextEquiv>
                    <Unicode>nach der Novelle „Die Hirtenflöte</Unicode>
                </TextEquiv>
            </TextLine>
            <TextLine id="tr_1_tl_4" custom="readingOrder {index:3;}">
                <Coords points="3845,1600 6156,1475 3847,1513"/>
                <Baseline points="3861,1599 3921,1593 4010,1593 4100,1587 4189,1587 4279,1581 4368,1575 4458,1575 4547,1569 4637,1569 4726,1563 4816,1563 4905,1557 4995,1551 5084,1551 5174,1545 5263,1545 5353,1545 5442,1539 5532,1539 5621,1533 5711,1527 5801,1527 5890,1521 5980,1521 6069,1515 6159,1515"/>
                <TextEquiv>
                    <Unicode>(Nur nach der Lektüre der Novelle zu verste-</Unicode>
                </TextEquiv>
            </TextLine>
            <TextLine id="tr_1_tl_5" custom="readingOrder {index:4;}">
                <Coords points="3874,1742 3914,1765 4007,1751 4019,1763 4065,1757 4086,1771 4112,1748 4138,1765 4170,1763 4170,1719 4147,1719 4088,1664 4042,1693 3937,1687 3917,1667 3900,1687 3874,1687"/>
                <Baseline points="3891,1742 3980,1748 4070,1748 4159,1748 4177,1754"/>
                <TextEquiv>
                    <Unicode>hen).</Unicode>
                </TextEquiv>
            </TextLine>
            <TextLine id="tr_1_tl_6" custom="readingOrder {index:5;}">
                <Coords points="3894,2213 6115,2152 6197,2085 4074,2166 3897,2097"/>
                <Baseline points="3909,2214 3962,2214 4052,2214 4141,2208 4231,2208 4320,2202 4410,2196 4499,2196 4589,2190 4678,2190 4768,2184 4858,2184 4947,2178 5037,2178 5126,2172 5216,2172 5305,2166 5395,2160 5484,2160 5574,2154 5663,2154 5753,2148 5842,2142 5932,2142 6021,2142 6111,2136 6200,2130"/>
                <TextEquiv>
                    <Unicode>Turm. Nacht. Erasmus durch das Fernrohr schau¬</Unicode>
                </TextEquiv>
            </TextLine>
            <TextLine id="tr_1_tl_7" custom="readingOrder {index:6;}">
                <Coords points="3894,2364 4736,2375 5418,2343 5436,2294 5299,2245 4841,2265 4788,2314 4562,2274 3894,2335"/>
                <Baseline points="3909,2363 3921,2369 4010,2369 4100,2369 4189,2363 4279,2357 4368,2357 4458,2351 4547,2351 4637,2345 4726,2345 4816,2339 4905,2339 4995,2333 5084,2333 5174,2327 5263,2321 5353,2321 5442,2321"/>
                <TextEquiv>
                    <Unicode>end. Verdunkelung des Himmels.</Unicode>
                </TextEquiv>
            </TextLine>
            <TextLine id="tr_1_tl_8" custom="readingOrder {index:7;}">
                <Coords points="3911,2692 5749,2637 5752,2544 4510,2622 4457,2581 4332,2634 3914,2605"/>
                <Baseline points="3927,2679 3968,2685 4058,2679 4147,2673 4237,2673 4326,2667 4416,2661 4505,2655 4595,2655 4684,2655 4774,2649 4864,2643 4953,2643 5043,2643 5132,2637 5222,2631 5311,2631 5401,2625 5490,2625 5580,2620 5669,2614 5759,2620"/>
                <TextEquiv>
                    <Unicode>Erasmus die Treppe hinabschreitend.</Unicode>
                </TextEquiv>
            </TextLine>
            <TextLine id="tr_1_tl_9" custom="readingOrder {index:8;}">
                <Coords points="3917,2988 5973,2927 5996,2837 3920,2915"/>
                <Baseline points="3932,2984 3938,2984 4028,2984 4117,2984 4207,2978 4297,2972 4386,2972 4476,2966 4565,2966 4655,2960 4744,2954 4834,2954 4923,2948 5013,2948 5102,2942 5192,2936 5281,2936 5371,2930 5460,2930 5550,2924 5639,2924 5729,2918 5818,2912 5908,2912 5997,2906"/>
                <TextEquiv>
                    <Unicode>Schlafgemach.Dionysia schlafend.Erasmus</Unicode>
                </TextEquiv>
            </TextLine>
            <TextLine id="tr_1_tl_10" custom="readingOrder {index:9;}">
                <Coords points="3920,3142 6104,3032 5967,2976 5900,3037 5749,2988 3923,3078"/>
                <Baseline points="3938,3139 3962,3139 4052,3139 4141,3133 4231,3127 4320,3127 4410,3127 4499,3121 4589,3115 4678,3109 4768,3109 4858,3103 4947,3103 5037,3103 5126,3097 5216,3091 5305,3091 5395,3085 5484,3085 5574,3079 5663,3079 5753,3073 5842,3067 5932,3067 6021,3061 6111,3061"/>
                <TextEquiv>
                    <Unicode>tritt ein. Sein Blick. Ihr Erwachen. Das Ge-</Unicode>
                </TextEquiv>
            </TextLine>
            <TextLine id="tr_1_tl_11" custom="readingOrder {index:10;}">
                <Coords points="3923,3299 5398,3273 5982,3197 5593,3148 5395,3212 5038,3171 3923,3270"/>
                <Baseline points="3938,3300 4016,3294 4106,3288 4195,3288 4285,3288 4374,3282 4464,3276 4553,3276 4643,3270 4732,3264 4822,3264 4911,3258 5001,3258 5090,3252 5180,3246 5269,3246 5359,3240 5448,3240 5538,3234 5627,3234 5717,3228 5806,3228 5896,3222 5986,3228"/>
                <TextEquiv>
                    <Unicode>spräch. Dionysia zum Fenster, will hinab.</Unicode>
                </TextEquiv>
            </TextLine>
            <TextLine id="tr_1_tl_12" custom="readingOrder {index:11;}">
                <Coords points="3923,3455 5465,3421 5468,3371 5035,3331 4835,3392 4716,3345 4605,3403 4510,3354 4338,3406 3926,3403"/>
                <Baseline points="3938,3455 3950,3455 4040,3449 4129,3443 4219,3443 4308,3437 4398,3437 4488,3431 4577,3431 4667,3425 4756,3419 4846,3419 4935,3413 5025,3407 5114,3407 5204,3407 5293,3401 5383,3401 5472,3395"/>
                <TextEquiv>
                    <Unicode>Erasmus hält sie zurück.Kuss.</Unicode>
                </TextEquiv>
            </TextLine>
            <TextLine id="tr_1_tl_13" custom="readingOrder {index:12;}">
                <Coords points="3929,3760 5279,3737 5279,3685 5186,3641 4907,3650 4843,3696 4774,3653 4614,3662 4559,3708 4515,3665 4393,3714 4353,3670 4222,3676 4141,3723 4103,3685 3932,3685"/>
                <Baseline points="3944,3759 4034,3759 4123,3759 4213,3753 4303,3747 4392,3747 4482,3742 4571,3742 4661,3736 4750,3730 4840,3730 4929,3724 5019,3724 5108,3718 5198,3718 5287,3718"/>
                <TextEquiv>
                    <Unicode>Der Hirt am Haus vorüber.</Unicode>
                </TextEquiv>
            </TextLine>
            <TextLine id="tr_1_tl_14" custom="readingOrder {index:13;}">
                <Coords points="3952,4077 5851,4051 6284,3955 3955,3998"/>
                <Baseline points="3968,4076 4052,4070 4141,4070 4231,4064 4320,4058 4410,4058 4499,4052 4589,4046 4678,4046 4768,4046 4858,4046 4947,4040 5037,4034 5126,4034 5216,4028 5305,4022 5395,4022 5484,4016 5574,4016 5663,4010 5753,4004 5842,4004 5932,4004 6021,3998 6111,3992 6200,3992 6290,3992"/>
                <TextEquiv>
                    <Unicode>Schlafgemach. Dionysia noch in Erasmus Armen.</Unicode>
                </TextEquiv>
            </TextLine>
        </TextRegion>
    </Page>
</PcGts>
