6712 5240
5898 529 6084 814 12
4647 821 4864 1006 91.
3700 926 6059 1273 D. will den Prinzen holen, um ihn dem Volk zu
3731 1164 4914 1427 zeigen, findet ihn tot.
4731 1310 4929 1483 92.
3740 1427 5567 1740 D. mit dem Leichnamdurchs Schloss.
4762 1619 4923 1793 93.
3756 1675 6106 2025 Der Fürst auf dem Balkon.D.erscheint mit dem
3771 1873 6183 2170 blutigen Leichnam,ruft das Volk zur Rache auf.
3793 1991 6254 2322 Der Fürst verschwindet, die Menge verläuft sich.
3784 2211 5406 2483 D. sinkt mit dem Leichnam hin.
4799 2384 4991 2595 94.
3815 2446 6282 2790 D. am Morgen auf dem Balkon erwachend.Die Lii¬
3833 2626 5936 2963 che fort. D. schaut über die Balustrade,
4839 2870 5010 3047 95.
3836 2938 6022 3279 D.’s Flucht durch das verlassene Schloss.
4867 3180 5041 3338 96.
3861 3257 5638 3554 D. durch den unterirdischen Gang.
4883 3486 5041 3650 97.
3880 3533 6369 3815 Der Fürst vor seinem Schreibtisch.D. erscheint.
3907 3784 5298 4016 wie aus der Wand gespieen.
3929 3969 6397 4332 Fürst will ein Blatt verbergen. Sie liest darauf
