<?xml version="1.0" encoding="UTF-8" standalone="yes"?>
<PcGts xmlns="http://schema.primaresearch.org/PAGE/gts/pagecontent/2013-07-15" xmlns:xsi="http://www.w3.org/2001/XMLSchema-instance" xsi:schemaLocation="http://schema.primaresearch.org/PAGE/gts/pagecontent/2013-07-15 http://schema.primaresearch.org/PAGE/gts/pagecontent/2013-07-15/pagecontent.xsd">
    <Metadata>
        <Creator>prov=READ-COOP:name=TrHtr:version=2.1.0:model_id=51170:date=25_07_2023_21:54</Creator>
        <Created>2023-05-02T07:52:36.096+02:00</Created>
        <LastChange>2023-07-25T21:54:45.383+02:00</LastChange>
        <TranskribusMetadata docId="1416721" pageId="54951493" pageNr="7" tsid="130831514" status="IN_PROGRESS" userId="64420" imgUrl="https://files.transkribus.eu/Get?id=GIYPBTWYQDLZBVJYDBVKVWDC&amp;fileType=view" xmlUrl="https://files.transkribus.eu/Get?id=WWYUECKHNMXUIPJBNTYXSTBZ" imageId="44455219"/>
    </Metadata>
    <Page imageFilename="1416721_0007.jpg" imageWidth="3748" imageHeight="4631">
        <ReadingOrder>
            <OrderedGroup id="ro_1711828491054" caption="Regions reading order">
                <RegionRefIndexed index="0" regionRef="tr_1"/>
            </OrderedGroup>
        </ReadingOrder>
        <TextRegion id="tr_1" custom="readingOrder {index:0;}">
            <Coords points="1303,1391 2873,1391 2873,3713 1303,3713"/>
            <TextLine id="tr_1_tl_1" custom="readingOrder {index:0;}">
                <Coords points="1501,1479 1891,1460 2056,1504 2220,1450 2448,1530 2578,1448 2727,1466 2730,1338 2322,1354 2096,1305 1854,1400 1740,1315 1501,1446"/>
                <Baseline points="1512,1477 1524,1477 1569,1471 1614,1465 1659,1465 1703,1462 1748,1462 1793,1462 1838,1462 1882,1462 1927,1462 1972,1459 2017,1459 2061,1459 2106,1459 2151,1456 2196,1456 2240,1456 2285,1456 2330,1456 2375,1453 2419,1450 2464,1447 2509,1450 2554,1447 2598,1444 2643,1444 2688,1441 2733,1441"/>
                <TextEquiv>
                    <Unicode>Lieber Arthur, ich finde</Unicode>
                </TextEquiv>
            </TextLine>
            <TextLine id="tr_1_tl_2" custom="readingOrder {index:1;}">
                <Coords points="1404,1609 1559,1578 1607,1624 1800,1615 1874,1572 2141,1611 2324,1568 2574,1611 2814,1578 2814,1454 2417,1537 2056,1524 1870,1466 1504,1477 1404,1524"/>
                <Baseline points="1414,1581 1429,1581 1474,1572 1518,1572 1563,1572 1608,1578 1653,1575 1697,1572 1742,1572 1787,1572 1832,1572 1876,1572 1921,1572 1966,1569 2011,1569 2055,1566 2100,1566 2145,1566 2190,1569 2234,1569 2279,1566 2324,1566 2369,1566 2413,1566 2458,1566 2503,1566 2548,1566 2593,1569 2637,1566 2682,1563 2727,1563 2772,1560 2816,1569"/>
                <TextEquiv>
                    <Unicode>Ihre „Exisode“ weigens, Geist¬</Unicode>
                </TextEquiv>
            </TextLine>
            <TextLine id="tr_1_tl_3" custom="readingOrder {index:2;}">
                <Coords points="1298,1682 1590,1742 1696,1673 1756,1719 2172,1677 2369,1735 2483,1677 2750,1682 2750,1568 2212,1642 1870,1572 1754,1638 1557,1580 1425,1630 1298,1607"/>
                <Baseline points="1309,1673 1321,1673 1366,1673 1411,1673 1456,1673 1500,1673 1545,1670 1590,1673 1635,1670 1679,1670 1724,1670 1769,1670 1814,1670 1858,1670 1903,1667 1948,1667 1993,1667 2037,1670 2082,1667 2127,1667 2172,1667 2217,1667 2261,1667 2306,1667 2351,1667 2396,1665 2440,1667 2485,1662 2530,1662 2575,1656 2619,1656 2664,1656 2709,1659 2754,1662"/>
                <TextEquiv>
                    <Unicode>voll, ja stellenweise pontisch,</Unicode>
                </TextEquiv>
            </TextLine>
            <TextLine id="tr_1_tl_4" custom="readingOrder {index:3;}">
                <Coords points="1319,1800 1684,1793 1810,1839 1922,1796 2046,1845 2299,1767 2852,1837 2866,1675 2481,1677 2367,1737 2177,1740 2077,1680 1756,1719 1698,1673 1590,1742 1462,1694 1321,1729"/>
                <Baseline points="1330,1784 1345,1784 1390,1781 1435,1781 1480,1781 1524,1778 1569,1778 1614,1778 1659,1775 1703,1772 1748,1772 1793,1772 1838,1772 1882,1769 1927,1769 1972,1769 2017,1766 2061,1769 2106,1769 2151,1766 2196,1775 2240,1769 2285,1769 2330,1766 2375,1763 2419,1763 2464,1763 2509,1763 2554,1760 2598,1760 2643,1760 2688,1760 2733,1763 2778,1763 2822,1769 2867,1778"/>
                <TextEquiv>
                    <Unicode>aber sie ist eben — eine Episten¬</Unicode>
                </TextEquiv>
            </TextLine>
            <TextLine id="tr_1_tl_5" custom="readingOrder {index:4;}">
                <Coords points="1311,1938 1386,1899 1501,1934 1601,1891 2206,1880 2485,1883 2558,1947 2862,1885 2862,1835 2729,1793 2558,1843 2301,1767 2042,1847 1313,1825"/>
                <Baseline points="1321,1909 1345,1903 1390,1900 1435,1897 1480,1894 1524,1894 1569,1891 1614,1891 1659,1888 1703,1888 1748,1888 1793,1888 1838,1885 1882,1882 1927,1879 1972,1882 2017,1879 2061,1879 2106,1876 2151,1879 2196,1879 2240,1876 2285,1876 2330,1876 2375,1876 2419,1876 2464,1876 2509,1876 2554,1873 2598,1873 2643,1870 2688,1873 2733,1870 2778,1873 2822,1876 2867,1882"/>
                <TextEquiv>
                    <Unicode>Wären wir in Paris, eherer</Unicode>
                </TextEquiv>
            </TextLine>
            <TextLine id="tr_1_tl_6" custom="readingOrder {index:5;}">
                <Coords points="1325,2007 2276,1994 2444,2050 2688,1998 2810,2050 2833,1882 2564,1943 2034,1883 1822,1963 1688,1895 1532,1961 1470,1903 1325,1963"/>
                <Baseline points="1336,1996 1381,1996 1426,1996 1471,1996 1515,1993 1560,1996 1605,1993 1650,1996 1694,1996 1739,1996 1784,1996 1829,1996 1873,1996 1918,1996 1963,1996 2008,1990 2052,1990 2097,1990 2142,1990 2187,1990 2231,1993 2276,1993 2321,1996 2366,1996 2410,1993 2455,1993 2500,1993 2545,1990 2590,1990 2634,1993 2679,1993 2724,1993 2769,1996 2813,1996 2837,1999"/>
                <TextEquiv>
                    <Unicode>den keinen Anstand nehmen, so</Unicode>
                </TextEquiv>
            </TextLine>
            <TextLine id="tr_1_tl_7" custom="readingOrder {index:6;}">
                <Coords points="1296,2117 1561,2148 1777,2104 1862,2150 1994,2096 2268,2172 2351,2112 2471,2154 2603,2119 2649,2158 2792,2121 2792,2040 2657,1999 2444,2052 2297,2003 2090,2065 1868,2001 1663,1999 1551,2061 1377,2011 1296,2042"/>
                <Baseline points="1306,2097 1351,2100 1396,2100 1441,2100 1485,2100 1530,2100 1575,2103 1620,2103 1665,2100 1709,2100 1754,2100 1799,2100 1844,2097 1888,2097 1933,2097 1978,2097 2023,2094 2067,2094 2112,2094 2157,2097 2202,2097 2246,2097 2291,2097 2336,2094 2381,2094 2425,2091 2470,2091 2515,2094 2560,2097 2604,2097 2649,2103 2694,2103 2739,2106 2783,2106 2798,2109"/>
                <TextEquiv>
                    <Unicode>wie sie geht und steht ohne Ge¬</Unicode>
                </TextEquiv>
            </TextLine>
            <TextLine id="tr_1_tl_8" custom="readingOrder {index:7;}">
                <Coords points="1340,2266 1431,2226 1638,2278 1858,2208 2297,2286 2438,2214 2491,2259 2607,2210 2742,2224 2788,2203 2790,2121 2427,2154 2351,2112 2264,2170 2079,2170 1976,2094 1723,2179 1342,2108"/>
                <Baseline points="1351,2220 1360,2220 1405,2217 1450,2217 1494,2220 1539,2222 1584,2217 1629,2214 1673,2217 1718,2214 1763,2211 1808,2205 1852,2208 1897,2208 1942,2208 1987,2205 2032,2205 2076,2205 2121,2208 2166,2208 2211,2208 2255,2208 2300,2211 2345,2211 2390,2208 2434,2208 2479,2211 2524,2208 2569,2205 2613,2205 2658,2205 2703,2205 2748,2205 2792,2199"/>
                <TextEquiv>
                    <Unicode>that, ohne Wegnahme, sofort</Unicode>
                </TextEquiv>
            </TextLine>
            <TextLine id="tr_1_tl_9" custom="readingOrder {index:8;}">
                <Coords points="1328,2340 2137,2324 2183,2357 2379,2315 2498,2384 2754,2328 2756,2262 2495,2261 2440,2214 2297,2288 2143,2282 1856,2208 1599,2291 1388,2249 1330,2278"/>
                <Baseline points="1339,2330 1372,2327 1417,2327 1462,2324 1506,2324 1551,2324 1596,2324 1641,2324 1685,2321 1730,2321 1775,2321 1820,2318 1864,2318 1909,2318 1954,2318 1999,2318 2043,2318 2088,2315 2133,2315 2178,2315 2222,2315 2267,2312 2312,2315 2357,2312 2402,2312 2446,2312 2491,2312 2536,2312 2581,2312 2625,2312 2670,2309 2715,2309 2760,2306"/>
                <TextEquiv>
                    <Unicode>vor die Rempe zu bringen.</Unicode>
                </TextEquiv>
            </TextLine>
            <TextLine id="tr_1_tl_10" custom="readingOrder {index:9;}">
                <Coords points="1336,2448 2344,2427 2777,2479 2860,2440 2860,2268 2485,2386 2253,2342 1887,2394 1756,2386 1694,2330 1338,2340"/>
                <Baseline points="1348,2443 1387,2437 1432,2437 1477,2437 1521,2437 1566,2434 1611,2431 1656,2431 1700,2431 1745,2431 1790,2431 1835,2431 1879,2428 1924,2428 1969,2428 2014,2431 2058,2428 2103,2428 2148,2425 2193,2425 2237,2425 2282,2422 2327,2422 2372,2422 2416,2425 2461,2428 2506,2428 2551,2425 2595,2425 2640,2428 2685,2428 2730,2428 2775,2428 2819,2431 2864,2431"/>
                <TextEquiv>
                    <Unicode>als lever die riveau. Sie frere</Unicode>
                </TextEquiv>
            </TextLine>
            <TextLine id="tr_1_tl_11" custom="readingOrder {index:10;}">
                <Coords points="1319,2605 1499,2611 1673,2543 1961,2541 2069,2597 2580,2543 2717,2605 2816,2587 2816,2481 2556,2479 2510,2440 1916,2502 1804,2438 1648,2504 1539,2442 1464,2493 1319,2467"/>
                <Baseline points="1330,2542 1375,2539 1420,2542 1465,2545 1509,2545 1554,2542 1599,2542 1644,2542 1688,2542 1733,2539 1778,2539 1823,2542 1867,2542 1912,2539 1957,2539 2002,2539 2046,2536 2091,2536 2136,2536 2181,2536 2225,2539 2270,2542 2315,2545 2360,2539 2405,2536 2449,2536 2494,2536 2539,2536 2584,2539 2628,2542 2673,2542 2718,2545 2763,2551 2807,2551 2819,2551"/>
                <TextEquiv>
                    <Unicode>zohen hören eine solche geistl</Unicode>
                </TextEquiv>
            </TextLine>
            <TextLine id="tr_1_tl_12" custom="readingOrder {index:11;}">
                <Coords points="1292,2680 1423,2671 1489,2730 1756,2663 1994,2703 2131,2659 2293,2703 2400,2667 2642,2682 2676,2580 2582,2543 2404,2593 2114,2576 1570,2642 1385,2589 1292,2614"/>
                <Baseline points="1303,2664 1339,2664 1384,2661 1429,2661 1474,2661 1518,2661 1563,2661 1608,2661 1653,2661 1697,2661 1742,2661 1787,2658 1832,2661 1876,2658 1921,2658 1966,2658 2011,2655 2055,2655 2100,2658 2145,2658 2190,2655 2234,2658 2279,2658 2324,2658 2369,2658 2413,2661 2458,2658 2503,2658 2548,2655 2593,2655 2637,2658 2682,2661"/>
                <TextEquiv>
                    <Unicode>reicht causerie mit dem</Unicode>
                </TextEquiv>
            </TextLine>
            <TextLine id="tr_1_tl_13" custom="readingOrder {index:12;}">
                <Coords points="1319,2827 1584,2775 2299,2823 2495,2777 2591,2814 2719,2800 2719,2686 2367,2740 2220,2661 1947,2732 1684,2676 1495,2738 1423,2671 1317,2674"/>
                <Baseline points="1327,2772 1372,2772 1417,2769 1462,2769 1506,2772 1551,2769 1596,2772 1641,2772 1685,2775 1730,2772 1775,2775 1820,2778 1864,2778 1909,2778 1954,2778 1999,2778 2043,2778 2088,2775 2133,2775 2178,2775 2222,2775 2267,2778 2312,2775 2357,2778 2402,2775 2446,2775 2491,2772 2536,2775 2581,2775 2625,2775 2670,2775 2715,2780 2724,2780"/>
                <TextEquiv>
                    <Unicode>ten Vergnügen an, unsere</Unicode>
                </TextEquiv>
            </TextLine>
            <TextLine id="tr_1_tl_14" custom="readingOrder {index:13;}">
                <Coords points="1340,2910 1535,2914 1599,2959 2075,2891 2466,2899 2678,2955 2819,2930 2819,2823 2638,2785 2396,2825 1452,2777 1340,2821"/>
                <Baseline points="1351,2879 1396,2882 1441,2882 1485,2882 1530,2882 1575,2885 1620,2888 1665,2888 1709,2888 1754,2891 1799,2894 1844,2894 1888,2891 1933,2894 1978,2894 2023,2894 2067,2891 2112,2891 2157,2891 2202,2891 2246,2891 2291,2891 2336,2891 2381,2891 2425,2894 2470,2891 2515,2891 2560,2891 2604,2888 2649,2888 2694,2891 2739,2894 2783,2891 2825,2891"/>
                <TextEquiv>
                    <Unicode>deutsches Publikum vortragt</Unicode>
                </TextEquiv>
            </TextLine>
            <TextLine id="tr_1_tl_15" custom="readingOrder {index:14;}">
                <Coords points="1325,3038 1891,3005 2044,3061 2301,3017 2833,3065 2812,2906 2467,2959 2241,2904 2013,2992 1802,2916 1597,2963 1325,2941"/>
                <Baseline points="1336,2998 1381,2998 1426,2998 1471,3001 1515,3001 1560,3001 1605,3001 1650,3004 1694,3004 1739,3004 1784,3004 1829,3004 1873,3004 1918,3004 1963,3004 2008,3007 2052,3010 2097,3013 2142,3010 2187,3013 2231,3013 2276,3010 2321,3010 2366,3010 2410,3010 2455,3010 2500,3007 2545,3007 2590,3007 2634,3010 2679,3010 2724,3010 2769,3010 2813,3013 2837,3013"/>
                <TextEquiv>
                    <Unicode>neben der Spfode wenn diese</Unicode>
                </TextEquiv>
            </TextLine>
            <TextLine id="tr_1_tl_16" custom="readingOrder {index:15;}">
                <Coords points="1328,3189 1659,3179 1796,3119 2106,3169 2259,3131 2537,3193 2657,3113 2812,3140 2812,3069 2562,3024 2481,3063 2172,3026 2077,3082 1893,3003 1773,3042 1582,3005 1487,3065 1328,3065"/>
                <Baseline points="1339,3106 1384,3106 1429,3109 1474,3112 1518,3115 1563,3115 1608,3115 1653,3112 1697,3115 1742,3118 1787,3121 1832,3115 1876,3112 1921,3112 1966,3115 2011,3115 2055,3118 2100,3118 2145,3118 2190,3121 2234,3121 2279,3118 2324,3118 2369,3121 2413,3121 2458,3118 2503,3115 2548,3118 2593,3115 2637,3115 2682,3112 2727,3112 2772,3112 2816,3115 2819,3112"/>
                <TextEquiv>
                    <Unicode>auch noch so zukant ist, auch</Unicode>
                </TextEquiv>
            </TextLine>
            <TextLine id="tr_1_tl_17" custom="readingOrder {index:16;}">
                <Coords points="1367,3280 1504,3233 1684,3307 1990,3247 2684,3249 2866,3291 2866,3096 2539,3193 2361,3198 2220,3142 1367,3189"/>
                <Baseline points="1378,3228 1423,3228 1468,3231 1512,3234 1557,3231 1602,3231 1647,3231 1691,3231 1736,3231 1781,3231 1826,3231 1870,3234 1915,3234 1960,3234 2005,3234 2049,3231 2094,3231 2139,3234 2184,3234 2228,3234 2273,3234 2318,3234 2363,3231 2408,3231 2452,3231 2497,3231 2542,3231 2587,3231 2631,3231 2676,3231 2721,3231 2766,3234 2810,3234 2855,3234 2870,3231"/>
                <TextEquiv>
                    <Unicode>eine Haupt-Action und diese</Unicode>
                </TextEquiv>
            </TextLine>
            <TextLine id="tr_1_tl_18" custom="readingOrder {index:17;}">
                <Coords points="1357,3396 2489,3351 2868,3382 2868,3287 2684,3249 2228,3293 1996,3247 1696,3307 1508,3241 1357,3258"/>
                <Baseline points="1369,3362 1396,3359 1441,3356 1485,3356 1530,3356 1575,3353 1620,3356 1665,3359 1709,3356 1754,3356 1799,3359 1844,3356 1888,3359 1933,3359 1978,3356 2023,3356 2067,3356 2112,3356 2157,3356 2202,3356 2246,3353 2291,3353 2336,3350 2381,3350 2425,3347 2470,3347 2515,3347 2560,3347 2604,3350 2649,3350 2694,3353 2739,3353 2783,3356 2828,3359 2873,3356"/>
                <TextEquiv>
                    <Unicode>fehlt in Ihrer Blüette, wohl</Unicode>
                </TextEquiv>
            </TextLine>
            <TextLine id="tr_1_tl_19" custom="readingOrder {index:18;}">
                <Coords points="1357,3508 2342,3469 2568,3543 2817,3487 2817,3357 2692,3409 2438,3357 1970,3423 1709,3359 1524,3429 1357,3419"/>
                <Baseline points="1369,3473 1390,3473 1435,3470 1480,3473 1524,3473 1569,3473 1614,3473 1659,3473 1703,3470 1748,3470 1793,3470 1838,3470 1882,3470 1927,3470 1972,3470 2017,3467 2061,3467 2106,3464 2151,3467 2196,3467 2240,3467 2285,3467 2330,3464 2375,3461 2419,3467 2464,3470 2509,3476 2554,3476 2598,3473 2643,3470 2688,3470 2733,3464 2778,3461 2822,3470"/>
                <TextEquiv>
                    <Unicode>verstanden nach deutschen Be¬</Unicode>
                </TextEquiv>
            </TextLine>
            <TextLine id="tr_1_tl_20" custom="readingOrder {index:19;}">
                <Coords points="1365,3645 1557,3664 1638,3593 1893,3647 1982,3608 2048,3647 2332,3595 2541,3616 2727,3587 2729,3498 2547,3541 2342,3469 2027,3465 1901,3506 1659,3477 1561,3541 1481,3500 1367,3514"/>
                <Baseline points="1375,3595 1390,3592 1435,3592 1480,3589 1524,3586 1569,3586 1614,3586 1659,3586 1703,3580 1748,3583 1793,3586 1838,3586 1882,3580 1927,3580 1972,3580 2017,3583 2061,3586 2106,3583 2151,3580 2196,3580 2240,3580 2285,3583 2330,3583 2375,3583 2419,3580 2464,3580 2509,3580 2554,3580 2598,3580 2643,3577 2688,3574 2733,3574"/>
                <TextEquiv>
                    <Unicode>griffen. Ich habe es wieder</Unicode>
                </TextEquiv>
            </TextLine>
            <TextLine id="tr_1_tl_21" custom="readingOrder {index:20;}">
                <Coords points="1386,3742 1555,3773 2009,3690 2270,3734 2377,3692 2785,3703 2800,3581 2299,3595 2054,3649 1972,3610 1719,3647 1642,3595 1557,3664 1388,3637"/>
                <Baseline points="1399,3703 1414,3700 1459,3697 1503,3700 1548,3700 1593,3700 1638,3697 1682,3700 1727,3697 1772,3697 1817,3694 1861,3694 1906,3691 1951,3691 1996,3688 2040,3688 2085,3688 2130,3688 2175,3688 2220,3688 2264,3688 2309,3688 2354,3691 2399,3691 2443,3688 2488,3688 2533,3688 2578,3691 2622,3685 2667,3682 2712,3679 2757,3676 2801,3679"/>
                <TextEquiv>
                    <Unicode>mehr als einmal mit den</Unicode>
                </TextEquiv>
            </TextLine>
        </TextRegion>
    </Page>
</PcGts>
