3748 4631
236 1108 1824 1300 dem schmutzigen, glimmernden,
286 1220 1792 1402 gleißenden Quarzk des Kel¬
318 1334 1848 1492 metall Ihres Valentes strahlend
344 1442 1872 1620 hervortruchten sah. - Ich spreche
318 1546 1788 1744 nicht mehr von derer sage,
356 1650 1874 1828 nanten „realistischen“ Fühlung,
382 1776 1824 1950 ich habe mir einmal darüber
374 1892 1892 2066 in Berlin das Paul verbrandt,
370 2000 1854 2188 und die Horde fiel wie wohn¬
386 2132 1844 2310 sinnig über mich her — ich ließ
368 2244 1798 2422 sie bellen, die Sache hat sich
362 2362 1850 2538 überlebt, oder wie Sie selbst
380 2478 1850 2662 es gathologisch viel präquam
392 2582 1854 2780 ter bezeichnen würden, sie
358 2710 1848 2878 liegt in der Agone, und
384 2806 1752 2966 darum thäte es mir weh,
392 2942 1874 3140 wenn Sie in der letzten Kinde
358 3048 1862 3242 noch von dem Leichengest affi¬
372 3156 1158 3306 cirt werden.
384 3244 1908 3426 Reißen Sie sich kräftig Heraus¬
368 3368 1890 3570 wie es fulder gethan — dieser
1920 1066 3530 1278 glaubte auch dem Motach Reuhr
2010 1208 3572 1368 mus sein Opfer bringen zu müssen,
2010 1310 3548 1484 aufgestaelt durch die Berlinen
2022 1402 3552 1580 llique und schrieb die Schwie¬
2036 1518 3576 1682 Die seinen ehrlichen Dichternamen
1998 1610 3472 1802 beinah geopfert hätte; - da
2054 1712 3556 1900 stürzte er sich Kopfüber in des
2106 1824 3544 1992 Emilbringende Bau der Poesie
2080 1922 3562 2096 und schaf ein irgendes hoch¬
2060 2038 3570 2192 zœtischer Werk. Der Tatisman
2048 2126 3498 2302 der ihre selbst hoffentlich auch
2066 2228 3440 2410 ferner ein Tatsman bleiben
2060 2326 3566 2508 wird und auf jüngere Allen
2066 2434 3478 2624 ein kräftiger Sporn, Eure
2080 2540 3548 2710 Lorberen nur in dem kraschen
2104 2650 3550 2824 Tempel der Poesie zu suchen.
2108 2762 3588 2932 Nur ist Wilbrandt mit seinem
2078 2864 3552 3026 „Meister von Fabeyen nicht
2086 2984 3560 3154 der schlagenden Beweis und
2062 3088 3566 3260 doppelt schlagend, weil er je
2086 3196 3518 3350 auch, wenn erschein will und
2094 3288 3560 3462 Die Dichtung es erfordert, sehr
2080 3402 3570 3592 realistisch sein kan — alleritig,
