3512 4216
231 374 3189 774 Das selb ich nicht aus u. Er scheint s schon d
738 705 3134 998 ger nichts weiter? Dass mich ja nicht
712 954 3134 1277 ich gänt. wie ich war ihr ganz Zeit
327 1229 3193 1637 mit der Höge wieder nicht ich das
264 1490 3123 1894 mit auch ja nicht erinnern. - Wenn ich weitermei¬
275 1784 3222 2187 nachtet ich überlegt nicht, dass ich noch auf der Welt
1519 2147 2510 2452 ihn.
272 2103 1101 2415 lie. Ohne ist
349 2349 2991 2719 Treersich. Was wisse konnt, daar der Heiß
2393 2551 3112 2892 unip
679 2664 2297 2965 We wohl's Ihr nicht.
319 2657 672 2896 Iui
422 2848 2973 3255 ich’t das jede Tag: das schon nicht weißt.
308 2973 444 3241 1
334 3167 2940 3523 sab es doch als so viel, an was sich 1/m
363 3395 2973 3795 könne mußt als die Vater. der hat
