3464 4200
1155 326 3143 607 Dann hatten’s gern in und ich
881 570 1688 911 andere lieb.
1196 811 1933 1111 ihr einmal
463 840 1181 1122 Abw A
337 1018 3184 1311 anordre So bin ich nicht.. Im übrigen willich um
270 1251 3118 1685 das zur Zeilest seit lassen und mich zu entscheiden
2214 1507 3040 1751 ihr habe auf
278 1551 2170 1914 diese Sonnten wird ich s. viel
311 1714 3240 2166 den Land. Ich werd ihn bitten, selber zu kommen.
255 2018 3236 2355 ich werde mich früher, ob ich ihn vermüsse... ob man
248 2162 3132 2684 wird war fehlt... Weiß ich mich öfter beträfe
2421 2433 3040 2732 Yoursman
1037 2495 2347 2832 Aint toen wird he,
255 2610 629 2969 Gren
1129 2699 2947 3118 Gerichts Wohin sollte sie ihm
278 2873 1022 3236 Havrsich.
241 3069 2099 3506 Agnes. Treiß  is Ist er dir recht
300 3388 1529 3647 Tassish: Natürlich
311 3562 2066 3999 Agnes. Die sollte dort von Eins.
