3480 4200
258 346 725 541 toutes les
824 342 3198 651 Wai er nur weniger faule. Stadt uns +
269 604 754 868 mehr
880 556 3121 839 theren wir uns von einander. Aber er
291 751 3242 1045 man dem liegen, daß jetzt alles in uns trotscheint
2175 972 3065 1299 ist nicht leibe
250 994 633 1240 Amt
740 983 2175 1292 schriften u besten wird ich p
236 1178 1696 1498 Appel. Und das ist er nicht
305 1402 3205 1685 eines. Vielleicht ist er gut - und unter ab und
283 1608 3187 1906 Ich habe je immer so viel Achtung für ihr gehabt.-
265 1866 2907 2175 Mei man ihn gekannt hat wie ich
2911 1748 3216 2083 for the
258 2076 3161 2425 viel Jahre war mir so gesehn wir ein ihn
390 2348 3124 2628 und aufstreben und sich entwickeln gesehen. Wie er
2208 2561 3128 2778 I am arrived
335 2554 2190 2863 lihf erinnert, wie er einmal
364 2771 3091 3040 Vlücke. Nicht ja mir in sein gekommen, sich. Tag sie
324 3036 3132 3338 Das Geplagt nie mir weit ers heute getracht, in
331 3224 1362 3570 durch eigen Kraft
324 3430 3139 3720 Agnen hin je, de nimt um so zum Ärzt. ab
353 3728 1159 4041 nicht zum kann.
