3464 4200
254 291 623 534 Ceques,
679 340 1448 672 it and with
284 508 597 638 &c
575 534 3068 911 Ich mich nicht hie je Ober jetzt dar kann jetzl
272 586 418 858 be
269 784 3143 1120 sel ich auch doch entschlossen u. sieht das ist meinte
243 1004 3064 1303 Roffer vom vorig sehr, genommen hat ich zum Betrieb an¬
213 1198 3210 1478 mein bekommen, um sie mich allein: schon, ich war die¬
2213 1441 3094 1691 ent ich alles
220 1459 2157 1743 zeigen. Also dahinne, siehst,
209 1661 3188 1877 I momit sich Steli gespielt hat.  das kommt auf dem Stadt
209 1833 3079 2139 sinnäch. Nichts der kam und der andere überlöst 6g
198 2045 3128 2378 Arnes die mahl sich wieder anfragen, und was nicht
202 2348 1646 2650 das schließlich für einen Sie
213 2575 1318 2874 Syres Agne. Freilich
261 2762 3098 3057 tel Ist... da sie ich sie. Ich nehmen mit in mein
317 2967 2893 3258 Zimmer. Als nicht sagen. (Rasch mit it
254 3229 1187 3546 Rbrea Koffer at
