3528 4200
791 349 3123 683 gert es war ich hoff gewesen, wenn der
312 431 524 687 et
401 590 3164 914 wenn wir Dein.. der war daß zu viel. Geben
1174 802 1452 962 temps
286 824 3079 1144 with him but; was also I am
267 1036 724 1274 werde
646 1270 1768 1523 Die packso der selber ein
256 1300 524 1508 lyve
676 1434 1801 1649 mit gemeinend Knylvers
264 1489 1526 1794 tulu.   Schon nieher!
264 1749 839 1972 Agnes Af
914 1838 1032 1953 G.H.P.
223 1861 3216 2210 tulu.  Ramer hat sich die Sache anzuwühren getraut.. Es ist
1950 2095 3064 2358 it for his all p als
1589 2139 1927 2384 & Mr
282 2150 1511 2433 grund, als ob sie abeglaube
2139 2288 2514 2447 all
256 2377 3216 2711 ständisch in den Haus. Da sind sie in Sachen als herumzeln
290 2588 3079 2912 wie andre heute früh noch alle so herumgelegen
305 2804 3224 3068 in the day, noo Bibi wis unis 5 Bnti un
286 3034 3227 3376 jedes Neuert sowie kommen kommt u werde. Hiebe
293 3302 3272 3628 wollt: - seit den 4 Mehr daß todt ist. hat
286 3439 3071 3855 keiner ungerehrt. Die nicht einmal die Läne
