3512 4232
857 341 3146 744 Läuser Sachen in Kopf. in the last
492 716 3093 1001 ihr Mann und seit mit in der Leb. in
341 927 3093 1317 it ist wie zweyen Werkl uhnfangenen habe nur
298 1261 3122 1633 Dir ichreilich war's schwer für Zins, aber
337 1559 2725 1907 if? be it alter aif i noul
355 1843 2995 2202 wo jemah ihren an einer nochhaft so
2058 2107 3037 2405 Cet du Rhin
372 2159 1900 2486 können - ich sob auch
295 2440 3020 2795 mir der ist freitet mit, um ich ihnen
2616 2700 3111 3111 fab.
341 2760 1450 3090 Yoh al Rap.
2135 2662 2591 3093 Den
1457 2739 1914 3107 Mf.
1935 3083 3104 3336 in uit
309 3083 1794 3518 aber. Er war allen
2317 3402 3216 3750 be ge ge kann
892 3416 2244 3785 von Glück - der
295 3529 857 3771 recehr -
