3336 4152
659 553 2996 799 Zu seinem Adjutanten. Lass uns nach Hause wandern
672 732 3118 975 guter Freund zu meiner Gattin, die Sehnsucht treibt
675 909 2978 1136 mich mächtig zu ihr hin. Ich glaube doch ich habe
681 1039 2841 1285 jetzt mein Werk vllendet. Aber lass die Kunde
662 1212 2838 1465 noch verbreiten, ich triebe mich im Lande umher
766 1440 1352 1674 Dritter Akt.
720 1644 2948 1817 Die Königin und der junge Musiker. Er zu ihren
681 1796 2832 1984 Fissen. Mein Ehegemahl eilt im Land herum her
678 1951 2328 2154 trümmert alles was an ihn erinnert.
702 2100 2297 2303 Wie erst möcht er mich vernichten.
696 2252 2565 2489 Die Königin erschrickt: Sprich nicht so.
738 2398 1550 2583 Wo ist der König?
741 2546 1492 2726 Weit, sehr weit.
705 2683 1471 2890 Und kehrt krück?
708 2796 2765 3045 Ich weiss nicht wann, doch noch lange nicht.
702 2981 2926 3255 Schritte so spät am Abend, wo verberg ich Dich,
699 3157 960 3397 hier.
751 3248 1562 3464 Der König selbst
751 3455 2601 3677 König: Nun hab ich mein Werk vollendet.
