3416 4152
693 702 1050 858 Völlig?
725 808 2353 1026 Ja, siehst Du dass ich Dich liebe
740 979 2129 1188 Ich glaub es nun wohl selbst.
693 1138 2925 1303 Hast Du nichts mehr verborgen? Es ist ja eigent
702 1259 3017 1480 lich närrish; aber ich fühlte, wenn Du in meinen
705 1389 3058 1666 Armen lagst, dass ich diesen Verstorbenen beneiden
708 1566 2790 1834 misste. Aber sag, hast Du nichts verborgen?
717 1784 982 1940 Nein.
767 1811 2854 2097 Ich bin eifersüchtig, zum letztenmale. Sieht
734 1985 3076 2203 zum Klavier ins Schlafzimmer. Sie hält ihn zurück.
725 2132 3076 2344 Was ist das? Er schleppt den armen Irsill herein.
734 2291 3008 2554 Dieser sagte er habe sich herein geschlichen die
737 2483 2038 2701 Königin weiss nichts davon.
790 2604 2984 2831 Oh sie weiss es, sonst hätte sie mich nicht zu
814 2807 1451 2972 rückgehalten
811 2875 3031 3111 Und darum musst ich hinaus habe tote Bista, mar
776 3025 2993 3267 morne Statuen zerschlagen, papierene Betzen ver
773 3205 2943 3418 brannt und Dich, Dich Lebenden hab ich vor mir
784 3329 2710 3562 zum Fenster hinunter mit Dir, zm Fenster,
787 3477 3158 3712 Er wacht auf, ist über einem Lied, das die Königin
740 3677 1752 3860 weingt eingeschlafen.
