3368 4152
738 589 2910 803 Befehl die Werke alle, all seine Bisten zu ver-
738 791 2954 982 tilgen und seine Schergen ziehen herum darob zu
726 952 3085 1139 wachen. Von wahnsinniger Eifersucht gequält begann
732 1056 3046 1244 er damit, dass er die Büste im Zimmer der Königin
735 1220 2901 1401 zerschlug. Heute wird die statue im Garten ver
723 1357 3115 1571 nichtet. Wahmmnig ist er, toll. Ja blass und ver-
729 1538 2907 1717 gränt soll er im Lande selbst umher ziehen und
732 1705 3002 1865 gestern stürzte er wütend in mein Zimmer, wo ein
738 1821 3002 2008 Stück von Alkandi gespielt wurde, die Instrumente
741 1990 1380 2193 zerschlagend.
788 2130 3058 2329 Die Büste bei Euch wird ex sicher auch zu finden
756 2294 1116 2499 wissen.
794 2407 3106 2660 Der König stürzt herein, zieht den Degen und haut
806 2585 1728 2791 die Biste herunter.
803 2743 2978 2927 Noch immer meine Befehle nicht befolgt? Warum,
774 2862 2145 3082 saagt ichs nicht geht, geht.
779 2960 3130 3216 Seit einem Monat zieh ich so herum bedauernswerter
815 3162 3142 3383 als der ärmste Betler.  zu dem Mädchen  Du hast
788 3311 3052 3510 ihn sehr geliebt, Macht er denn alle Weiber ver-
791 3445 3171 3701 rückt? Mein junges Weib weinte bitterliche Tränen.
800 3609 2216 3826 als ich seine Büste zerschlug.
