3384 4280
2502 648 2735 887 dans le
2359 693 2449 872 et le
1992 872 2523 1030 1889.
711 1227 1374 1350 Alkandis Lied.
761 1380 1798 1499 Ebster Akt beim König.
729 1508 2410 1663 Musikalische Soiree bei der Königin.
726 1642 2165 1819 Die Hofdame, der junge Musiker.
729 1825 2655 1974 Der junge König verdrossen in einer Ecke.
741 1944 2673 2123 Diesen Komponisten kann ich nicht leiden.
791 2069 2965 2279 Ich würde ihn lieben, sagt die Königin, wenn er
797 2243 3162 2428 noch lebte. Wer solche Melodien schreiben kann..
803 2446 2258 2604 Der König zerschlägt die Büste.
770 2634 1574 2768 Seine Eifersucht.
770 2804 1347 2921 Sein Erlass.
2771 2732 2962 2944 e e e
842 3058 1684 3225 Beim Musikmeister,
815 2974 3073 3366 So aber wars, wenn heute Alkandi noch lebte, der
815 3273 3019 3527 grosse Musikus, so sagte die Prinzessin eem Ge
827 3327 3237 3670 mahl, ihn würd ich lieben. Der König darauf erliess
845 3595 1932 3804 wirkte Mein jungen Weit¬
878 3715 1831 3936 Da ich seine üste xxx
