6440 4152
5364 471 5719 650 8/6.91.
3817 413 4051 698 de ses
3219 595 5987 884 Ein Sohn wird von seinem Vater gequält: Lebenswandel, etc.
447 591 2871 880 Tarmlk indien die Jnandhed nach xxx waren: xxx 4
3232 818 5990 1035 Philisterhoekmut, Grössenwahn des Beurgeois. Lang hält der
399 853 2813 1014 madelaner at se endo, ach mala J###am xxx erleiknen
5079 946 5275 1059 G.C.H.F.P
3232 1011 4508 1190 Sehn seinen Groll zurück.
5512 1014 5959 1162 G.C.H.F.P.H
327 1004 2868 1155 müsV geb neubt eniez aanb, xxx lager Ismais heijde m.a
3243 1066 6001 1362 Endlich schmäht der Vater die Geliebte des Sohns, die eine
2362 1221 2878 1334 .jen de novf.
320 1310 2919 1547 m ogmede jede if di rettuk edien m. 'Maed: rej.V hab mek
3243 1355 3948 1489 Gefallene ist.
3256 1317 5956 1657 Da bricht der Sohn in Wut aus: Meine Mutter, das keusche,
2074 1486 2933 1702 and
5509 1633 5977 1795 mille ausd
3263 1637 4611 1795 edle Weib hat dich betregen.
2160 1654 2913 1785 Jnemntheil geb.
5684 1754 5970 1891 ¬
3250 1798 4701 1936 Der Sohn erschiesst sich dann.
2022 1802 2930 1915 .me mai as Jifät E¬
3281 1871 5952 2101 Oder auch, er geht lange den Spuren nach, um endlich dar-
1506 1964 2954 2101 (votre russe mais il y a fait
3274 1974 5928 2246 auf zu kommen, dass die Mutter den Vater betregen, erin-
2607 2125 2975 2228 . Medan
3325 2132 5880 2407 nert sich an einen Klavierlehrer, der ihr die Hand ge-
1448 2211 2954 2366 wir das heute gedankt ein ein bau
1565 2417 2916 2527 ndine Jmielnde zu xxxer.
3291 2452 4034 2576 küsst hat, etz.
