6504 4232
344 725 1579 899 michteritänissä.
1868 635 2475 892 .malgied om
378 826 1583 1076 v. wie möchte heiße
948 1312 1156 1545 M r
2645 2374 2853 2551 c
2357 2565 2798 2715 H, M :
2565 2812 2822 3034 st.
1881 2940 2364 3169 nnimitam
2472 2999 2735 3152 A :
1198 3124 2503 3308 I.nejæed oa iioob af ausdre.
476 3291 1559 3478 It is now this a
1850 3266 2385 3520 e e e e
2805 3325 2968 3478 aa.
2263 3464 2898 3617 Jde lants har
1357 3575 3048 3825 Pab nodué iirdia* eii nieb sI :ennv.
260 3669 3020 3947 Joh Jnöeg sie eiw, eis new Kohl bnU :Kollient sk :Ie8.n
3509 587 5124 823 die Fräuln Anna is auch wieder da.
3364 802 4422 986 Anna: Geht's ihr gut?
3346 1000 6134 1142 Fr.Bel: Sie werden's ja sehn. Ausschaun tut sie sehr gut -
3489 1114 4186 1295 aber sehr gut.
3357 1264 5099 1448 Fr. Bgl: Na, Anna, hast was g'funden?
3346 1465 4645 1600 Anna: Was?.. Ah so. Nein.
3353 1552 5991 1767 Fr.Bel: Ah, die Fräuln Anna sucht wieder eine Stellung.
3353 1743 4530 1937 Fr.Bgl: Es is so schwer.
4738 1857 4919 1979 Ich
3336 1920 6026 2079 Fr.Bel: Freilich, freilich! Man muss wirklich froh sein,
3464 2041 5519 2211 dass es meine Kathrin so gut getroffen hat.
3336 2235 5644 2367 Fr.Bgl: Na, meine Schuld is grad nicht, dass
3329 2406 4947 2520 Anna: Es geht mir vollkommen gut.
3322 2551 6012 2673 Fr.Bgl: Du wirst vor der Kathrin einen Respekt bekommen.
3461 2687 4527 2843 Die is Hausbesitzerin.
3312 2829 3881 3017 Anna: Wie?
3319 3010 5894 3135 Fr.Bel: Nur ein ganz kleines Landhaus von einer alten
3443 3148 3770 3305 Witwe.
3312 3301 5137 3499 Anna: Is sie nicht mehr beim Theater?
3298 3485 5929 3627 Fr.Bel: Na freilich. Die is nicht so. Glauben Sie, sie
3443 3641 6043 3770 wird sich jetzt gleich zur Ruh setzen? Die hat ein ern-
3437 3811 4082 3947 stes Streben.
