6648 4456
5741 393 5913 565 87
2734 417 2889 616 .
3509 534 6185 802 A: Du magst sagen, was du willst: es ist nicht mehr, wie
2662 754 2910 933 Votre
3516 785 3909 981 es war.
1415 744 2538 999 Paswie og jeduslg co -
3520 947 3971 1133 E: Anna!
227 950 2941 1209 amte mei 'den munev bnU Taneb s'eis neimisne mausw,ak :
3526 1012 5551 1236 A: Du gehörst mir nicht mehr so wie einst.
269 1126 2896 1433 tenie oa al -? Jammod mò aasb amto, measim NoJusy kohod?
3533 1181 6202 1415 I: Gehör' ich dir weniger, weil wir nicht ununterbrochen
1519 1236 2924 1481 !medafy asifs neu aan¬
3557 1381 4287 1577 beisanmen sind?
506 1388 2979 1598 ! Janarmev nim ob eiw.bneumig Jai se.ni Jlsnndaw : x
3547 1453 6223 1698 A: O, wie war das sehön! - Weisst du, wonach ich mich am
919 1512 2979 1763 Pfai indaw Jhoim as aasb, nim Januöwnos Ld :A
3544 1670 4532 1863 meisten zurücksehne?
864 1712 2986 1959 - : ai dai sel.æmmnisek uns nach muod o2 :I
3537 1791 6178 2035 E: Alles wird wiederkommen. Habe nur ein paar Wochen...
241 1904 3006 2104 Zu heil des xxx nib ied mal mid nun - Jng st s'Jal muM :A
3571 1984 4577 2183 sin paar Tage Geduld.
3561 2073 6261 2335 A: Ich sehne mich nach den schönen Nachmittagen in einer
2108 2035 2948 2263 !medusly tib mas¬
372 2104 703 2325 .84 S.
3578 2225 6336 2462 fremden Stadt, wo wir Arm in Arm durch die Strassen gingen,
1588 2207 3024 2428 ! kai hoffgöm aswje oa aesÖ:A
3633 2362 6316 2628 und ich Arm in Arm. Da hast du dich meiner noch nicht
2252 2387 3003 2562 !rim Miss neV : A
1412 2507 3006 2672 majeg aesiä ajdoim st saan wd :
3575 2579 4043 2776 gesehämt.
382 2593 3020 2876 Jai deim ved Jstel medad asb giubend eiv 'um 'Nnsd :A
3588 2755 4002 2958 E: Anna!
3595 2831 6182 3082 A: Nun ja, willst du's leugnen? Tätest du's hier? Hast
1594 2789 2955 2986 Ils drebnäeg aells Heis siw
1288 2938 3013 3154 snmÄ, Messgnsgredeu enie fai sä : xxx
3664 2969 6275 3216 du's sehen getan? - Was hilft mir alle deine Liebet, Und
809 3117 3034 3330 Themmodes Tim uz Heiely Isjel Janäw ub osIA :A
3623 3161 6285 3420 warum erzählst du mir, dass ich deinesgleichen bin, wenn
1863 3261 3024 3464 st tib se Jass dol :X
3674 3268 6350 3547 ich nicht Arm in Arm mit dir über die Strasse gehen darf?
337 3444 3034 3643 indem Jnem diese eseln saal, noch eröwnosed dai, Janryä :A
3626 3430 6367 3640 E: Würdest du es selbst wünsehen - hier? Hab' ich dir nich
262 3551 3020 3785 eid.Jannen sie ab eiw „TiesapasgnedeU eselb - neuiw eymai
3637 3602 6281 3829 gesagt, dass ich das widerwärtige Gewäsch der Leute mög-
2221 3730 3051 3964 (Jasaa xxxmHosm
961 3888 3034 4167 nebandnov bann nied doch tat frygå vnS :
