6472 4232
454 1194 634 1338 a 3 e 2
1595 3023 1788 3176 ! M. h.
1568 3143 1835 3306 02 9 m
294 3430 1254 3737 Gesw,eie nevaiw
1161 3677 1408 3823 9 Jk
3383 644 4471 841 Fr.Bgl: Na, was denn?
3403 807 6075 1021 Fr. Bel: Dass die Anna mit einem Herrn herumgereist ist -
3533 951 4327 1158 denken Sie sich!
3390 1134 6039 1268 Fr.Bgl: Den Leuten kann man's nie recht machen. - Frei¬
3526 1298 6169 1471 lich, was glauben S' denn, was sie alles von Ihrer Kathi
5348 1448 5762 1601 13/v.92.
3540 1448 3990 1628 erzählen?
3396 1611 6079 1738 Fr. Bel: Drum is das Gescheiteste, man kümmert sich nicht
3533 1745 5989 1908 um das, was die Leut reden. Da müsst' man sich ja zu
3533 1902 5892 2055 Tod kränken. Ich kümmer' mich um nichts und glaub'
3523 2058 6042 2195 nichts.- Auch was man über die junge Frau geredt hat,
3523 2172 6209 2379 das war beim einen Ohr drin und beim andern Ohr draussen.
3396 2362 4994 2506 Fr.Bgl: Ueber welche junge Frau?
3413 2496 6049 2716 Fr. Bel: Na, über xhre ältere Tochter, die Frau Zerman,
3543 2692 4594 2846 wie's noch a Madl war.
3403 2832 5985 2966 Fr.Bgl: Ah so! - Wenn ich den Leuten glauben tät', so
3540 3003 6145 3153 fürft' man mit dem Fräuln Katherl nicht über die Gassen
3540 3179 3813 3363 gehn.
3413 3273 6032 3470 Fr. Bel: Und die Katherl dürft' gar nicht in Ihr wertes
3533 3480 5465 3620 Haus, Frau Berglein, Freilich, freilich!
