3432 4168
2434 475 2783 698 a/b. m.
295 634 3014 902 Der kleine Fritz: Wer war der Leutnant mit deiner Mama?
288 837 2990 1031 Und der kleine Max merkt sich das, ohne es zu verstehen.
288 970 2990 1183 Wie er später einmal vernimmt, dass seine Mutter den Vater
2804 1159 3010 1322 G.C.F.P.
2481 1170 2617 1264 de
285 1193 932 1305 betregen hat.
302 1288 2990 1475 Oder der Vater: Denk“ an deine Mutter mit Liebe; ebenso an
292 1498 1210 1587 unsern Freund Hans.
285 1654 1109 1773 Ja, der Leutnant,
285 1803 1248 1898 Da fällt es ihm ein.
292 1953 2939 2065 Im Wagen: der beste Freund des Vaters, der Geliebte der
288 2136 644 2231 Mutter.
298 2207 3017 2363 Und wie sie begraben wird und auch der Leutnant hinter dem
302 2390 1732 2509 Sarg geht, da ehrfeigt er ihn.
