6587 4536
395 578 561 738 88
3566 533 4525 783 abhängigen Stellung.
3514 596 6236 907 A: Gut, gut! Ich frage nur: warum das alles? Warum lächelt
1530 613 3050 866 Sffiv nedtsd aus nov rusd Jadeil
3521 817 6219 1094 man, wenn ich mit dir über die Strasse gehe, warum wendet
370 824 3075 1049 Taw dal i Rmutaw no... Judedegåriimos um tiw hnis muTzW :A
3553 931 6080 1215 sieh eine Dame fort, um dich nicht grüssen zu miissen,-
357 952 3068 1222 uw dal. Leiv og Tew aab bau xxxmerd Feb ni sidellet enieb
3594 1087 6264 1361 warum? Warum muss ich zuhause sitzen und lange Abende auf
301 1170 3089 1409 -Jasule se hinew eiw,hei edea Jsjel bau,niea us se.sioja
3563 1246 6205 1520 dien warten und warum bist du hier? Warum sind wir nicht
1513 1305 3061 1468 misea ux edelleD enieb.Jai dei
5703 1357 6160 1544 24/12.92.
3563 1392 5291 1686 zusammen, wenn wir zusamen gehören?
2632 1465 3033 1603 ! smrA : 3
3570 1537 5862 1842 E: Das alles wird wiederkommen, du weisst es ja.
440 1603 3089 1842 -ed lews abmeds doilmen aasb, Jnoin nein up Jenemminä :A
3580 1700 6302 2022 A: Ja, ich glaube dir. Aber so tu' doch wenigstens, was du
398 1773 3099 1967 ? Indn Jusdoseggen,taedifov reasii ab eib,nemsd e Jansd
3604 1821 6302 2174 kannst. Ist es notwendig, dass du immer eine Stunde später
1697 1911 3106 2112 Tregtnew as asb Heib JdoaM :X
3622 1942 6392 2323 zu mir kommst, als du’s versprichst?... Und erklär’ mir cas
391 2053 3127 2271 netamm, nevsw retsedT mi nemmszus heilmen Tiw als bau :A
481 2206 3113 2445 Jnoim xxxiim Jaedllow xxo.mellem.J JmsgauA mied anu tiw
3629 2202 5014 2490 Gerücht von deiner Verlobung.
3629 2258 6125 2621 E: Jetzt sag mir einmal, wer den Unsinn erzählt hat!
364 2361 3071 2628 zw sh tib nov ejnnade? Ieiv us liew.netg sgelijk ein redä
3643 2368 6309 2756 A: Der Mutter haben sie's erzählt, schadenfroh, im Haus.
2877 2541 3109 2677 .sen
3646 2562 6395 2915 E: Geschwätz unterm Haustor wahrscheinlich. Die Frau Mann
834 2652 3106 2863 Rulhoamov asb nim sib.si ae Jarew Jädles ad :K
3712 2704 6316 3044 het wahrscheinlich mit der Köchin von Frau v.Müller ge-
364 2829 3082 3054 melds neqqid neh nov Noanuw neb tib dai liew, si nam :A
3677 2926 6336 3224 trascht, nicht wahr? - Ja, du hast Recht, es ist höchste
1427 2974 3134 3213 ###
3684 3106 5613 3400 Zeit, dass wir uns aus dem Staub machen.
433 3095 3113 3338 bau mennil neJaa nedel uiw.baik niem.Jdain satgrev :N
3701 3189 6392 3525 A: Und was hab ich da wieder alles hören müssen! Von der
398 3331 3137 3532 Is enri moneidlunl nolm, mienoad mii Jajeiner neid. medhä
3753 3352 6447 3684 Mutter und der Schwester - und vom Schwager auch; da bin
464 3452 3144 3688 os Jnoin hoon ebied bais niw.Jniensa all.negani nenned
3722 3646 4730 3857 ieh zu dir gelauf an.
3743 3656 6437 4013 E: Nun, was haben sie dir denn gesagt? Dass du dumm bist
440 3611 3137 3812 -tev mureb.neses! us neJiefsdsion anu as aalim nu, Jiew
384 3805 3130 4044 Tenie ni sitnälxov del ned mebresaaA.reaaed a' uw nebien
