6440 4072
411 453 3011 761 midi se.nessoInbajne Jai. : aiez us sjønswneV enied nous
396 740 2954 856 .nemmo xxxnus saierzJieshooH Feb nov eis nnew.negss as
358 870 2993 1039 mÄ.usτî egani eniea ia! ne Juniwaldos, Jmmoλλοῖταις. A eiW -
456 1032 2972 1242 .eideileb baa haner, nach : anan in elis.S Jnst aanide?
5389 467 5810 681 6/3.904.
3312 572 5989 825 Bertheld als naiver Mensch, mit der besten Absicht, geht
3295 793 6091 993 zu Anna, von der er weiss, dass sie für Alfred nicht taugt.
3323 954 5982 1154 Ueberdies weiss er, dass seine Schwägerin Alfred liebt.
3330 1140 4126 1333 I.Akt. Bei Anna.
3337 1211 6028 1484 1. Anna spricht mit jemanden, fühlt Alfred wird sie ver-
3386 1421 4698 1667 lassen, ist darauf gefasst.
3340 1537 6161 1839 2. Anna, Alfred. Er spricht von einer Reise, die er vorhat.
3347 1681 6088 1923 3. Berthold, behaglicher Spiessbürger, kommt zu Anna, die
3379 1828 6081 2116 er sehen kennt. Weiss, es ist mit Geld abzumachen. B. sehr
3418 1989 6091 2302 grossartig, Philiströs. Sie: Verheiratete Frauen, auch A.
3382 2154 6039 2414 hat Verhältnisse mit verheirateten Frauen gehabt. Dieses
3372 2295 6105 2607 Kleeblatt, Ich war eifersüchtig, verlangte es. :Es liegt
3446 2449 6154 2737 heraussen, weil sie ihm eben alles zurückschicken wollte:
3403 2681 4347 2902 B.voll Verdacht ab.
3453 2688 5751 3053 II.Akt.Zuhause. Alfred, das Mädchen, die Frau.
3453 2916 5144 3186 Alfr.u.das Mädchen spielen Klavier.
3439 3154 4098 3351 Berth.zurück.
3432 3284 4846 3481 Frau: Sie haben sich verlebt.
3439 3354 5600 3607 Er giebt ihm das Klseblatt. Wo ist das deine?
