6472 4184
5389 462 5774 677 5/v. 92.
2296 667 2952 858 u.rihmittavo
3408 610 4866 811 Familie. II.Akt. Erste Fassung.
483 721 3026 1086 : nebenmekinnen menie nov dud als mön aanregnet nid
3395 801 4105 979 Bei Bergleins.
369 955 2869 1237 -st" mi Jnsmimel maais dim mnam schrieb niel das miedsen,
3412 995 3954 1133 I.Auftritt.
2440 1103 3026 1280 adress to be
3418 1123 4759 1300 Frau Berglein, Frau Belazzi.
3412 1304 6059 1464 Frau Bel: Ah, wie wird sich meine Katharin freuen - wie
395 1250 3009 1498 nald genommend neaeib genieten ein glämmils Jare mii ei¬
2778 1408 3040 1599 Huiw.
3556 1485 4564 1609 wird sie sich freu'n!
3432 1595 4628 1786 Frau B: Is sie schon da?
3425 1746 6089 1907 Frau Bel: Gewiss is sie schon da. Gestern angkommen. Ah,
3546 1934 6109 2088 wie shön is das Kind! Und schöne Sachen hat sie! Es is
3562 2088 4139 2262 eine Freud'!
3412 2192 5288 2386 Frau Bgl: Wieso hat sie schöne Sachen?
3415 2383 6113 2537 Fr.Bel: Man hat sie dort so gern gehabt. Ich hab's Ihnen
3569 2523 5972 2671 immer gesagt: man kann beim Theater ein anständiges
3556 2651 5372 2852 Mädel sein und doch sein Glück machen.
3432 2815 5576 2989 Fr.Bgl: So? sie hat schon ihr Glück gemacht?
3435 3006 6119 3150 Fr.Bel: Frelich, freilich! Sie hat gar nicht alle Sachen
3569 3174 4444 3341 mitbringen können.
3432 3294 5928 3448 Fr.Bgl: Geht sie denn wieder nach Czernowitz zurück?
3425 3492 4142 3660 Fr.Bel: Nein.
3425 3643 5439 3770 Fr.Bgl: Also kommen noch die Koffer nach?
