6392 4072
294 609 2915 923 seb JdesbneV teil.Jnandhed enoset Feb.reJntW Jmmod naed
1566 747 2871 1008 Tienesiwed xxx univ anelz.
2025 943 2925 1146 ! maiamu nie Jai ad
304 1075 2925 1363 -ziw eiln,se saisw endo? xxxieb ejdeilen eid :nejav med
1593 1248 2901 1447 I dain as aaiew meW! ae mea
291 1427 2911 1609 .a 'nesaiw sïlA.nenga? us eimel elle ainfubed asb kd vä
771 1528 2871 1731 .medoideausgew snda bau mi.nesseildesad ei2
3385 494 4835 680 Zwei Freunde Alfred, Berthold.
3368 639 4402 862 Berth.hat geheiratet.
3378 822 5670 954 Alfr.hat ein Verhältnis mit der Frau B's gehabt.
3371 947 6066 1126 Dann hat Alfr. ein Verhältnis mit einem Mädchen, die durch
3385 1102 6015 1268 Zufall von jenem früheren Verhältnis erfahren hat.  Sie
3391 1248 6103 1440 hat ihn einmal mit ihr gesehen, auch hat sie ihm einmahl ei
3405 1413 5457 1623 Kleeblatt genommen, das er aufbewahrt hat:
3385 1501 6079 1775 B.will nun A.mit einem braven jungen Mädchen verheiraten,
3398 1724 5146 1914 mit seiner Schwester oder Schwägerin.
3402 1866 6076 2039 Er rät ihm ab, das Verhältnis mit jenem Mädchen weiterzu-
3405 2015 6100 2218 führen, er sieht darin nichts Gutes für ihn, er kennt sei-
3395 2120 6069 2336 nen Freund als schwach, entschliesst sich selbst, mit je-
3415 2316 4565 2475 nem Mädchen zu sprechen.
3395 2434 5795 2637 Diese, in ihrer Wut entdeckt ihm jenes Verhältnis.
3425 2620 6113 2756 Sie braucht gar nicht zu wissen, dass es sich um B's Frau
3496 2725 5356 2911 handelt. :Das Kleeblatt fiihrt darauf:
3439 2877 6012 3087 B.kommt nach Hause eben als sich A.mit seiner Schwester
3429 3063 4030 3243 verlobt hat.
3425 3209 6127 3398 Da dieses Schwägerin in ihn, Berthold, verliebt ist, wird
3449 3351 6086 3567 ein Racheplan entworfen. Er sagt A.nichts von seinem Be-
3445 3530 6052 3702 such bei Anna, er besitzt seine Schwägerin :es braucht
