<?xml version="1.0" encoding="UTF-8" standalone="yes"?>
<PcGts xmlns="http://schema.primaresearch.org/PAGE/gts/pagecontent/2013-07-15" xmlns:xsi="http://www.w3.org/2001/XMLSchema-instance" xsi:schemaLocation="http://schema.primaresearch.org/PAGE/gts/pagecontent/2013-07-15 http://schema.primaresearch.org/PAGE/gts/pagecontent/2013-07-15/pagecontent.xsd">
    <Metadata>
        <Creator>prov=READ-COOP:name=TrHtr:version=2.1.0:model_id=51170:date=28_07_2023_20:23</Creator>
        <Created>2023-05-10T11:53:20.693+02:00</Created>
        <LastChange>2023-07-28T20:23:49.009+02:00</LastChange>
        <TranskribusMetadata docId="1428174" pageId="55393747" pageNr="62" tsid="131375430" status="IN_PROGRESS" userId="64420" imgUrl="https://files.transkribus.eu/Get?id=TISKILDYBRIGHJBCMFOXFFQZ&amp;fileType=view" xmlUrl="https://files.transkribus.eu/Get?id=JPTPBDKLEQKSWWHJVCGEDYIQ" imageId="44668632"/>
    </Metadata>
    <Page imageFilename="1428174_0062.jpg" imageWidth="3371" imageHeight="4728">
        <ReadingOrder>
            <OrderedGroup id="ro_1711801824596" caption="Regions reading order">
                <RegionRefIndexed index="0" regionRef="tr_1"/>
                <RegionRefIndexed index="1" regionRef="tr_2"/>
            </OrderedGroup>
        </ReadingOrder>
        <TextRegion id="tr_1" custom="readingOrder {index:0;}">
            <Coords points="244,391 2969,391 2969,2469 244,2469"/>
            <TextLine id="tr_1_tl_1" custom="readingOrder {index:0;}">
                <Coords points="2781,505 2805,516 2824,508 2847,532 2879,532 2895,548 2916,545 2945,564 2980,296 2908,296 2845,336 2802,339"/>
                <Baseline points="2802,462 2835,459 2880,453 2925,447 2969,441"/>
                <TextEquiv>
                    <Unicode>18.</Unicode>
                </TextEquiv>
            </TextLine>
            <TextLine id="tr_1_tl_2" custom="readingOrder {index:1;}">
                <Coords points="230,572 262,566 294,574 312,558 328,556 336,564 357,548 381,564 402,564 413,405 360,405 333,418 320,405 296,405 288,397 275,408 238,413"/>
                <Baseline points="244,540 277,540 322,534 367,531 411,534"/>
                <TextEquiv>
                    <Unicode>me</Unicode>
                </TextEquiv>
            </TextLine>
            <TextLine id="tr_1_tl_3" custom="readingOrder {index:2;}">
                <Coords points="699,595 2040,603 2601,691 2694,640 2694,490 2546,529 2421,466 1903,545 1371,548 1162,474 699,529"/>
                <Baseline points="713,593 728,596 773,593 817,593 862,593 907,593 952,593 996,596 1041,596 1086,593 1131,593 1176,593 1220,596 1265,596 1310,596 1355,596 1399,599 1444,599 1489,599 1534,599 1578,596 1623,596 1668,596 1713,596 1758,596 1802,596 1847,596 1892,596 1937,596 1981,596 2026,596 2071,593 2116,596 2161,599 2205,599 2250,596 2295,599 2340,599 2384,599 2429,599 2474,593 2519,593 2563,593 2608,591 2653,591 2698,591"/>
                <TextEquiv>
                    <Unicode>halter. Und nun, nachdem er seinen glückli-</Unicode>
                </TextEquiv>
            </TextLine>
            <TextLine id="tr_1_tl_4" custom="readingOrder {index:3;}">
                <Coords points="699,794 2683,812 2683,677 1524,701 1236,648 699,725"/>
                <Baseline points="713,746 758,749 802,749 847,749 892,749 937,752 982,752 1026,752 1071,752 1116,752 1161,755 1205,755 1250,752 1295,749 1340,749 1384,752 1429,752 1474,755 1519,755 1564,755 1608,752 1653,749 1698,752 1743,749 1787,749 1832,749 1877,752 1922,749 1967,749 2011,749 2056,749 2101,752 2146,755 2190,755 2235,755 2280,755 2325,755 2369,758 2414,758 2459,755 2504,755 2549,752 2593,752 2638,752 2683,755 2689,755"/>
                <TextEquiv>
                    <Unicode>cheren Jugendfreund durch Jahre so gut wie</Unicode>
                </TextEquiv>
            </TextLine>
            <TextLine id="tr_1_tl_5" custom="readingOrder {index:4;}">
                <Coords points="696,984 2681,955 2681,842 2580,831 696,839"/>
                <Baseline points="710,904 755,901 799,910 844,910 889,910 934,913 979,910 1023,910 1068,910 1113,910 1158,910 1202,910 1247,910 1292,907 1337,910 1381,913 1426,910 1471,913 1516,916 1561,916 1605,913 1650,913 1695,910 1740,910 1784,910 1829,910 1874,910 1919,910 1964,910 2008,910 2053,910 2098,913 2143,913 2187,916 2232,913 2277,913 2322,913 2366,913 2411,913 2456,910 2501,910 2546,907 2590,907 2635,907 2680,910 2686,910"/>
                <TextEquiv>
                    <Unicode>vergessen hatte, ihn und Alles, was er mit</Unicode>
                </TextEquiv>
            </TextLine>
            <TextLine id="tr_1_tl_6" custom="readingOrder {index:5;}">
                <Coords points="699,1141 908,1085 2612,1133 2694,1109 2694,976 699,987"/>
                <Baseline points="713,1062 758,1062 802,1062 847,1062 892,1062 937,1062 982,1065 1026,1062 1071,1062 1116,1062 1161,1062 1205,1062 1250,1062 1295,1065 1340,1065 1384,1065 1429,1065 1474,1065 1519,1065 1564,1065 1608,1065 1653,1065 1698,1065 1743,1062 1787,1062 1832,1062 1877,1062 1922,1062 1967,1062 2011,1062 2056,1065 2101,1065 2146,1065 2190,1068 2235,1065 2280,1065 2325,1062 2369,1062 2414,1062 2459,1062 2504,1062 2549,1059 2593,1059 2638,1062 2683,1062 2701,1062"/>
                <TextEquiv>
                    <Unicode>ihm und in seinem Hause erlebt, nun in die</Unicode>
                </TextEquiv>
            </TextLine>
            <TextLine id="tr_1_tl_7" custom="readingOrder {index:6;}">
                <Coords points="699,1265 1503,1318 2202,1252 2646,1310 2622,1125 699,1141"/>
                <Baseline points="713,1220 758,1217 802,1217 847,1217 892,1220 937,1220 982,1220 1026,1220 1071,1223 1116,1220 1161,1223 1205,1223 1250,1223 1295,1220 1340,1220 1384,1220 1429,1220 1474,1220 1519,1217 1564,1220 1608,1220 1653,1220 1698,1220 1743,1220 1787,1220 1832,1217 1877,1217 1922,1214 1967,1214 2011,1214 2056,1217 2101,1220 2146,1220 2190,1220 2235,1220 2280,1217 2325,1217 2369,1217 2414,1217 2459,1217 2504,1220 2549,1217 2593,1217 2638,1220 2653,1220"/>
                <TextEquiv>
                    <Unicode>sen Tagen, seit dem Augenblicke, da er es</Unicode>
                </TextEquiv>
            </TextLine>
            <TextLine id="tr_1_tl_8" custom="readingOrder {index:7;}">
                <Coords points="693,1424 2540,1447 2636,1424 2636,1315 1178,1281 1037,1342 693,1331"/>
                <Baseline points="707,1381 716,1379 761,1376 805,1376 850,1376 895,1376 940,1376 985,1379 1029,1379 1074,1379 1119,1379 1164,1376 1208,1376 1253,1376 1298,1376 1343,1376 1387,1376 1432,1376 1477,1376 1522,1376 1567,1376 1611,1376 1656,1376 1701,1376 1746,1373 1790,1376 1835,1373 1880,1373 1925,1373 1970,1370 2014,1370 2059,1373 2104,1373 2149,1376 2193,1376 2238,1376 2283,1373 2328,1373 2372,1370 2417,1370 2462,1373 2507,1373 2552,1373 2596,1373 2641,1370"/>
                <TextEquiv>
                    <Unicode>wusste, dass er sterben musste, konnte er</Unicode>
                </TextEquiv>
            </TextLine>
            <TextLine id="tr_1_tl_9" custom="readingOrder {index:8;}">
                <Coords points="696,1569 2787,1606 2787,1461 2678,1429 696,1463"/>
                <Baseline points="710,1531 734,1531 779,1531 823,1531 868,1528 913,1528 958,1528 1002,1528 1047,1528 1092,1531 1137,1531 1182,1531 1226,1531 1271,1531 1316,1531 1361,1531 1405,1531 1450,1531 1495,1531 1540,1531 1584,1531 1629,1531 1674,1528 1719,1525 1764,1525 1808,1525 1853,1525 1898,1525 1943,1525 1987,1525 2032,1525 2077,1525 2122,1525 2167,1525 2211,1525 2256,1525 2301,1528 2346,1525 2390,1525 2435,1525 2480,1525 2525,1525 2569,1525 2614,1525 2659,1525 2704,1522 2749,1522 2793,1528"/>
                <TextEquiv>
                    <Unicode>kaum mehr an etwas Anderes denken. Alle übri</Unicode>
                </TextEquiv>
            </TextLine>
            <TextLine id="tr_1_tl_10" custom="readingOrder {index:9;}">
                <Coords points="693,1749 2641,1747 2596,1596 1363,1646 693,1585"/>
                <Baseline points="707,1692 722,1695 767,1692 811,1689 856,1686 901,1686 946,1683 990,1683 1035,1683 1080,1683 1125,1683 1170,1683 1214,1683 1259,1686 1304,1689 1349,1689 1393,1686 1438,1686 1483,1683 1528,1683 1573,1683 1617,1683 1662,1683 1707,1683 1752,1686 1796,1683 1841,1683 1886,1680 1931,1680 1975,1680 2020,1680 2065,1680 2110,1680 2155,1680 2199,1680 2244,1680 2289,1680 2334,1680 2378,1683 2423,1680 2468,1680 2513,1680 2558,1677 2602,1677 2647,1680"/>
                <TextEquiv>
                    <Unicode>gen Menschen, denen er im Laufe der Jahre</Unicode>
                </TextEquiv>
            </TextLine>
            <TextLine id="tr_1_tl_11" custom="readingOrder {index:10;}">
                <Coords points="693,1897 2633,1903 2686,1752 696,1778"/>
                <Baseline points="710,1841 722,1841 767,1838 811,1841 856,1844 901,1844 946,1844 990,1841 1035,1838 1080,1838 1125,1841 1170,1841 1214,1841 1259,1841 1304,1844 1349,1841 1393,1841 1438,1841 1483,1838 1528,1838 1573,1838 1617,1838 1662,1841 1707,1838 1752,1838 1796,1835 1841,1835 1886,1835 1931,1835 1975,1835 2020,1835 2065,1838 2110,1835 2155,1838 2199,1838 2244,1838 2289,1835 2334,1835 2378,1835 2423,1835 2468,1835 2513,1832 2558,1832 2602,1832 2647,1829 2692,1835"/>
                <TextEquiv>
                    <Unicode>begegnet war, Männer und Frauen, sogar das</Unicode>
                </TextEquiv>
            </TextLine>
            <TextLine id="tr_1_tl_12" custom="readingOrder {index:11;}">
                <Coords points="696,2085 1223,2024 2628,2051 2726,2024 2728,1926 699,1921"/>
                <Baseline points="713,2005 719,2002 764,1999 808,1996 853,1996 898,1996 943,1996 987,1996 1032,1993 1077,1993 1122,1993 1167,1993 1211,1996 1256,1996 1301,1993 1346,1993 1390,1993 1435,1990 1480,1990 1525,1990 1570,1990 1614,1990 1659,1990 1704,1990 1749,1990 1793,1990 1838,1990 1883,1990 1928,1990 1972,1990 2017,1990 2062,1987 2107,1987 2152,1987 2196,1990 2241,1990 2286,1990 2331,1990 2375,1987 2420,1987 2465,1987 2510,1987 2555,1984 2599,1984 2644,1984 2689,1984 2734,1990"/>
                <TextEquiv>
                    <Unicode>junge Weib, mit dem er in Berlin zwei Jahre</Unicode>
                </TextEquiv>
            </TextLine>
            <TextLine id="tr_1_tl_13" custom="readingOrder {index:12;}">
                <Coords points="696,2196 2731,2223 2731,2061 1874,2112 1278,2035 696,2101"/>
                <Baseline points="710,2155 722,2152 767,2152 811,2149 856,2146 901,2146 946,2146 990,2146 1035,2146 1080,2149 1125,2152 1170,2152 1214,2152 1259,2149 1304,2149 1349,2149 1393,2149 1438,2149 1483,2152 1528,2152 1573,2146 1617,2149 1662,2146 1707,2146 1752,2146 1796,2146 1841,2143 1886,2143 1931,2143 1975,2143 2020,2143 2065,2143 2110,2143 2155,2143 2199,2143 2244,2143 2289,2143 2334,2143 2378,2143 2423,2143 2468,2140 2513,2143 2558,2140 2602,2140 2647,2137 2692,2140 2737,2146"/>
                <TextEquiv>
                    <Unicode>zusammen gelebt, mit der er ein Kind gehabt</Unicode>
                </TextEquiv>
            </TextLine>
            <TextLine id="tr_1_tl_14" custom="readingOrder {index:13;}">
                <Coords points="699,2347 2657,2366 2707,2223 699,2231"/>
                <Baseline points="713,2307 743,2304 788,2304 832,2304 877,2304 922,2304 967,2304 1011,2307 1056,2304 1101,2304 1146,2304 1190,2304 1235,2304 1280,2301 1325,2301 1370,2301 1414,2301 1459,2301 1504,2301 1549,2301 1593,2301 1638,2301 1683,2298 1728,2298 1773,2298 1817,2298 1862,2298 1907,2301 1952,2298 1996,2298 2041,2298 2086,2298 2131,2295 2175,2295 2220,2295 2265,2295 2310,2295 2355,2295 2399,2295 2444,2295 2489,2298 2534,2295 2578,2295 2623,2292 2668,2289 2713,2292"/>
                <TextEquiv>
                    <Unicode>hatte, über dessen Tod er untröstlich gewe-</Unicode>
                </TextEquiv>
            </TextLine>
            <TextLine id="tr_1_tl_15" custom="readingOrder {index:14;}">
                <Coords points="699,2514 2649,2527 2649,2358 699,2400"/>
                <Baseline points="713,2459 731,2456 776,2456 820,2459 865,2459 910,2459 955,2459 999,2456 1044,2456 1089,2456 1134,2456 1179,2456 1223,2453 1268,2453 1313,2453 1358,2450 1402,2450 1447,2450 1492,2453 1537,2453 1581,2453 1626,2453 1671,2450 1716,2453 1761,2450 1805,2450 1850,2450 1895,2447 1940,2447 1984,2447 2029,2447 2074,2447 2119,2447 2164,2450 2208,2450 2253,2447 2298,2447 2343,2447 2387,2444 2432,2447 2477,2447 2522,2444 2566,2444 2611,2444 2656,2447"/>
                <TextEquiv>
                    <Unicode>sen, waren in seiner Erinnerung blass und</Unicode>
                </TextEquiv>
            </TextLine>
        </TextRegion>
        <TextRegion id="tr_2" custom="readingOrder {index:1;}">
            <Coords points="707,2552 2844,2552 2844,4197 707,4197"/>
            <TextLine id="tr_2_tl_1" custom="readingOrder {index:0;}">
                <Coords points="693,2667 2659,2652 2659,2559 2432,2506 1723,2527 1627,2583 1286,2527 696,2564"/>
                <Baseline points="710,2623 740,2614 785,2614 829,2611 874,2611 919,2611 964,2611 1008,2614 1053,2614 1098,2617 1143,2617 1187,2617 1232,2617 1277,2614 1322,2611 1367,2611 1411,2611 1456,2611 1501,2611 1546,2611 1590,2611 1635,2611 1680,2611 1725,2611 1770,2608 1814,2608 1859,2608 1904,2608 1949,2605 1993,2608 2038,2608 2083,2608 2128,2611 2172,2611 2217,2611 2262,2608 2307,2608 2352,2611 2396,2611 2441,2608 2486,2608 2531,2605 2575,2605 2620,2605 2665,2602"/>
                <TextEquiv>
                    <Unicode>unwichtig geworden. Aller Neid, den er in</Unicode>
                </TextEquiv>
            </TextLine>
            <TextLine id="tr_2_tl_2" custom="readingOrder {index:1;}">
                <Coords points="699,2818 2654,2839 2765,2818 2765,2697 699,2712"/>
                <Baseline points="713,2772 758,2769 802,2769 847,2772 892,2769 937,2769 982,2769 1026,2769 1071,2769 1116,2766 1161,2769 1205,2769 1250,2769 1295,2766 1340,2766 1384,2766 1429,2766 1474,2766 1519,2766 1564,2766 1608,2763 1653,2763 1698,2763 1743,2763 1787,2763 1832,2763 1877,2763 1922,2766 1967,2766 2011,2769 2056,2766 2101,2766 2146,2766 2190,2766 2235,2763 2280,2763 2325,2760 2369,2760 2414,2760 2459,2760 2504,2760 2549,2758 2593,2760 2638,2758 2683,2760 2728,2760 2772,2766"/>
                <TextEquiv>
                    <Unicode>seinem verunglückten Leben gegen Glückliche-</Unicode>
                </TextEquiv>
            </TextLine>
            <TextLine id="tr_2_tl_3" custom="readingOrder {index:2;}">
                <Coords points="693,2959 2755,3022 2723,2805 2519,2863 693,2882"/>
                <Baseline points="707,2934 746,2928 790,2928 835,2928 880,2925 925,2925 970,2928 1014,2925 1059,2922 1104,2922 1149,2925 1193,2925 1238,2922 1283,2925 1328,2925 1373,2925 1417,2922 1462,2922 1507,2922 1552,2925 1596,2922 1641,2922 1686,2922 1731,2919 1775,2919 1820,2919 1865,2919 1910,2919 1955,2922 1999,2922 2044,2925 2089,2925 2134,2922 2178,2919 2223,2919 2268,2919 2313,2919 2358,2919 2402,2919 2447,2916 2492,2916 2537,2916 2581,2916 2626,2916 2671,2913 2716,2916 2760,2919"/>
                <TextEquiv>
                    <Unicode>re empfunden, war verblasst, und nur der Ge-</Unicode>
                </TextEquiv>
            </TextLine>
            <TextLine id="tr_2_tl_4" custom="readingOrder {index:3;}">
                <Coords points="699,3125 2485,3162 2694,3146 2697,3003 701,3003"/>
                <Baseline points="713,3083 728,3080 773,3083 817,3083 862,3083 907,3083 952,3083 996,3083 1041,3083 1086,3083 1131,3083 1176,3080 1220,3080 1265,3083 1310,3083 1355,3083 1399,3080 1444,3080 1489,3077 1534,3077 1578,3080 1623,3077 1668,3080 1713,3080 1758,3077 1802,3077 1847,3077 1892,3077 1937,3077 1981,3077 2026,3077 2071,3077 2116,3077 2161,3074 2205,3074 2250,3074 2295,3074 2340,3074 2384,3077 2429,3074 2474,3074 2519,3074 2563,3074 2608,3074 2653,3071 2698,3077"/>
                <TextEquiv>
                    <Unicode>danke an Werdenhauser tauchte immer wieder</Unicode>
                </TextEquiv>
            </TextLine>
            <TextLine id="tr_2_tl_5" custom="readingOrder {index:4;}">
                <Coords points="693,3324 2474,3273 2678,3340 2781,3329 2784,3165 696,3183"/>
                <Baseline points="710,3244 731,3241 776,3241 820,3241 865,3241 910,3244 955,3241 999,3238 1044,3238 1089,3241 1134,3241 1179,3238 1223,3238 1268,3238 1313,3238 1358,3238 1402,3235 1447,3235 1492,3235 1537,3235 1581,3235 1626,3235 1671,3238 1716,3235 1761,3235 1805,3235 1850,3232 1895,3232 1940,3232 1984,3232 2029,3235 2074,3232 2119,3232 2164,3232 2208,3232 2253,3232 2298,3232 2343,3232 2387,3232 2432,3232 2477,3232 2522,3235 2566,3235 2611,3232 2656,3232 2701,3232 2746,3229 2790,3232"/>
                <TextEquiv>
                    <Unicode>auf, als wäre dieser und nur dieser in einer</Unicode>
                </TextEquiv>
            </TextLine>
            <TextLine id="tr_2_tl_6" custom="readingOrder {index:5;}">
                <Coords points="699,3472 2530,3456 2607,3435 2607,3313 699,3321"/>
                <Baseline points="713,3399 734,3399 779,3399 823,3399 868,3399 913,3399 958,3399 1002,3396 1047,3396 1092,3399 1137,3396 1182,3396 1226,3396 1271,3396 1316,3396 1361,3399 1405,3399 1450,3396 1495,3396 1540,3396 1584,3396 1629,3396 1674,3396 1719,3396 1764,3396 1808,3393 1853,3393 1898,3393 1943,3393 1987,3393 2032,3393 2077,3393 2122,3393 2167,3393 2211,3393 2256,3393 2301,3393 2346,3393 2390,3393 2435,3393 2480,3393 2525,3390 2569,3390 2614,3393"/>
                <TextEquiv>
                    <Unicode>sonderbaren Weise an seinem ganzen Elend</Unicode>
                </TextEquiv>
            </TextLine>
            <TextLine id="tr_2_tl_7" custom="readingOrder {index:6;}">
                <Coords points="704,3604 1953,3641 2358,3586 2620,3649 2765,3620 2768,3464 1646,3448 1487,3504 1159,3445 707,3509"/>
                <Baseline points="719,3554 758,3554 802,3554 847,3554 892,3554 937,3554 982,3557 1026,3557 1071,3557 1116,3554 1161,3554 1205,3554 1250,3554 1295,3554 1340,3554 1384,3554 1429,3554 1474,3554 1519,3554 1564,3554 1608,3554 1653,3554 1698,3554 1743,3554 1787,3554 1832,3551 1877,3551 1922,3551 1967,3548 2011,3548 2056,3551 2101,3551 2146,3551 2190,3554 2235,3551 2280,3548 2325,3548 2369,3548 2414,3548 2459,3548 2504,3548 2549,3546 2593,3548 2638,3548 2683,3546 2728,3543 2772,3548"/>
                <TextEquiv>
                    <Unicode>schuld, als sei es der gewesen, der sich wi-</Unicode>
                </TextEquiv>
            </TextLine>
            <TextLine id="tr_2_tl_8" custom="readingOrder {index:7;}">
                <Coords points="704,3774 2657,3766 2707,3639 1516,3588 704,3644"/>
                <Baseline points="719,3707 764,3710 808,3710 853,3710 898,3710 943,3710 987,3710 1032,3710 1077,3710 1122,3710 1167,3710 1211,3710 1256,3707 1301,3707 1346,3707 1390,3707 1435,3710 1480,3707 1525,3707 1570,3707 1614,3707 1659,3707 1704,3707 1749,3707 1793,3707 1838,3707 1883,3707 1928,3707 1972,3707 2017,3707 2062,3704 2107,3704 2152,3704 2196,3704 2241,3704 2286,3704 2331,3704 2375,3704 2420,3704 2465,3704 2510,3704 2555,3704 2599,3704 2644,3707 2689,3710 2713,3710"/>
                <TextEquiv>
                    <Unicode>derrechtlich auch den Anteil an Glück zuge-</Unicode>
                </TextEquiv>
            </TextLine>
            <TextLine id="tr_2_tl_9" custom="readingOrder {index:8;}">
                <Coords points="707,3906 1003,3969 1207,3901 2675,3927 2802,3895 2802,3795 2628,3744 707,3808"/>
                <Baseline points="722,3871 749,3871 793,3871 838,3874 883,3874 928,3871 973,3871 1017,3871 1062,3874 1107,3871 1152,3868 1196,3868 1241,3865 1286,3865 1331,3865 1376,3865 1420,3865 1465,3865 1510,3865 1555,3865 1599,3862 1644,3862 1689,3862 1734,3862 1778,3862 1823,3862 1868,3862 1913,3862 1958,3862 2002,3862 2047,3862 2092,3862 2137,3862 2181,3862 2226,3859 2271,3862 2316,3862 2361,3862 2405,3859 2450,3859 2495,3859 2540,3859 2584,3859 2629,3862 2674,3862 2719,3859 2763,3859 2808,3865"/>
                <TextEquiv>
                    <Unicode>eignet, der ihm gebührt hätte. Und in der Er-</Unicode>
                </TextEquiv>
            </TextLine>
            <TextLine id="tr_2_tl_10" custom="readingOrder {index:9;}">
                <Coords points="714,4110 1254,4057 2704,4102 2837,4041 2837,3911 714,3988"/>
                <Baseline points="728,4029 773,4026 817,4023 862,4026 907,4026 952,4023 996,4023 1041,4026 1086,4026 1131,4026 1176,4023 1220,4023 1265,4023 1310,4023 1355,4020 1399,4020 1444,4023 1489,4020 1534,4020 1578,4020 1623,4020 1668,4020 1713,4020 1758,4023 1802,4023 1847,4023 1892,4020 1937,4020 1981,4020 2026,4020 2071,4020 2116,4020 2161,4020 2205,4020 2250,4020 2295,4023 2340,4020 2384,4020 2429,4017 2474,4020 2519,4020 2563,4020 2608,4020 2653,4020 2698,4017 2743,4020 2787,4023 2832,4029 2844,4032"/>
                <TextEquiv>
                    <Unicode>innerung war ihm heute, als wenn jeder Erfolg</Unicode>
                </TextEquiv>
            </TextLine>
            <TextLine id="tr_2_tl_11" custom="readingOrder {index:10;}">
                <Coords points="707,4290 916,4215 1466,4271 1781,4215 1985,4284 2768,4245 2768,4110 2551,4067 707,4110"/>
                <Baseline points="722,4178 767,4181 811,4184 856,4181 901,4184 946,4181 990,4181 1035,4181 1080,4181 1125,4181 1170,4181 1214,4178 1259,4181 1304,4184 1349,4187 1393,4187 1438,4184 1483,4181 1528,4178 1573,4181 1617,4181 1662,4181 1707,4181 1752,4181 1796,4184 1841,4184 1886,4181 1931,4181 1975,4181 2020,4178 2065,4178 2110,4178 2155,4178 2199,4181 2244,4184 2289,4184 2334,4184 2378,4181 2423,4178 2468,4178 2513,4175 2558,4178 2602,4175 2647,4175 2692,4175 2737,4175 2775,4181"/>
                <TextEquiv>
                    <Unicode>Werdenhausers, von dem er gehört, jede Nach-</Unicode>
                </TextEquiv>
            </TextLine>
        </TextRegion>
    </Page>
</PcGts>
