3352 4680
2917 314 3068 505 30
810 437 2915 666 meine Frau nichts für mich als eine Freundin,
816 601 2928 808 eine kluge und verständige Freundin. Du irrst
794 754 2834 977 Dich, wenn Du glaubst, ich werde ihr jetzt,
794 937 2952 1135 nach Hause gekommen, eine grosse Scene machen.
797 1092 2853 1286 v.. Vielleicht red' ich einmal mit ihr darü-
778 1213 1613 1401 ber...Vielleicht.
1071 1396 2767 1624 Du wirst noch heut' mit ihr darüber
768 1495 1111 1701 reden."
1060 1688 2837 1911 “Auch das ist möglich. Aber keineswegs
770 1844 2850 2032 hast Du mein Leben zerstört. Nichts hat sich
765 2040 2743 2193 geändert... Ich bedaure sehr, dass ich Dir
751 2174 2378 2362 Deine letzte Freude vergällt habe.
1020 2338 2893 2512 Rademacher schüttelte den Kopf. Er fühl-
749 2480 2759 2654 te, dass in der Haltung Werdenhausers Echt-
746 2643 2727 2778 heit und Pose unentwirrbar vermengt seien.
746 2786 2893 2984 Aber in ihm selbst war mit einem Mal alles In-
743 2939 2732 3116 teresse an der Sache ausgelöscht. Es hätte
738 3089 2829 3298 ihm beinahe Mühe gemacht, noch ein Wort darü-
733 3245 2748 3438 ber zu reden. Es war ihm vollkommen gleich-
725 3365 2697 3567 giltig. Was hatte ihn denn nur veranlasst,
727 3575 2864 3725 den alten Freund herholen zu lassen?.. Es kam
722 3685 2794 3908 ihm mit einem Mal unbegreiflich vor, dass er
698 3830 2853 4077 tagelang, dass er vor einer Stunde, noch
709 4055 2719 4262 vor wenigen Minuten dieses Wiedersehen her-
