3315 4200
371 306 2587 585 wiederargt kommt sich bin ich interessen
15 386 328 592 P.
3 536 901 824 vor, fährt weg
0 702 2342 984 ist andre blatt jurent. Kaart nur sich sie
9 858 2480 1137 Muthin Blick.  G. altr. ich nicht. Nachrich.
31 1097 2375 1388 der Nichts kommt. Ich abgezt. Als im
3 1358 895 1603 Anbe, liebe...
49 1422 2501 1818 Ich bitte dich, sei nicht so gepartig. Ich will, das
70 1686 2201 1992 daß die ertra it schaag Anzeggen¬
129 1903 1814 2185 Blick Somm. u Veste
785 2044 2501 2326 (1) Bleibe Fis nicht. Ich liege
129 2167 791 2388 zumalit
58 2274 2415 2572 bei Sinnen: „Aber ich meist mit dies zer
2339 2519 2565 2752 für
107 2590 742 2801 allen rest.
101 2605 2222 2995 Aber lage das... wen las ich seit -
1373 2749 2519 3031 Von.. di laß Schulein
132 2857 1312 3148 mecht nach ih ihm Cap
132 3145 837 3378 unt in juf
113 3234 2351 3592 V schon dit uns nie i. hat seinesmolt
144 3399 2522 3715 Vorwurth der Edelm. nie sie uns recht
166 3663 1750 3902 Aber war bist diese zi un
1811 3791 2351 4027 Erzleichung
1585 3807 1805 3997 & to
1103 3874 1450 4043 ...
644 3859 1085 4073 ll bist
196 3880 650 4083 I have a
