3355 4712
2824 336 3024 531 20
651 432 2693 704 durch die Kraft seines Willen die ihm unge-
637 661 2741 859 heuer zu wachsen schien, noch einige Tage am
632 864 2725 1000 Leben erhalten und dass ihm das Gespräch mit
645 979 2301 1146 Werdenhauser nicht entgehen könnte.
928 1130 2688 1314 Der leuchtende Kreis oben auf der De-
659 1317 2565 1472 eke bewegte sich plötzlich: die Wärterin
645 1434 2552 1629 hatte das Licht in die Hand genommen und
653 1605 2658 1789 ging zwei Herren entgegen, die eben eintra-
656 1749 2589 1928 ten. Rademacher schien es, als stünde ihm
648 1906 2565 2058 mit einem Mal das Herz still. Er sah die
656 2064 2741 2234 Beiden an der Thür stehen und hörte, wie sie
656 2210 2666 2386 flüsterten; dann gingen sie zusammen durch
653 2373 2136 2541 den Saal und näherten sich ihm.
955 2520 2514 2717 “Hier liegt der Kranke“, sagte der
653 2666 2093 2861 Arzt und wies auf das Bett.
941 2837 2669 3037 Rademacher setzte sich ein wenig auf
669 2992 2626 3176 und nickte. Er wusste, dass es im Saal zu
680 3157 2658 3338 dunkel war, als dass der Besucher die Züge
669 3317 2786 3482 seines Gesichts hätte beobachten können, aber
667 3474 2733 3639 gewiss musste er seine Augen leuchten sehen,
667 3605 2768 3802 denn Rademacher fühlte, dass ihm das Blut in
677 3791 2802 3927 die Stirne stieg, als er den Jugendfreund vor
680 3935 2826 4114 sich sah. Er stand am Fussende des Betts, den
675 4085 2794 4287 Ueberzieher geschlossen, einen runden schwar-
