3352 4136
190 204 2906 568 Auch so: sie stehe noch immer u Verkeh, sie
218 459 802 724 kommt.
221 646 2913 897 der glaubt einen, er will beworne. Haus
153 843 2886 1145 ich will die die Glück nahmen. In sol der
150 1047 2168 1343 nur geheiratet werden können!
313 1275 1638 1516 Siegern: Er lag zu fernst.
262 1458 1536 1686 Auch in Krankenheim
1468 1577 2896 1839 ich ein Aufs geben kann, je
275 1628 1387 1815 go rn  in journalist
265 1761 2015 1964 kein Erbesamung kommt.
340 1917 1370 2158 war ich zu Frau
391 2083 659 2264 X I
364 2206 1292 2410 Man I am here.
367 2359 1444 2576 in glavon 1 mich 2.
391 2539 2926 2746 C. frappell ihn, war, da ist interessant. O.
323 2702 921 2899 absterin.
510 2862 663 2998 d'un
394 2899 1659 3191 aber es mir in der h.
