<?xml version="1.0" encoding="UTF-8" standalone="yes"?>
<PcGts xmlns="http://schema.primaresearch.org/PAGE/gts/pagecontent/2013-07-15" xmlns:xsi="http://www.w3.org/2001/XMLSchema-instance" xsi:schemaLocation="http://schema.primaresearch.org/PAGE/gts/pagecontent/2013-07-15 http://schema.primaresearch.org/PAGE/gts/pagecontent/2013-07-15/pagecontent.xsd">
    <Metadata>
        <Creator>prov=READ-COOP:name=TrHtr:version=2.1.0:model_id=51170:date=28_07_2023_20:23</Creator>
        <Created>2023-05-10T11:53:14.214+02:00</Created>
        <LastChange>2023-07-28T20:23:39.366+02:00</LastChange>
        <TranskribusMetadata docId="1428174" pageId="55393470" pageNr="28" tsid="131375394" status="IN_PROGRESS" userId="64420" imgUrl="https://files.transkribus.eu/Get?id=LCQWUBNAWWKLAWFYYZFOYOTM&amp;fileType=view" xmlUrl="https://files.transkribus.eu/Get?id=UTGPTWISLMAARRWCVHZYTWHQ" imageId="44668355"/>
    </Metadata>
    <Page imageFilename="1428174_0028.jpg" imageWidth="3323" imageHeight="4680">
        <ReadingOrder>
            <OrderedGroup id="ro_1711801791199" caption="Regions reading order">
                <RegionRefIndexed index="0" regionRef="tr_1"/>
                <RegionRefIndexed index="1" regionRef="tr_2"/>
            </OrderedGroup>
        </ReadingOrder>
        <TextRegion id="tr_1" custom="readingOrder {index:0;}">
            <Coords points="411,484 3139,484 3139,2994 411,2994"/>
            <TextLine id="tr_1_tl_1" custom="readingOrder {index:0;}">
                <Coords points="2531,534 2637,555 2679,534 2700,553 2765,542 2826,571 2876,542 3052,603 3131,571 3126,489 3058,489 2876,405 2831,434 2771,418 2687,474 2529,458"/>
                <Baseline points="2545,540 2590,534 2635,534 2680,537 2725,537 2769,534 2814,537 2859,540 2904,540 2948,543 2993,546 3038,549 3083,558 3127,561 3139,561"/>
                <TextEquiv>
                    <Unicode>in dem</Unicode>
                </TextEquiv>
            </TextLine>
            <TextLine id="tr_1_tl_2" custom="readingOrder {index:1;}">
                <Coords points="850,642 1231,716 1602,655 1887,721 2965,689 2963,595 2771,542 2023,584 1781,495 1552,582 1371,521 847,574"/>
                <Baseline points="865,638 910,635 955,638 999,641 1044,641 1089,641 1134,644 1178,644 1223,644 1268,641 1313,644 1358,644 1402,644 1447,644 1492,644 1537,647 1581,644 1626,644 1671,644 1716,644 1760,644 1805,644 1850,647 1895,644 1940,647 1984,647 2029,647 2074,650 2119,650 2163,653 2208,650 2253,650 2298,647 2342,650 2387,650 2432,650 2477,653 2522,650 2566,650 2611,650 2656,653 2701,653 2745,653 2790,653 2835,650 2880,650 2925,650 2969,653"/>
                <TextEquiv>
                    <Unicode>Arztes auf das Nachbarbett, und er sak, dass</Unicode>
                </TextEquiv>
            </TextLine>
            <TextLine id="tr_1_tl_3" custom="readingOrder {index:2;}">
                <Coords points="392,860 466,839 508,860 558,824 582,839 616,834 642,855 671,850 689,874 726,874 745,724 658,724 626,700 547,721 410,708"/>
                <Baseline points="411,823 432,817 477,805 522,793 567,790 611,787 656,781 701,779 746,776"/>
                <TextEquiv>
                    <Unicode>-n</Unicode>
                </TextEquiv>
            </TextLine>
            <TextLine id="tr_1_tl_4" custom="readingOrder {index:3;}">
                <Coords points="847,824 2808,826 2758,703 847,710"/>
                <Baseline points="862,790 907,793 952,796 996,799 1041,799 1086,799 1131,799 1175,799 1220,796 1265,796 1310,796 1355,799 1399,799 1444,799 1489,802 1534,799 1578,799 1623,799 1668,799 1713,802 1757,802 1802,802 1847,799 1892,802 1937,802 1981,802 2026,802 2071,802 2116,805 2160,805 2205,805 2250,805 2295,805 2340,805 2384,805 2429,805 2474,805 2519,805 2563,805 2608,805 2653,805 2698,805 2742,805 2787,805 2814,808"/>
                <TextEquiv>
                    <Unicode>der Krankenbeinahe aufrecht sass und sehr</Unicode>
                </TextEquiv>
            </TextLine>
            <TextLine id="tr_1_tl_5" custom="readingOrder {index:4;}">
                <Coords points="847,984 960,968 1031,987 1126,955 1210,987 1284,960 1352,1005 1408,1005 1529,968 1529,860 1484,845 1358,871 1221,834 1184,858 1100,866 1079,845 950,874 847,850"/>
                <Baseline points="862,952 907,949 952,949 996,949 1041,949 1086,949 1131,949 1175,949 1220,949 1265,952 1310,952 1355,952 1399,952 1444,952 1489,955 1534,958"/>
                <TextEquiv>
                    <Unicode>rasch athmete.</Unicode>
                </TextEquiv>
            </TextLine>
            <TextLine id="tr_1_tl_6" custom="readingOrder {index:5;}">
                <Coords points="1089,1124 2921,1160 2902,937 2687,1010 1784,963 1537,1026 1087,966"/>
                <Baseline points="1104,1104 1149,1095 1193,1101 1238,1104 1283,1107 1328,1110 1372,1113 1417,1113 1462,1113 1507,1113 1552,1113 1596,1113 1641,1113 1686,1113 1731,1116 1775,1113 1820,1113 1865,1113 1910,1113 1954,1113 1999,1113 2044,1113 2089,1113 2134,1113 2178,1113 2223,1113 2268,1110 2313,1113 2357,1113 2402,1113 2447,1113 2492,1116 2536,1116 2581,1116 2626,1116 2671,1119 2716,1119 2760,1119 2805,1116 2850,1116 2895,1116 2927,1119"/>
                <TextEquiv>
                    <Unicode>“NunP“, fragte Doktor Winterhalter lie¬</Unicode>
                </TextEquiv>
            </TextLine>
            <TextLine id="tr_1_tl_7" custom="readingOrder {index:6;}">
                <Coords points="847,1305 2765,1326 2765,1158 2108,1121 847,1205"/>
                <Baseline points="862,1259 907,1256 952,1259 996,1259 1041,1262 1086,1262 1131,1262 1175,1262 1220,1265 1265,1265 1310,1271 1355,1271 1399,1274 1444,1271 1489,1268 1534,1268 1578,1271 1623,1271 1668,1271 1713,1271 1757,1271 1802,1271 1847,1268 1892,1271 1937,1268 1981,1268 2026,1268 2071,1268 2116,1268 2160,1265 2205,1265 2250,1265 2295,1265 2340,1265 2384,1268 2429,1274 2474,1274 2519,1271 2563,1271 2608,1271 2653,1271 2698,1271 2742,1271 2769,1268"/>
                <TextEquiv>
                    <Unicode>benswürdig, wie es seine Art war. "Warum</Unicode>
                </TextEquiv>
            </TextLine>
            <TextLine id="tr_1_tl_8" custom="readingOrder {index:7;}">
                <Coords points="850,1460 1284,1421 1352,1463 1650,1434 1992,1476 2031,1468 2031,1316 850,1345"/>
                <Baseline points="865,1411 910,1414 955,1414 999,1417 1044,1417 1089,1417 1134,1417 1178,1414 1223,1417 1268,1417 1313,1417 1358,1417 1402,1420 1447,1420 1492,1420 1537,1420 1581,1420 1626,1420 1671,1420 1716,1420 1760,1420 1805,1420 1850,1420 1895,1420 1940,1420 1984,1417 2029,1423 2038,1423"/>
                <TextEquiv>
                    <Unicode>schlafen Sie denn nicht?"</Unicode>
                </TextEquiv>
            </TextLine>
            <TextLine id="tr_1_tl_9" custom="readingOrder {index:8;}">
                <Coords points="1076,1597 2892,1610 2839,1468 1074,1463"/>
                <Baseline points="1089,1572 1134,1569 1178,1572 1223,1572 1268,1572 1313,1572 1358,1575 1402,1575 1447,1575 1492,1575 1537,1575 1581,1575 1626,1572 1671,1575 1716,1575 1760,1578 1805,1575 1850,1575 1895,1578 1940,1578 1984,1578 2029,1578 2074,1578 2119,1578 2163,1578 2208,1578 2253,1578 2298,1578 2342,1578 2387,1578 2432,1578 2477,1581 2522,1581 2566,1584 2611,1584 2656,1584 2701,1584 2745,1581 2790,1578 2835,1578 2880,1578 2898,1581"/>
                <TextEquiv>
                    <Unicode>Der Kranke wies mit einer Bewegung des</Unicode>
                </TextEquiv>
            </TextLine>
            <TextLine id="tr_1_tl_10" custom="readingOrder {index:9;}">
                <Coords points="831,1737 2860,1773 2860,1645 2750,1616 1952,1671 1842,1616 1581,1679 1508,1623 831,1629"/>
                <Baseline points="847,1725 892,1725 937,1725 981,1728 1026,1728 1071,1728 1116,1728 1161,1728 1205,1728 1250,1728 1295,1728 1340,1728 1384,1728 1429,1728 1474,1728 1519,1728 1563,1728 1608,1728 1653,1728 1698,1728 1743,1728 1787,1728 1832,1728 1877,1728 1922,1728 1966,1728 2011,1728 2056,1728 2101,1731 2145,1728 2190,1728 2235,1728 2280,1731 2325,1731 2369,1731 2414,1731 2459,1731 2504,1731 2548,1731 2593,1731 2638,1731 2683,1734 2728,1731 2772,1731 2817,1728 2862,1728 2868,1728"/>
                <TextEquiv>
                    <Unicode>Kopfes nach der schwarzen Tafel zu Häupten</Unicode>
                </TextEquiv>
            </TextLine>
            <TextLine id="tr_1_tl_11" custom="readingOrder {index:10;}">
                <Coords points="842,1908 1005,1889 1113,1942 1202,1913 1316,1916 1358,1889 1516,1908 1531,1800 1452,1818 1363,1789 1247,1829 1195,1795 1150,1818 1034,1797 842,1839"/>
                <Baseline points="856,1880 901,1880 946,1880 990,1880 1035,1880 1080,1880 1125,1880 1170,1877 1214,1880 1259,1880 1304,1880 1349,1880 1393,1883 1438,1883 1483,1883 1528,1889 1537,1889"/>
                <TextEquiv>
                    <Unicode>seines Bettes</Unicode>
                </TextEquiv>
            </TextLine>
            <TextLine id="tr_1_tl_12" custom="readingOrder {index:11;}">
                <Coords points="2252,1981 2289,1976 2310,1987 2337,1966 2360,1989 2400,1976 2421,1992 2442,1994 2455,1981 2468,1994 2500,1979 2500,1868 2473,1876 2431,1847 2408,1855 2392,1845 2371,1850 2344,1829 2279,1873 2252,1879"/>
                <Baseline points="2268,1960 2313,1963 2357,1966 2402,1963 2447,1963 2492,1960 2504,1960"/>
                <TextEquiv>
                    <Unicode>la</Unicode>
                </TextEquiv>
            </TextLine>
            <TextLine id="tr_1_tl_13" custom="readingOrder {index:12;}">
                <Coords points="1102,2076 1287,2055 1479,2134 1655,2052 1866,2110 1997,2052 2797,2081 2768,1937 2437,1997 1837,1918 1666,1971 1102,1942"/>
                <Baseline points="1116,2031 1164,2032 1208,2035 1253,2035 1298,2038 1343,2038 1387,2038 1432,2038 1477,2038 1522,2038 1566,2038 1611,2038 1656,2038 1701,2038 1746,2041 1790,2044 1835,2047 1880,2047 1925,2044 1969,2041 2014,2041 2059,2041 2104,2044 2148,2044 2193,2044 2238,2044 2283,2044 2328,2044 2372,2047 2417,2044 2462,2041 2507,2041 2551,2041 2596,2041 2641,2041 2686,2041 2730,2041 2775,2041 2802,2044"/>
                <TextEquiv>
                    <Unicode>„Neunundgreissig, eins“, sagte Doktor</Unicode>
                </TextEquiv>
            </TextLine>
            <TextLine id="tr_1_tl_14" custom="readingOrder {index:13;}">
                <Coords points="842,2216 2671,2234 2671,2110 2600,2084 2089,2084 1755,2158 1655,2105 842,2094"/>
                <Baseline points="856,2196 886,2190 931,2190 975,2190 1020,2190 1065,2193 1110,2190 1155,2190 1199,2190 1244,2193 1289,2193 1334,2193 1378,2193 1423,2193 1468,2196 1513,2202 1558,2199 1602,2193 1647,2193 1692,2196 1737,2193 1781,2193 1826,2193 1871,2193 1916,2196 1960,2193 2005,2196 2050,2193 2095,2196 2140,2196 2184,2196 2229,2193 2274,2193 2319,2193 2363,2193 2408,2190 2453,2193 2498,2193 2542,2193 2587,2193 2632,2190 2677,2193"/>
                <TextEquiv>
                    <Unicode>Winterhalter. “Na, das ist garnicht so</Unicode>
                </TextEquiv>
            </TextLine>
            <TextLine id="tr_1_tl_15" custom="readingOrder {index:14;}">
                <Coords points="839,2376 1994,2421 2471,2358 2826,2413 2826,2226 839,2289"/>
                <Baseline points="853,2348 898,2345 943,2348 987,2348 1032,2345 1077,2348 1122,2345 1167,2345 1211,2345 1256,2348 1301,2357 1346,2351 1390,2351 1435,2351 1480,2351 1525,2351 1569,2351 1614,2351 1659,2351 1704,2348 1749,2348 1793,2345 1838,2348 1883,2348 1928,2348 1972,2348 2017,2348 2062,2348 2107,2348 2151,2348 2196,2348 2241,2351 2286,2348 2331,2348 2375,2348 2420,2348 2465,2348 2510,2348 2554,2348 2599,2348 2644,2348 2689,2348 2733,2348 2778,2348 2823,2351 2832,2348"/>
                <TextEquiv>
                    <Unicode>schlimm.“ Er griff nach dem Puls des Kran-</Unicode>
                </TextEquiv>
            </TextLine>
            <TextLine id="tr_1_tl_16" custom="readingOrder {index:15;}">
                <Coords points="839,2571 2765,2515 2502,2389 2292,2465 1642,2381 1542,2437 839,2426"/>
                <Baseline points="853,2510 898,2507 943,2507 987,2507 1032,2504 1077,2507 1122,2510 1167,2507 1211,2507 1256,2507 1301,2513 1346,2513 1390,2510 1435,2510 1480,2510 1525,2510 1569,2510 1614,2510 1659,2507 1704,2507 1749,2510 1793,2510 1838,2510 1883,2510 1928,2510 1972,2510 2017,2510 2062,2510 2107,2510 2151,2510 2196,2510 2241,2510 2286,2510 2331,2510 2375,2510 2420,2507 2465,2507 2510,2504 2554,2504 2599,2504 2644,2504 2689,2507 2733,2510 2772,2513"/>
                <TextEquiv>
                    <Unicode>ken. "Na, versuchen Sie nur zu schlafen.</Unicode>
                </TextEquiv>
            </TextLine>
            <TextLine id="tr_1_tl_17" custom="readingOrder {index:16;}">
                <Coords points="1050,2718 1810,2679 2189,2726 2510,2671 2771,2742 2850,2713 2850,2568 2647,2529 2289,2600 2000,2547 1650,2602 1197,2550 1050,2600"/>
                <Baseline points="1065,2659 1110,2659 1155,2659 1199,2662 1244,2665 1289,2665 1334,2665 1378,2665 1423,2665 1468,2665 1513,2665 1558,2662 1602,2665 1647,2668 1692,2671 1737,2671 1781,2665 1826,2665 1871,2665 1916,2668 1960,2668 2005,2665 2050,2665 2095,2665 2140,2665 2184,2665 2229,2665 2274,2665 2319,2665 2363,2665 2408,2665 2453,2662 2498,2662 2542,2662 2587,2668 2632,2671 2677,2671 2722,2665 2766,2665 2811,2665 2853,2671"/>
                <TextEquiv>
                    <Unicode>„Herr Doktor“, fragte der Kranke, “wie</Unicode>
                </TextEquiv>
            </TextLine>
            <TextLine id="tr_1_tl_18" custom="readingOrder {index:17;}">
                <Coords points="831,2850 2147,2860 2266,2823 2266,2729 1718,2763 1510,2700 1231,2755 831,2742"/>
                <Baseline points="847,2826 883,2823 928,2823 973,2826 1017,2826 1062,2826 1107,2826 1152,2826 1196,2826 1241,2826 1286,2826 1331,2826 1375,2826 1420,2826 1465,2826 1510,2826 1555,2823 1599,2823 1644,2823 1689,2823 1734,2826 1778,2823 1823,2823 1868,2823 1913,2826 1957,2826 2002,2826 2047,2823 2092,2823 2137,2820 2181,2820 2226,2817 2271,2811"/>
                <TextEquiv>
                    <Unicode>lang wird’s denn noch dauern?</Unicode>
                </TextEquiv>
            </TextLine>
            <TextLine id="tr_1_tl_19" custom="readingOrder {index:18;}">
                <Coords points="1105,2997 2652,2994 2815,3050 2800,2839 1360,2934 1105,2884"/>
                <Baseline points="1119,2966 1164,2972 1208,2975 1253,2978 1298,2981 1343,2981 1387,2981 1432,2981 1477,2978 1522,2978 1566,2978 1611,2978 1656,2978 1701,2978 1746,2978 1790,2978 1835,2981 1880,2981 1925,2981 1969,2981 2014,2981 2059,2984 2104,2981 2148,2981 2193,2981 2238,2984 2283,2981 2328,2978 2372,2978 2417,2978 2462,2978 2507,2981 2551,2981 2596,2981 2641,2981 2686,2978 2730,2978 2775,2978 2820,2981 2823,2981"/>
                <TextEquiv>
                    <Unicode>"Aber lieber Freund, ein bisschen Ge-</Unicode>
                </TextEquiv>
            </TextLine>
        </TextRegion>
        <TextRegion id="tr_2" custom="readingOrder {index:1;}">
            <Coords points="850,3083 2907,3083 2907,4281 850,4281"/>
            <TextLine id="tr_2_tl_1" custom="readingOrder {index:0;}">
                <Coords points="845,3186 1250,3205 1424,3160 1921,3152 1921,3065 1745,3063 1695,3023 1481,3023 1379,3084 1208,3047 1131,3076 1060,3039 845,3065"/>
                <Baseline points="859,3136 904,3136 949,3133 993,3136 1038,3136 1083,3136 1128,3136 1172,3136 1217,3136 1262,3136 1307,3136 1352,3136 1396,3136 1441,3139 1486,3136 1531,3136 1575,3136 1620,3136 1665,3136 1710,3136 1755,3136 1799,3136 1844,3136 1889,3136 1928,3142"/>
                <TextEquiv>
                    <Unicode>duld miissen Sie haben."</Unicode>
                </TextEquiv>
            </TextLine>
            <TextLine id="tr_2_tl_2" custom="readingOrder {index:1;}">
                <Coords points="1079,3334 2379,3302 2681,3357 2852,3318 2852,3200 1079,3207"/>
                <Baseline points="1092,3292 1137,3292 1181,3292 1226,3295 1271,3295 1316,3295 1361,3295 1405,3295 1450,3292 1495,3292 1540,3292 1584,3292 1629,3292 1674,3292 1719,3292 1763,3292 1808,3295 1853,3295 1898,3295 1943,3292 1987,3295 2032,3295 2077,3295 2122,3298 2166,3295 2211,3295 2256,3295 2301,3295 2345,3295 2390,3295 2435,3295 2480,3295 2525,3295 2569,3295 2614,3292 2659,3292 2704,3292 2748,3292 2793,3292 2838,3295 2856,3292"/>
                <TextEquiv>
                    <Unicode>Der Kranke hielt die Hand des Doktors</Unicode>
                </TextEquiv>
            </TextLine>
            <TextLine id="tr_2_tl_3" custom="readingOrder {index:2;}">
                <Coords points="837,3494 1097,3536 1534,3460 1771,3547 2226,3457 2900,3465 2900,3392 2744,3331 837,3368"/>
                <Baseline points="850,3453 895,3450 940,3450 984,3453 1029,3450 1074,3450 1119,3450 1164,3450 1208,3450 1253,3450 1298,3450 1343,3450 1387,3450 1432,3450 1477,3450 1522,3453 1566,3450 1611,3450 1656,3450 1701,3450 1746,3450 1790,3453 1835,3450 1880,3456 1925,3456 1969,3450 2014,3450 2059,3453 2104,3453 2148,3453 2193,3450 2238,3450 2283,3453 2328,3456 2372,3456 2417,3453 2462,3453 2507,3453 2551,3453 2596,3456 2641,3453 2686,3453 2730,3453 2775,3453 2820,3450 2865,3450 2904,3453"/>
                <TextEquiv>
                    <Unicode>fest und wiederholte: "Wie lang kann's noch</Unicode>
                </TextEquiv>
            </TextLine>
            <TextLine id="tr_2_tl_4" custom="readingOrder {index:3;}">
                <Coords points="842,3639 895,3647 974,3610 1008,3642 1029,3628 1126,3631 1210,3681 1229,3678 1229,3529 1131,3515 1110,3534 1037,3547 892,3536 842,3563"/>
                <Baseline points="856,3611 877,3608 922,3608 967,3608 1011,3608 1056,3608 1101,3605 1146,3605 1190,3608 1235,3605"/>
                <TextEquiv>
                    <Unicode>dauern?"</Unicode>
                </TextEquiv>
            </TextLine>
            <TextLine id="tr_2_tl_5" custom="readingOrder {index:4;}">
                <Coords points="1131,3818 1350,3773 2016,3823 2071,3778 2252,3821 2310,3776 2563,3800 2563,3657 2158,3705 1808,3578 1631,3678 1131,3655"/>
                <Baseline points="1146,3765 1193,3766 1238,3766 1283,3769 1328,3769 1372,3769 1417,3772 1462,3772 1507,3775 1552,3775 1596,3775 1641,3778 1686,3778 1731,3778 1775,3778 1820,3778 1865,3775 1910,3775 1954,3775 1999,3775 2044,3775 2089,3775 2134,3775 2178,3775 2223,3778 2268,3775 2313,3775 2357,3775 2402,3775 2447,3781 2492,3784 2536,3787 2566,3787"/>
                <TextEquiv>
                    <Unicode>Schauen Sie, das lässt sich ja</Unicode>
                </TextEquiv>
            </TextLine>
            <TextLine id="tr_2_tl_6" custom="readingOrder {index:5;}">
                <Coords points="2634,3844 2658,3839 2700,3802 2710,3807 2744,3786 2752,3794 2773,3789 2797,3805 2815,3789 2847,3789 2855,3636 2818,3634 2800,3652 2786,3647 2768,3660 2739,3660 2729,3650 2689,3665 2668,3650 2647,3657"/>
                <Baseline points="2650,3787 2671,3787 2716,3781 2760,3778 2805,3775 2850,3778"/>
                <TextEquiv>
                    <Unicode>nicht</Unicode>
                </TextEquiv>
            </TextLine>
            <TextLine id="tr_2_tl_7" custom="readingOrder {index:6;}">
                <Coords points="2789,3876 2800,3873 2821,3876 2826,3871 2836,3876 2855,3852 2868,3850 2855,3784 2831,3789 2818,3786 2808,3800 2779,3802 2776,3805"/>
                <Baseline points="2796,3832 2841,3838 2874,3847"/>
                <TextEquiv>
                    <Unicode>e</Unicode>
                </TextEquiv>
            </TextLine>
            <TextLine id="tr_2_tl_8" custom="readingOrder {index:7;}">
                <Coords points="2205,3881 2229,3892 2268,3865 2331,3902 2418,3850 2479,3842 2518,3863 2542,3850 2584,3884 2652,3878 2729,3852 2729,3792 2671,3828 2613,3781 2523,3818 2434,3781 2337,3773 2258,3818 2205,3810"/>
                <Baseline points="2220,3841 2265,3844 2310,3841 2354,3841 2399,3841 2444,3841 2489,3835 2534,3835 2578,3844 2623,3847 2668,3847 2713,3850 2733,3841"/>
                <TextEquiv>
                    <Unicode>St za luff</Unicode>
                </TextEquiv>
            </TextLine>
            <TextLine id="tr_2_tl_9" custom="readingOrder {index:8;}">
                <Coords points="837,3957 2747,3976 2821,3950 2821,3852 2110,3894 1831,3792 1573,3860 837,3863"/>
                <Baseline points="850,3933 895,3927 940,3927 984,3930 1029,3927 1074,3927 1119,3927 1164,3927 1208,3927 1253,3930 1298,3930 1343,3933 1387,3933 1432,3930 1477,3930 1522,3930 1566,3930 1611,3930 1656,3930 1701,3930 1746,3930 1790,3930 1835,3930 1880,3930 1925,3933 1969,3930 2014,3930 2059,3930 2104,3930 2148,3930 2193,3930 2238,3930 2283,3933 2328,3936 2372,3936 2417,3939 2462,3939 2507,3942 2551,3942 2596,3939 2641,3936 2686,3939 2730,3936 2775,3933 2820,3939 2826,3936"/>
                <TextEquiv>
                    <Unicode>auf den Tag bestimmen.</Unicode>
                </TextEquiv>
            </TextLine>
            <TextLine id="tr_2_tl_10" custom="readingOrder {index:9;}">
                <Coords points="850,4147 2829,4142 2900,4134 2897,3994 2044,4028 1376,3965 847,4026"/>
                <Baseline points="865,4086 910,4089 955,4089 999,4089 1044,4089 1089,4092 1134,4092 1178,4092 1223,4092 1268,4092 1313,4095 1358,4092 1402,4092 1447,4095 1492,4095 1537,4092 1581,4092 1626,4092 1671,4095 1716,4092 1760,4092 1805,4092 1850,4092 1895,4092 1940,4092 1984,4095 2029,4092 2074,4092 2119,4092 2163,4092 2208,4092 2253,4095 2298,4100 2342,4103 2381,4106 2387,4109 2414,4103 2459,4097 2504,4097 2548,4097 2593,4097 2638,4097 2683,4097 2728,4097 2772,4097 2817,4097 2862,4100 2907,4103"/>
                <TextEquiv>
                    <Unicode>Abend war die Temperatur höher - er wandte</Unicode>
                </TextEquiv>
            </TextLine>
            <TextLine id="tr_2_tl_11" custom="readingOrder {index:10;}">
                <Coords points="850,4286 2786,4334 2786,4176 2468,4205 1989,4105 1460,4184 850,4147"/>
                <Baseline points="865,4256 910,4253 955,4253 999,4253 1044,4253 1089,4256 1134,4253 1178,4253 1223,4253 1268,4256 1313,4253 1358,4253 1402,4253 1447,4253 1492,4253 1537,4253 1581,4256 1626,4256 1671,4256 1716,4259 1760,4256 1805,4256 1850,4256 1895,4256 1940,4262 1984,4256 2029,4256 2074,4256 2119,4256 2163,4256 2208,4256 2253,4256 2298,4256 2342,4256 2387,4259 2432,4256 2477,4259 2522,4259 2566,4262 2611,4259 2656,4262 2701,4262 2745,4265 2790,4268 2793,4271"/>
                <TextEquiv>
                    <Unicode>sich zur Wärterin, die Zustimmend nickte.</Unicode>
                </TextEquiv>
            </TextLine>
        </TextRegion>
    </Page>
</PcGts>
