3331 4616
1935 284 3111 560 mit der eines Grund¬
1112 449 2835 712 Der Kranke liess die Hand des Arztes
877 666 2761 815 nicht los und fuhr mit der andern durch
890 805 2908 973 sein dichtes graues Haar. Der Arzt betrach-
898 926 2952 1140 tete ihn theilnahmsvoll; dann sagte er: “Al-
895 1127 2972 1275 so jetzt gute Nacht. Versuchen Sie zu schla-
880 1254 2603 1460 fen - ja?“ Er wollte sich entfernen.
1151 1432 2637 1579 „Herr Doktor!“, rief der Kranke.
1143 1566 2856 1752 "Nun, was giebt's denn? Haben Sie ir¬
890 1742 1752 1899 gendeinen Wunscht“
1148 1914 2892 2056 "Herr Doktor, ich weiss, es wird bald
888 2049 1540 2214 zu Ende sein.
1148 2203 2952 2394 "Unsinn! Es sind schon andere Leute ge-
893 2371 1600 2544 sund geworden."
1153 2490 2872 2701 "Herr Doktor, bitte sehr...nur noch
911 2686 1352 2856 ein Wort!
1182 2797 2802 3026 "Na, was wollen Sie Reden Sie nur.
916 2962 2750 3145 Er setzte sich zu ihm auf den Bettrand.
1171 3145 2954 3305 Also, die Sache ist nämlich, dass ich
913 3290 2853 3470 ganz gut, weiss, wie es mit mir steht." Er
918 3444 2970 3597 wehrte ein Wort, mit dem ihn der Arzt unter-
926 3648 2975 3795 brechen wollte, durch eine Handbewegung ab.-
944 3787 2838 3940 ‘Ja, und in dem Studium.... Na übrigens,
926 3891 2874 4136 ich habe ja Herrn Doktor gesagt, dass ich
921 4061 2322 4272 selbst Mediziner gewesen bin.
