3355 4696
860 426 1602 590 Schlafen kommt.
1117 569 2857 789 "Na, Herr Doktor, Sie wissen, es wird
850 762 2724 958 nicht ein Jeder.... Also ich bin gleich
850 892 2767 1109 fertig. Die Sache ist die: ich muss noch
852 1080 2769 1220 mit Jemandem reden, und zwar noch heute.
1107 1234 2891 1416 "Sie wissen, dass das nicht geht, also
852 1361 1819 1533 wO zu das Ganze    9
1099 1538 2835 1697 "Herr Doktor, Sie sind immer sehr gut
850 1686 2806 1861 zu mir gewesen. Sie wissen auch, dass ich
860 1816 2764 1999 soetwas von einem intelligenten Menschen
265 1814 768 2057 sazusagen,
860 1978 2798 2182 bin.... ja, obzwar ich nur ein Journalist
850 2163 2682 2287 bin....“ Er lachte.... "Also ich weiss
860 2293 2859 2502 wie's mit minsteht, und ich weiss, was ich
815 2494 2859 2637 will. Ich weiss ja auch, dass ich das nicht
810 2605 2939 2756 von Ihnen verlangen darf.... ja, ist mir Alles
858 2743 2793 2904 wohlbekannt. Aber sehen Sie, Herr Doktor,
863 2899 2851 3119 wenn es einmal ganz sicher ist, dass Einen
852 3098 2812 3246 übermorgen oder morgen die gewissen Herrn
823 3214 2767 3378 im weissen Killel hinaustragen, also wird
810 3368 2888 3582 Einem Manches egal... Ja, meiner Seel', mir
815 3556 2817 3730 ist ganz so, als dürft' ich alles Mögliche
821 3704 2634 3892 verlangen, und es wär' nicht einmal so
807 3873 1922 4029 frech, wie's ausschaut.
1093 3987 2846 4215 Der Arzt betrachtete den Kranken, der
