3384 4632
2968 281 3171 508 22
1119 460 2885 624 Werdenhauser schüttelte die Hände des
830 642 2749 819 Kranken, die er noch immer in den seinen
835 763 1148 955 hielt.
1124 907 2778 1103 "Nun erlauben Sie mir, Herr Werden-
830 1105 2971 1220 hauser", sagte der Doktor, "dass ich als Arzt
824 1223 2732 1410 die Bitte an Sie richte, die Unterredung
827 1378 2877 1566 nicht länger als auf eine Viertelstunde
822 1560 2963 1699 auszudehnen. Wenn Sie mir erlauben, komme ich
827 1710 2928 1849 selbst zu der entsprechenden Zeit wieder und
816 1873 1852 2018 geleite Sie hinunter."
1089 1970 2960 2152 Werdenhauser erhob sich und reichte dem
816 2152 2810 2320 Doktor die Hand. “Ich danke Ihnen sehr für
822 2312 2358 2454 die Mühe, die Sie sich genommen.
1887 2427 2186 2534 bruken
1124 2481 2933 2623 “Aber, aber!... das### muss ich vielmehr,
814 2607 2315 2805 dass Sie so rasch bereit waren."
1089 2767 2818 2939 Rademacher hatte eine unsagbare Lust
806 2920 2957 3123 zu lachen. Die Höflichkeitsphrasen der Beiden
798 3094 2874 3268 an seinem Bette erschienen ihm von einer un-
803 3244 2939 3391 begreiflichen, beinahe grossartigen Komik. Er
803 3431 2802 3551 fühlte in diesem Augenblick, um wieviel er
798 3575 2898 3685 mehr war als diese, einfach dadurch, dass er
798 3736 1879 3878 morgen sterben musste.
1065 3854 2944 4063 Der Arzt ging, Werdenhauser setzte sich
803 4017 2912 4178 wieder aufs Bett, knöpfte seinen Ueberzieher
