3352 4664
2852 274 3038 567 26
873 442 1842 668 nicht so grossartig.
1174 644 2822 951 "Na, na", sagte Werdenhauser und lä
863 780 1225 980 chelte.
1156 1028 2913 1254 “Also, um zur Sache zu kommen, Werden
847 1185 2913 1387 hauser: ich habe Dich immer gehasst und has¬
844 1342 2769 1515 se Dich auch noch heute, so wie Du mich.
1134 1496 2905 1640 "O mein lieber Rademacher“, sagte Wer¬
844 1640 2939 1853 denhauser ganz einfach und kühl, "jetzt könn¬
836 1795 2971 2034 te ich vielleicht die Bemerkung von der Gross-
815 1946 1616 2066 artigkeit wagen."
1156 2111 2934 2303 'Ach Gott, die Sache ist nun einmal so,
812 2268 2828 2452 und nebstbei ist es die banalste Sache von
807 2420 2873 2620 der Welt... ich Dich, nun, weil ick Dich be-
804 2591 2737 2772 neidet habe wahrscheinlich - und Du mich,
793 2724 2918 2937 weil Du es gefühlt hast - ich Dich, weil Du'
807 2886 2894 3083 immer besser gehabt hast und doch eigentlich
788 3035 2910 3179 nicht mehr warst als ich... Du magst ja mehr
783 3174 2710 3395 Talent gehabt haben, geb' ich zu.... ja
769 3347 2881 3554 aber ich versichere Dich, da wo wir sind, in
780 3507 2742 3706 den Tiefen sind die Unterschiede wirklich
767 3653 2809 3887 nicht von Bedeutung... Du kannst vielleicht
777 3815 2774 4031 ein bisschen mehr.... viel mehr..... ja....
1073 3980 2929 4140 "Ich danke Dir vielmals, dass Du das zu-
751 4090 2556 4313 giebst." Er lächelte vornehm und kühl.
