3384 4696
2905 266 3026 521 De
848 424 2994 706 te sich zurück, die Hände unter dem Kopf. Wer-
843 618 3005 838 denhauser war unmerklich zusammengezuckt, dann
838 814 2900 991 sass er regungslos. Dann strich er sich ein-
816 937 2945 1165 mal mit der linken Hand über die Stirne. End-
814 1117 2972 1294 lich sagte er: "Ich halte es auch für möglich,
816 1240 1501 1420 dass Du lügst.
1079 1407 2873 1606 Rademacher schüttelte den Kopf. "Nein,
797 1552 2779 1764 nein.... Im übrigen, wenn es Dir beliebt,
789 1735 2806 1885 mache ich Dich zu meinem Universalerben....
792 1898 2876 2059 ja, da erbst Du allerlei... da erbest Du auch
795 2011 2792 2215 die Briefe, die mir Deine Frau geschrieben
776 2180 1010 2336 hat.
1071 2320 2741 2510 “Nun ja“, sagte Werdenhauser, “dann
773 2500 2894 2698 wird es ja wol so sein." Er betrachtete Rade-
763 2637 1399 2784 macher starr.
1079 2814 2835 3026 „Willst Du mehr wissen?", fragte Rade-
744 2921 1112 3112 macher.
1044 3088 2876 3300 "Ob ich nun will oder nicht“, erwiderte
741 3243 2782 3448 Werdenhauser mit einem sonderbaren Lächeln,
768 3434 2787 3606 da Du mich hast rufen lassen, um es mir zu
744 3568 1337 3738 erzählen....
991 3713 2717 3944 Rademacher zögerte. Gegenüber dieser
725 3899 2811 4092 gleichgiltigen Haltung, wenn sie auch nur ge-
725 4028 2854 4312 spielt sein mochte, fühlte er allmälig seine
