3339 4664
808 384 2740 565 Wunsch? Soll man irgendjemand schreiben?"
1238 580 2838 769 „Herr Doktor, Sie sind sehr gütig.
815 735 2712 880 Aber sehen Sie, ich habe keine Angst vor
815 885 2890 1058 dem Sterben oder wenigstens vor dem Totsein.
808 1060 2869 1200 Eher hätt' ich Angst vor dem Gesundwerden.
1045 1192 2817 1380 "Das ist eine sehr berechtigte Angst.'
1047 1342 2841 1499 "Na, Herr Doktor, wollen Sie das nicht
800 1502 2797 1662 lieber beiseite lassen? Entschuldigen Sie,
815 1672 2077 1791 wenn ich so zu Ihnen rede."
1047 1821 2828 1958 "Nun?" sagte der Arzt ein wenig unge¬
808 1971 2686 2141 duldig, da der Kranke plötzlich schwieg.
1050 2113 2841 2301 "Ja, ich muss Jemand sprechen, irgend-
797 2265 2758 2448 Jemand... sehr dringend...Darum handelt es
808 2448 1649 2616 sich, das ist es.
1053 2603 2846 2766 "Nun gut, so schreiben Sie dem Betref-
797 2732 2704 2892 fenden, er möge Sie morgen zwischen halb
818 2900 2629 3081 vier und vier Uhr Nachmittag besuchen.
1058 3055 2503 3222 "Herr Doktor, das ist zu spät."
1053 3228 1478 3390 "Unsinn!"
1081 3372 2905 3553 Herr Doktor, es kann zu spät sein. Ich
818 3517 2768 3713 weiss sehr gut, schon gestern war ich zum
823 3666 2807 3852 Verlöschen... Ja, morgen Früh kann es aus
808 3834 1078 4033 sein."
1053 3976 2740 4234 "Lieber Herr Rademacher, ich wieder-
