3395 4296
173 367 1813 637 — M wenn ist nicht storben.
155 601 1385 870 Maihen in der Doktor. -
291 690 2708 1097 d mit mehrt im Novemiss. - (Vyere.)
723 1079 892 1302 7
241 1100 676 1309 &c
223 1212 1600 1564 zu folgen auf d Marleins
399 1341 2719 1712 an den voll. Glaub nie zu hoffe gewasst
173 1705 1165 1978 Krochen einzuladen.
270 1697 2766 2176 Sie setzlich mit den Loktor erlehrt daß ich
216 1949 3114 2417 dss er sterben mehr. - Mensch d Acht Mechenlaut.
151 2348 1777 2676 Ie m aigt meer it ande.
237 2499 1805 2870 Sie mei indell sonstbar aufge¬
259 2748 1651 3039 at andre aergedi
