3339 4888
2846 405 3011 611 31
803 570 2816 813 beigesehnt. xxxx dass er das Bedürfniss ge-
803 781 2832 967 fühlt hatte, diesen Menschen zu vernichten.
800 932 2859 1081 Und er wusste, dass es ihm ebenso gleichgil-
800 1111 2921 1273 tig gewesen wäre, wenn er ihn hätte davonstür
792 1232 2789 1408 zer sehen, um seine Gattin zu ermorden. Es
797 1397 2857 1554 war ihn, als wenn er vor ein paar Minu-
797 1535 2884 1689 ten mit dem Herrn, der hier auf seinem Bette
843 1689 2805 1927 sass, eine Komödienscene aufgeführt hätte,
789 1900 2886 2027 die nun vorüber war, ohne den geringsten Ein-
792 2027 2762 2178 druck zu hinterlassen. Sein Partner würde
789 2138 2830 2343 wieder aufstehen und sich zurückbegeben im
770 2286 2938 2473 Leben, das für ihn, der dalag, ohne das gering
778 2435 2819 2651 ste Interesse war, zu Menschen, die er nie-
776 2611 2859 2770 mals erblicken würde, in eine Welt, die mor-
765 2805 2859 2957 gen für ihn schon auf ewig versunken ist. Er
781 2946 2784 3084 kam sich nicht einmal lächerlich vor.
776 3075 2911 3246 Ihm war, als schwebten die Worte, die er noch
792 3227 2775 3429 vor Kurzem selbst gesprochen, in der Luft,
781 3381 2784 3570 ohne Sinn, ohne Gehalt, nichtig wie Alles,
786 3538 2243 3727 was mit dem Leben zusammenhing.
1035 3686 2413 3894 Es war ganz still im Zimmer.
1054 3835 2694 4051 Werdenhauser sah auf die Uhr. “Die
776 3994 2670 4205 Viertelstunde ist noch nicht um, und es
773 4183 2884 4438 scheint, wir haben uns nichts mehr zu sagen."
