3339 4328
201 278 2602 578 hier zu denen Frau, Frau sei.. G sehr sei, so ste bei
70 482 757 696 mir bist.
160 613 1804 872 nen. Sie ist ein Theater. (2)
77 830 2647 1076 Als. sagen ihn ich nach der
67 999 2468 1267 zum Universelnk machen; nach ein
70 1197 1874 1513 an Papio sie einführe Kirche.
137 1417 1319 1705 2f verzügte darauf...
172 1561 2490 1832 (Mollt die dem Dank entlasten? Man sehr
176 1781 974 1999 nicht geleichtet
160 1906 1689 2180 Ohnein, den will ich belasten.
367 2107 2602 2337 nicht nach Hause. war soll in Chim Erdank,
220 2263 2596 2573 auglaßt ist das alte?Zum der Todes¬
214 2481 2468 2762 lin. D auszulösen Lehnen. Ich
220 2675 2548 2934 soll ich ein Siem machen!.  Marien...  Ausüp
