3120 4872
2774 502 2974 751 35
772 644 2769 925 dass er hinging und sich wieder einmal als
756 847 2870 1096 Sieger fühlte, und er hatte ja Recht, denn er
746 994 2707 1195 lebte. Aber Rademacher beneidete ihn auch
735 1171 2846 1355 nicht mehr. Er fühlte, wie alle Kraft der Em-
740 1280 2841 1507 pfindung unter einer ungeheuren Gleichgiltig-
722 1467 2870 1694 keit in ihm dahinstarb. Er schlief diese letz-
727 1620 2798 1777 te Nacht traumlos und tief. Am nächsten Mor¬
711 1780 2857 1948 gen erinnerte er sich nicht mehr, was gestern
722 1932 2779 2098 Abend geschehen war, und noch bevor die Mit-
700 2074 2159 2261 tagsglocke tönte, war er tot. -
943 2371 1462 2536 --oo000----
486 2555 866 2801 durch
1288 2584 2769 2860 Sinn mein let ich dat kein ein
1192 2766 1526 2972 geführt.
564 4484 1120 4669 RÜWALD
