3347 4696
2884 383 3030 581 11
859 543 1423 733 gesprochen.“
1096 720 2372 911 “Nun also“, sagte der Arzt.
1101 870 2691 1062 “Aber grade deswegen.... Ach Gott,
839 1037 2755 1207 Herr Doktor, ich kann Ihnen das nicht so
857 1235 1441 1348 erklären....
1088 1320 2866 1525 “Es ist überhaupt ein Unrecht von mir,
831 1536 2693 1682 dass ich Sie so viel reden lasse.- Gute
828 1695 2850 1842 Nacht. Morgen reden wir weiter über die Sa-
833 1857 2830 1983 che. Und wenn es Ihnen Recht ist, schreibe
831 2007 2897 2153 ich selbst heute noch an Herrn Werdenhauser,
813 2197 2876 2308 den ich zufällig persönlich kenne, eine Kar-
826 2320 1014 2428 te.
1047 2410 2894 2606 Der Kranke hob beide Hände in die Höhe.
815 2614 2747 2794 Er sass plötzlich ganz frei, und er rief:
823 2807 2722 2902 "Herr Doktor, holen sie ihn... holen Sie
823 2871 1037 3041 ihn!
1060 3023 2935 3246 “Herr Rademacher, Aber Sie sind.... ja...
800 3246 1695 3365 na... gute Nacht!"
1057 3424 2729 3537 "Herr Doktor, ich weiss ja ganz gut:
803 3571 2776 3689 es ist unverschämt, was ich verlange. Aber
797 3761 2704 3931 sehen Sie, Sie sind doch ein Mensch, Sie
790 3910 2835 4021 fassen die Dinge menschlich auf, nicht
787 4065 2799 4260 nach der Schablone... Nicht wahr, Herr Dok-
787 4224 2727 4389 tor, es kommt nicht grade darauf an, dass
