3331 4696
859 453 2898 588 hole: aus Ihnen spricht das Fieber. Sie wa-
859 619 2890 729 ren gestern eine Weile bewusstlos - nun ja,
859 775 2916 944 bei Ihrem Ernährungszustand ist ja das kein
862 918 1652 1113 Wunder, aber....'
1105 1072 2893 1251 "Herr Doktor, vor drei Tagen oder vier
885 1222 2749 1386 .... oder ist's schon eine Woche....?....
859 1378 2754 1542 Ich kenn' mich garnimmer aus... wahrhaf-
867 1514 2545 1719 tig, ich kenn' mich nimmer aus....“
1097 1680 2808 1854 "Nun, was denn?", sagte der Arzt und
857 1852 2100 2010 stand zum Weggehen bereit.
1110 1997 2785 2153 "Da drüber auf vierzehn ist er gele-
857 2128 2685 2294 gen, Herr Doktor, auch mit der Schwind-
857 2322 2752 2468 sucht - erinnern Sie sich? Bärber hat er
852 2488 2859 2627 geheissen... der ist gestorben während dem
852 2616 2852 2747 Zeitungslesen... Ja, meiner Seel', um zwei
857 2772 2816 2926 hab' ich noch mit ihm geredet und um drei
859 2913 2754 3064 hat er das Abendblatt in der Hand gehabt
867 3066 2210 3256 und um halb vier war er tot."
1115 3220 2384 3435 "Ja, ja... Also gute Nacht.
1110 3378 1887 3560 "Herr Doktor....“
1123 3560 2783 3726 "Ja, mein lieber Freund, Sie dürfen
859 3713 2893 3882 mir nicht bös sein, aber ich habe noch drei
854 3844 2800 4023 Zimmer. Wenn mich Jeder so lange aufhält,
859 4015 2813 4228 rechnen Sie sich aus, wann ich selber zum
