<?xml version="1.0" encoding="UTF-8" standalone="yes"?>
<PcGts xmlns="http://schema.primaresearch.org/PAGE/gts/pagecontent/2013-07-15" xmlns:xsi="http://www.w3.org/2001/XMLSchema-instance" xsi:schemaLocation="http://schema.primaresearch.org/PAGE/gts/pagecontent/2013-07-15 http://schema.primaresearch.org/PAGE/gts/pagecontent/2013-07-15/pagecontent.xsd">
    <Metadata>
        <Creator>prov=READ-COOP:name=TrHtr:version=2.1.0:model_id=51170:date=28_07_2023_20:23</Creator>
        <Created>2023-05-10T11:53:21.727+02:00</Created>
        <LastChange>2023-07-28T20:23:50.622+02:00</LastChange>
        <TranskribusMetadata docId="1428174" pageId="55393802" pageNr="68" tsid="131375437" status="IN_PROGRESS" userId="64420" imgUrl="https://files.transkribus.eu/Get?id=KGSFRDOFCUORCXOLWPARKEPL&amp;fileType=view" xmlUrl="https://files.transkribus.eu/Get?id=ACOWNVMBFWGHGOWMJEOAPNIK" imageId="44668687"/>
    </Metadata>
    <Page imageFilename="1428174_0068.jpg" imageWidth="3464" imageHeight="4632">
        <ReadingOrder>
            <OrderedGroup id="ro_1711801830329" caption="Regions reading order">
                <RegionRefIndexed index="0" regionRef="tr_2"/>
                <RegionRefIndexed index="1" regionRef="tr_3"/>
                <RegionRefIndexed index="2" regionRef="tr_1"/>
            </OrderedGroup>
        </ReadingOrder>
        <TextRegion id="tr_2" custom="readingOrder {index:0;}">
            <Coords points="955,466 3133,466 3133,1708 955,1708"/>
            <TextLine id="tr_2_tl_1" custom="readingOrder {index:0;}">
                <Coords points="990,573 2975,646 2964,422 2881,404 2467,514 985,457"/>
                <Baseline points="1002,516 1047,516 1092,519 1137,522 1181,525 1226,525 1271,528 1316,531 1360,534 1405,534 1450,540 1495,540 1540,543 1584,546 1629,549 1674,549 1719,552 1763,552 1808,555 1853,558 1898,561 1942,564 1987,564 2032,567 2077,570 2122,570 2166,573 2211,576 2256,576 2301,579 2345,581 2390,584 2435,587 2480,593 2524,593 2569,593 2614,596 2659,599 2703,599 2748,602 2793,605 2838,605 2883,608 2927,611 2972,617 2981,620"/>
                <TextEquiv>
                    <Unicode>zen Hut in der Hand. Rademacher glaubte zu</Unicode>
                </TextEquiv>
            </TextLine>
            <TextLine id="tr_2_tl_2" custom="readingOrder {index:1;}">
                <Coords points="974,753 3067,794 3061,705 2706,629 2475,683 968,608"/>
                <Baseline points="987,668 1032,665 1077,671 1122,674 1166,674 1211,677 1256,680 1301,683 1346,686 1390,692 1435,695 1480,695 1525,698 1569,701 1614,701 1659,701 1704,704 1748,707 1793,707 1838,710 1883,713 1928,713 1972,716 2017,719 2062,722 2107,725 2151,722 2196,725 2241,728 2286,731 2330,731 2375,734 2420,737 2465,740 2509,743 2554,746 2599,746 2644,746 2689,749 2733,755 2778,758 2823,761 2868,764 2912,764 2957,764 3002,767 3047,770 3071,772"/>
                <TextEquiv>
                    <Unicode>bemerken, wie sich Werdenhauser bemühte, mit</Unicode>
                </TextEquiv>
            </TextLine>
            <TextLine id="tr_2_tl_3" custom="readingOrder {index:2;}">
                <Coords points="985,915 1808,874 3126,944 3120,847 2927,804 976,751"/>
                <Baseline points="993,826 1038,823 1083,826 1128,829 1172,832 1217,832 1262,835 1307,838 1351,838 1396,841 1441,844 1486,847 1531,850 1575,850 1620,850 1665,853 1710,856 1754,859 1799,859 1844,862 1889,865 1933,865 1978,868 2023,874 2068,874 2113,877 2157,880 2202,880 2247,883 2292,886 2336,886 2381,889 2426,889 2471,892 2515,895 2560,898 2605,898 2650,904 2695,904 2739,907 2784,910 2829,913 2874,913 2918,913 2963,916 3008,919 3053,919 3097,919 3133,922"/>
                <TextEquiv>
                    <Unicode>seinem Blick das Dunkel zu durchdringen. Jetzt</Unicode>
                </TextEquiv>
            </TextLine>
            <TextLine id="tr_2_tl_4" custom="readingOrder {index:3;}">
                <Coords points="966,995 1552,1081 2956,1081 2951,963 963,907"/>
                <Baseline points="981,978 1026,978 1071,978 1116,981 1160,984 1205,987 1250,987 1295,990 1340,993 1384,996 1429,999 1474,999 1519,1002 1563,1005 1608,1008 1653,1011 1698,1011 1742,1011 1787,1014 1832,1014 1877,1017 1922,1020 1966,1023 2011,1026 2056,1029 2101,1029 2145,1032 2190,1032 2235,1035 2280,1035 2324,1038 2369,1041 2414,1044 2459,1044 2504,1047 2548,1050 2593,1050 2638,1053 2683,1059 2727,1059 2772,1059 2817,1059 2862,1062 2906,1062 2951,1065 2960,1068"/>
                <TextEquiv>
                    <Unicode>trat die Wärterin mit dem Licht herbei und</Unicode>
                </TextEquiv>
            </TextLine>
            <TextLine id="tr_2_tl_5" custom="readingOrder {index:4;}">
                <Coords points="963,1167 1380,1237 2023,1197 2346,1275 3032,1235 3026,1130 2682,1095 2620,1146 1837,1071 960,1100"/>
                <Baseline points="975,1128 1020,1134 1065,1134 1110,1140 1155,1140 1199,1143 1244,1146 1289,1149 1334,1152 1378,1152 1423,1155 1468,1155 1513,1155 1557,1158 1602,1160 1647,1163 1692,1163 1737,1166 1781,1169 1826,1172 1871,1172 1916,1178 1960,1178 2005,1178 2050,1181 2095,1184 2139,1187 2184,1187 2229,1187 2274,1190 2318,1193 2363,1196 2408,1199 2453,1199 2498,1202 2542,1205 2587,1205 2632,1208 2677,1208 2721,1211 2766,1214 2811,1214 2856,1214 2900,1220 2945,1220 2990,1223 3035,1220"/>
                <TextEquiv>
                    <Unicode>stellte es auf einen Wink des Arztes auf das</Unicode>
                </TextEquiv>
            </TextLine>
            <TextLine id="tr_2_tl_6" custom="readingOrder {index:5;}">
                <Coords points="947,1342 2972,1418 2967,1297 2865,1283 942,1224"/>
                <Baseline points="958,1286 1002,1286 1047,1289 1092,1292 1137,1292 1181,1295 1226,1295 1271,1298 1316,1301 1360,1304 1405,1304 1450,1307 1495,1310 1540,1310 1584,1313 1629,1316 1674,1319 1719,1322 1763,1322 1808,1325 1853,1328 1898,1331 1942,1334 1987,1334 2032,1337 2077,1337 2122,1340 2166,1340 2211,1343 2256,1346 2301,1346 2345,1349 2390,1351 2435,1351 2480,1354 2524,1357 2569,1360 2614,1360 2659,1363 2703,1363 2748,1366 2793,1369 2838,1369 2883,1372 2927,1375 2972,1381 2978,1381"/>
                <TextEquiv>
                    <Unicode>kleine Nachtkästchen zu Häupten des Bettes.</Unicode>
                </TextEquiv>
            </TextLine>
            <TextLine id="tr_2_tl_7" custom="readingOrder {index:6;}">
                <Coords points="944,1490 3094,1574 3088,1431 2876,1407 939,1388"/>
                <Baseline points="955,1441 999,1444 1044,1444 1089,1447 1134,1447 1178,1450 1223,1453 1268,1456 1313,1459 1357,1459 1402,1462 1447,1465 1492,1465 1537,1465 1581,1471 1626,1471 1671,1474 1716,1477 1760,1477 1805,1480 1850,1480 1895,1483 1939,1486 1984,1489 2029,1492 2074,1492 2119,1495 2163,1498 2208,1498 2253,1501 2298,1504 2342,1513 2387,1516 2432,1522 2477,1522 2521,1525 2566,1528 2611,1528 2656,1531 2701,1531 2745,1528 2790,1531 2835,1531 2880,1531 2924,1534 2969,1534 3014,1534 3059,1534 3097,1528"/>
                <TextEquiv>
                    <Unicode>Ein voller Schein fiel auf das Gesicht</Unicode>
                </TextEquiv>
            </TextLine>
            <TextLine id="tr_2_tl_8" custom="readingOrder {index:7;}">
                <Coords points="944,1649 2835,1684 3013,1743 3005,1574 939,1541"/>
                <Baseline points="955,1599 999,1602 1044,1602 1089,1608 1134,1608 1178,1608 1223,1611 1268,1611 1313,1614 1357,1614 1402,1617 1447,1620 1492,1623 1537,1626 1581,1629 1626,1632 1671,1632 1716,1632 1760,1635 1805,1635 1850,1635 1895,1641 1939,1641 1984,1644 2029,1647 2074,1650 2119,1653 2163,1653 2208,1656 2253,1656 2298,1659 2342,1662 2387,1662 2432,1665 2477,1668 2521,1674 2566,1674 2611,1677 2656,1680 2701,1680 2745,1680 2790,1686 2835,1686 2880,1689 2924,1692 2969,1692 3014,1698 3017,1698"/>
                <TextEquiv>
                    <Unicode>des Besuchers. Rademacher wunderte sich, wie</Unicode>
                </TextEquiv>
            </TextLine>
        </TextRegion>
        <TextRegion id="tr_3" custom="readingOrder {index:1;}">
            <Coords points="895,1710 3091,1710 3091,2946 895,2946"/>
            <TextLine id="tr_3_tl_1" custom="readingOrder {index:0;}">
                <Coords points="931,1837 1197,1783 2894,1870 2873,1740 923,1684"/>
                <Baseline points="940,1766 984,1760 1029,1763 1074,1763 1119,1763 1163,1763 1208,1763 1253,1766 1298,1766 1343,1769 1387,1769 1432,1775 1477,1775 1522,1781 1566,1781 1611,1781 1656,1787 1701,1787 1745,1787 1790,1790 1835,1793 1880,1793 1925,1796 1969,1799 2014,1802 2059,1805 2104,1805 2148,1808 2193,1811 2238,1811 2283,1814 2327,1817 2372,1817 2417,1820 2462,1820 2507,1823 2551,1826 2596,1826 2641,1829 2686,1832 2730,1832 2775,1835 2820,1841 2865,1844 2897,1844"/>
                <TextEquiv>
                    <Unicode>jugendlich Werdenhauser noch immer aussah,</Unicode>
                </TextEquiv>
            </TextLine>
            <TextLine id="tr_3_tl_2" custom="readingOrder {index:1;}">
                <Coords points="928,1977 3085,2020 3032,1915 923,1840"/>
                <Baseline points="940,1910 984,1913 1029,1913 1074,1919 1119,1922 1163,1922 1208,1922 1253,1922 1298,1925 1343,1925 1387,1928 1432,1930 1477,1933 1522,1936 1566,1936 1611,1939 1656,1939 1701,1942 1745,1942 1790,1945 1835,1948 1880,1951 1925,1954 1969,1957 2014,1957 2059,1960 2104,1963 2148,1963 2193,1966 2238,1966 2283,1969 2327,1969 2372,1972 2417,1972 2462,1975 2507,1978 2551,1981 2596,1984 2641,1984 2686,1987 2730,1990 2775,1993 2820,1996 2865,1996 2909,1996 2954,1996 2999,1999 3044,1999 3088,2002 3091,2002"/>
                <TextEquiv>
                    <Unicode>der gerade so alt war wie er selbst. Der grau</Unicode>
                </TextEquiv>
            </TextLine>
            <TextLine id="tr_3_tl_3" custom="readingOrder {index:2;}">
                <Coords points="904,2069 3010,2200 3005,2063 2682,2020 901,2009"/>
                <Baseline points="919,2065 964,2062 1008,2065 1053,2068 1098,2071 1143,2074 1187,2077 1232,2077 1277,2077 1322,2080 1366,2083 1411,2086 1456,2086 1501,2089 1545,2092 1590,2092 1635,2095 1680,2098 1725,2098 1769,2101 1814,2104 1859,2107 1904,2107 1948,2110 1993,2110 2038,2113 2083,2116 2127,2116 2172,2119 2217,2122 2262,2122 2307,2124 2351,2127 2396,2130 2441,2130 2486,2133 2530,2133 2575,2136 2620,2139 2665,2139 2709,2139 2754,2142 2799,2145 2844,2148 2889,2151 2933,2151 2978,2151 3014,2154"/>
                <TextEquiv>
                    <Unicode>Bart wirkte fast wie eine Koketterie. Mit ei-</Unicode>
                </TextEquiv>
            </TextLine>
            <TextLine id="tr_3_tl_4" custom="readingOrder {index:3;}">
                <Coords points="907,2252 1797,2273 1969,2343 3007,2316 2951,2195 904,2163"/>
                <Baseline points="922,2220 966,2220 1011,2220 1056,2223 1101,2223 1146,2229 1190,2229 1235,2229 1280,2232 1325,2235 1369,2235 1414,2238 1459,2241 1504,2244 1548,2244 1593,2247 1638,2247 1683,2250 1728,2250 1772,2253 1817,2256 1862,2259 1907,2262 1951,2262 1996,2265 2041,2265 2086,2268 2130,2271 2175,2274 2220,2277 2265,2280 2310,2280 2354,2283 2399,2283 2444,2286 2489,2289 2533,2289 2578,2292 2623,2292 2668,2295 2712,2295 2757,2298 2802,2301 2847,2301 2892,2304 2936,2304 2981,2304 3014,2301"/>
                <TextEquiv>
                    <Unicode>ner beinahe wollüstigen Neugier wartete Rade-</Unicode>
                </TextEquiv>
            </TextLine>
            <TextLine id="tr_3_tl_5" custom="readingOrder {index:4;}">
                <Coords points="893,2443 1418,2405 2913,2496 2873,2346 885,2295"/>
                <Baseline points="904,2372 949,2372 993,2372 1038,2375 1083,2378 1128,2381 1172,2384 1217,2390 1262,2387 1307,2390 1351,2390 1396,2393 1441,2396 1486,2396 1531,2396 1575,2399 1620,2402 1665,2402 1710,2405 1754,2408 1799,2411 1844,2414 1889,2417 1933,2417 1978,2420 2023,2423 2068,2423 2113,2429 2157,2432 2202,2432 2247,2435 2292,2435 2336,2435 2381,2438 2426,2438 2471,2441 2515,2441 2560,2444 2605,2444 2650,2447 2695,2447 2739,2450 2784,2453 2829,2456 2874,2459 2918,2465 2921,2465"/>
                <TextEquiv>
                    <Unicode>macher auf die ersten Worte, die Werdenhau-</Unicode>
                </TextEquiv>
            </TextLine>
            <TextLine id="tr_3_tl_6" custom="readingOrder {index:5;}">
                <Coords points="890,2545 2889,2625 2846,2504 888,2475"/>
                <Baseline points="904,2530 949,2527 993,2530 1038,2533 1083,2536 1128,2539 1172,2539 1217,2539 1262,2542 1307,2545 1351,2545 1396,2548 1441,2548 1486,2551 1531,2554 1575,2557 1620,2560 1665,2560 1710,2563 1754,2563 1799,2566 1844,2569 1889,2572 1933,2572 1978,2575 2023,2581 2068,2581 2113,2581 2157,2584 2202,2587 2247,2587 2292,2587 2336,2590 2381,2593 2426,2593 2471,2596 2515,2599 2560,2599 2605,2602 2650,2605 2695,2605 2739,2605 2784,2608 2829,2611 2874,2614 2895,2617"/>
                <TextEquiv>
                    <Unicode>ser an ihn richten würde, und lächelte wie</Unicode>
                </TextEquiv>
            </TextLine>
            <TextLine id="tr_3_tl_7" custom="readingOrder {index:6;}">
                <Coords points="896,2722 2943,2792 2859,2682 2615,2658 893,2617"/>
                <Baseline points="910,2683 955,2683 999,2686 1044,2689 1089,2692 1134,2692 1178,2698 1223,2698 1268,2701 1313,2701 1357,2701 1402,2703 1447,2706 1492,2706 1537,2709 1581,2712 1626,2715 1671,2715 1716,2718 1760,2718 1805,2721 1850,2724 1895,2727 1939,2730 1984,2730 2029,2733 2074,2736 2119,2736 2163,2742 2208,2742 2253,2742 2298,2742 2342,2745 2387,2745 2432,2748 2477,2751 2521,2751 2566,2754 2611,2754 2656,2757 2701,2760 2745,2760 2790,2763 2835,2766 2880,2766 2924,2769 2948,2772"/>
                <TextEquiv>
                    <Unicode>im Vorgeschmack. Und jetzt sprach Werdenhau-</Unicode>
                </TextEquiv>
            </TextLine>
            <TextLine id="tr_3_tl_8" custom="readingOrder {index:7;}">
                <Coords points="880,2851 2935,2981 2929,2843 2784,2779 2093,2830 874,2757"/>
                <Baseline points="895,2838 940,2838 984,2844 1029,2847 1074,2850 1119,2850 1163,2853 1208,2853 1253,2856 1298,2856 1343,2856 1387,2859 1432,2862 1477,2865 1522,2871 1566,2868 1611,2871 1656,2871 1701,2874 1745,2874 1790,2877 1835,2880 1880,2880 1925,2883 1969,2886 2014,2886 2059,2889 2104,2889 2148,2892 2193,2895 2238,2897 2283,2897 2327,2900 2372,2900 2417,2903 2462,2909 2507,2909 2551,2912 2596,2915 2641,2915 2686,2918 2730,2921 2775,2924 2820,2927 2865,2927 2909,2930 2939,2936"/>
                <TextEquiv>
                    <Unicode>ser, indem er dem Kranken beide Hände entge-</Unicode>
                </TextEquiv>
            </TextLine>
        </TextRegion>
        <TextRegion id="tr_1" custom="readingOrder {index:2;}">
            <Coords points="841,2949 3020,2949 3020,4128 841,4128"/>
            <TextLine id="tr_1_tl_1" custom="readingOrder {index:0;}">
                <Coords points="866,3050 3013,3102 3007,2959 1453,2967 858,2894"/>
                <Baseline points="877,3005 922,3002 966,2999 1011,3002 1056,3002 1101,3005 1146,3005 1190,3008 1235,3008 1280,3011 1325,3014 1369,3017 1414,3017 1459,3020 1504,3020 1548,3023 1593,3026 1638,3026 1683,3029 1728,3029 1772,3032 1817,3035 1862,3038 1907,3038 1951,3041 1996,3041 2041,3044 2086,3044 2130,3047 2175,3047 2220,3050 2265,3053 2310,3056 2354,3059 2399,3059 2444,3062 2489,3065 2533,3065 2578,3068 2623,3068 2668,3071 2712,3074 2757,3077 2802,3080 2847,3083 2892,3083 2936,3083 2981,3083 3020,3086"/>
                <TextEquiv>
                    <Unicode>genstreckte und sich auf das Fussende des Bet-</Unicode>
                </TextEquiv>
            </TextLine>
            <TextLine id="tr_1_tl_2" custom="readingOrder {index:1;}">
                <Coords points="872,3204 2935,3263 2927,3112 866,3083"/>
                <Baseline points="883,3151 928,3151 972,3154 1017,3157 1062,3157 1107,3160 1152,3160 1196,3163 1241,3163 1286,3166 1331,3169 1375,3169 1420,3178 1465,3178 1510,3178 1554,3181 1599,3184 1644,3184 1689,3187 1734,3187 1778,3190 1823,3193 1868,3193 1913,3196 1957,3199 2002,3199 2047,3202 2092,3202 2136,3208 2181,3208 2226,3211 2271,3214 2316,3217 2360,3220 2405,3220 2450,3223 2495,3226 2539,3232 2584,3232 2629,3232 2674,3232 2718,3235 2763,3235 2808,3238 2853,3241 2897,3247 2939,3250"/>
                <TextEquiv>
                    <Unicode>tes setzte: "Ist es möglich.... nein, nein..</Unicode>
                </TextEquiv>
            </TextLine>
            <TextLine id="tr_1_tl_3" custom="readingOrder {index:2;}">
                <Coords points="893,3389 2911,3432 2873,3282 1670,3231 888,3279"/>
                <Baseline points="904,3312 949,3309 993,3315 1038,3315 1083,3315 1128,3318 1172,3321 1217,3321 1262,3324 1307,3330 1351,3327 1396,3330 1441,3333 1486,3333 1531,3336 1575,3336 1620,3339 1665,3339 1710,3342 1754,3345 1799,3345 1844,3345 1889,3348 1933,3351 1978,3354 2023,3354 2068,3357 2113,3360 2157,3363 2202,3366 2247,3366 2292,3369 2336,3372 2381,3375 2426,3375 2471,3378 2515,3384 2560,3384 2605,3387 2650,3390 2695,3393 2739,3393 2784,3396 2829,3399 2874,3405 2918,3402"/>
                <TextEquiv>
                    <Unicode>... Ja, mein lieber alter Freund, weisst Du,</Unicode>
                </TextEquiv>
            </TextLine>
            <TextLine id="tr_1_tl_4" custom="readingOrder {index:3;}">
                <Coords points="855,3556 1743,3513 2849,3588 2841,3449 2752,3414 2502,3467 1315,3360 847,3387"/>
                <Baseline points="868,3459 913,3462 958,3465 1002,3468 1047,3471 1092,3474 1137,3476 1181,3476 1226,3479 1271,3482 1316,3485 1360,3485 1405,3491 1450,3491 1495,3491 1540,3491 1584,3494 1629,3494 1674,3497 1719,3497 1763,3500 1808,3503 1853,3503 1898,3506 1942,3509 1987,3512 2032,3512 2077,3515 2122,3518 2166,3518 2211,3521 2256,3524 2301,3527 2345,3530 2390,3533 2435,3533 2480,3536 2524,3539 2569,3545 2614,3545 2659,3548 2703,3551 2748,3551 2793,3554 2838,3554 2853,3554"/>
                <TextEquiv>
                    <Unicode>dass ich eigentlich allen Grund hätte, Dir</Unicode>
                </TextEquiv>
            </TextLine>
            <TextLine id="tr_1_tl_5" custom="readingOrder {index:4;}">
                <Coords points="850,3672 976,3685 1049,3656 1181,3693 1229,3661 1310,3661 1393,3704 1463,3650 1506,3661 1504,3575 1453,3553 1326,3580 1275,3548 1176,3583 928,3535 845,3553"/>
                <Baseline points="862,3614 907,3617 952,3620 996,3623 1041,3626 1086,3629 1131,3632 1175,3632 1220,3635 1265,3638 1310,3638 1354,3641 1399,3641 1444,3641 1489,3641 1510,3650"/>
                <TextEquiv>
                    <Unicode>böse zu sein?"</Unicode>
                </TextEquiv>
            </TextLine>
            <TextLine id="tr_1_tl_6" custom="readingOrder {index:5;}">
                <Coords points="1146,3796 1377,3871 1695,3817 2857,3906 2854,3804 2677,3755 1560,3763 1141,3691"/>
                <Baseline points="1158,3784 1202,3787 1247,3790 1292,3793 1337,3793 1381,3799 1426,3802 1471,3805 1516,3805 1560,3808 1605,3811 1650,3811 1695,3814 1739,3817 1784,3817 1829,3820 1874,3823 1919,3826 1963,3832 2008,3832 2053,3835 2098,3838 2142,3838 2187,3844 2232,3844 2277,3844 2321,3847 2366,3850 2411,3850 2456,3850 2501,3853 2545,3856 2590,3859 2635,3861 2680,3861 2724,3864 2769,3867 2814,3870 2859,3873 2862,3876"/>
                <TextEquiv>
                    <Unicode>“O durchaus nicht“, sagte Rademacher.</Unicode>
                </TextEquiv>
            </TextLine>
            <TextLine id="tr_1_tl_7" custom="readingOrder {index:6;}">
                <Coords points="855,3957 1837,3989 2106,4062 2787,4043 2779,3887 2227,3930 1420,3898 1235,3812 850,3839"/>
                <Baseline points="871,3933 916,3933 961,3933 1005,3936 1050,3942 1095,3942 1140,3945 1184,3948 1229,3951 1274,3954 1319,3957 1363,3957 1408,3960 1453,3963 1498,3963 1543,3966 1587,3969 1632,3969 1677,3972 1722,3975 1766,3975 1811,3978 1856,3981 1901,3984 1945,3987 1990,3990 2035,3993 2080,3993 2124,3996 2169,3996 2214,3999 2259,3999 2304,4005 2348,4008 2393,4008 2438,4011 2483,4017 2527,4020 2572,4017 2617,4017 2662,4020 2706,4020 2751,4020 2793,4023"/>
                <TextEquiv>
                    <Unicode>"Ich danke Dir herzlich, dass Du gekommen</Unicode>
                </TextEquiv>
            </TextLine>
            <TextLine id="tr_1_tl_8" custom="readingOrder {index:7;}">
                <Coords points="831,4140 861,4140 898,4159 939,4151 1003,4167 1017,4151 1038,4167 1068,4151 1122,4148 1111,4032 1054,4022 1038,4005 979,4038 909,4030 877,4043 847,4024 823,4040"/>
                <Baseline points="841,4094 886,4094 931,4097 975,4103 1020,4106 1065,4109 1110,4118 1125,4118"/>
                <TextEquiv>
                    <Unicode>bist.“</Unicode>
                </TextEquiv>
            </TextLine>
        </TextRegion>
    </Page>
</PcGts>
