3416 4648
2960 241 3143 498 24
871 400 2947 635 Winterhalter sagt mir, es ist nur eine Frage
860 625 2949 786 der Zeit, der guten Pflege... und dann... er
866 757 2994 948 hofft, dass Du in vierzehn Tagen, in drei Wo-
871 908 2960 1128 chen das Spital verlassen kannst... dann ein
863 1056 2070 1266 Sommer auf dem Lande......
1170 1234 2857 1419 "Ja, ja", unterbrach ihn Rademacher,
908 1379 2086 1533 mach‘ Dir's nur bequem!“
1186 1506 2576 1702 „Wie meinst Du das....bequem?“
1181 1679 2928 1864 Äber es gelingt Dir nicht, Werdenhau¬
871 1843 2970 2004 ser - ### Du musst Dich schon drein fin-
884 1954 2907 2158 den: Du sprichst mit einem Sterbenden - mit
884 2147 2963 2314 einem, der es weiss." Während er diese Worte
876 2269 2968 2465 sagte, sah er ihm fest und wie gebietend ins
887 2454 2875 2629 Gesicht, sodass Werdenhauser unwillkürlich
874 2613 1697 2788 die Augen senkte.
1202 2764 2928 2947 "Nun ja, auch von dieser Hypochondrie
876 2923 2941 3063 hat mir Winterhalter erzählt.... Ja... Also,
876 3045 2939 3262 Du hast mich rufen lassen, Du wolltest mich
882 3235 1906 3452 noch einmal sprechen.
1191 3389 1408 3540 “Ja."
1223 3532 2941 3736 Nun, ich bin da. Hast Du irgendeinen
898 3730 3013 3873 bestimmten Wunsch oder hattest Du nur das Be-
895 3847 2325 4032 dürfniss, mich wiederzusehen?
1205 4003 2073 4194 "Beides...Beides."
1220 4133 3002 4376 Ja, mein lieber Rademacher, willst Du
