3339 4648
1092 489 2747 667 “Ich weiss, lieber Herr......“ - der
850 654 2834 845 Arzt sah auf die Tafel und ergänzte: "Herr
840 820 2824 973 Rademacher. Aber umsobesser wird Ihnen be-
843 978 2852 1151 kannt sein, dass man über sich selbst doch
848 1110 2844 1319 nie die rechte Klarheit hat. Und dann, wie
843 1299 2806 1464 lang ist es her, dass Sie Medizin studirt
850 1434 1324 1617 haben...“
1123 1594 2806 1739 Allerdings ziemlich lange, dreissig
1133 1698 1464 1838 unjefey
2844 1632 3056 1854 Wint
845 1765 2885 1956 Jahre.... Ja - und zum Doktor hab' ich’s Ja
848 1915 1596 2052 nicht gebracht.
1090 1996 2870 2243 "Ja, was sind Sie eigentlich, Herr Ra-
850 2210 1339 2350 demacher?”
1136 2360 2696 2536 Ich bin sozusagen Schriftsteller,
866 2526 2862 2714 Journalist.... Naheinen Namen werden Sie
866 2666 1696 2865 wol nicht kennen.
1125 2847 2870 3040 "Ach Gott, wenn unsereins so Zeit hät-
866 2971 2788 3185 te... Na, aber das sind ja schliesslich
868 3155 2834 3292 Dinge, die wir auch morgen verhandeln kön-
858 3290 2727 3491 nen, nicht wahr? Jetzt versuchen Sie zu
863 3478 1342 3639 schlafen.“
1103 3633 2852 3822 "Herr Doktor, ich weiss nicht, ob wir
863 3796 2758 3942 morgen noch etwas verhandeln können. Ja,
871 3959 2921 4099 ich habe auch gewiss nicht das Recht... es
868 4077 2859 4262 ist nur so.... Man wenn man in einer sol-
