<?xml version="1.0" encoding="UTF-8" standalone="yes"?>
<PcGts xmlns="http://schema.primaresearch.org/PAGE/gts/pagecontent/2013-07-15" xmlns:xsi="http://www.w3.org/2001/XMLSchema-instance" xsi:schemaLocation="http://schema.primaresearch.org/PAGE/gts/pagecontent/2013-07-15 http://schema.primaresearch.org/PAGE/gts/pagecontent/2013-07-15/pagecontent.xsd">
    <Metadata>
        <Creator>prov=READ-COOP:name=TrHtr:version=2.1.0:model_id=51170:date=28_07_2023_20:23</Creator>
        <Created>2023-05-10T11:53:18.519+02:00</Created>
        <LastChange>2023-07-28T20:23:45.529+02:00</LastChange>
        <TranskribusMetadata docId="1428174" pageId="55393635" pageNr="50" tsid="131375418" status="IN_PROGRESS" userId="64420" imgUrl="https://files.transkribus.eu/Get?id=RUFFNBSOLHTFKBZYWYETWNPW&amp;fileType=view" xmlUrl="https://files.transkribus.eu/Get?id=NRHFNMKPOFKVIKSMMEIRAQFE" imageId="44668520"/>
    </Metadata>
    <Page imageFilename="1428174_0050.jpg" imageWidth="3339" imageHeight="4696">
        <ReadingOrder>
            <OrderedGroup id="ro_1711801812860" caption="Regions reading order">
                <RegionRefIndexed index="0" regionRef="tr_2"/>
                <RegionRefIndexed index="1" regionRef="tr_1"/>
            </OrderedGroup>
        </ReadingOrder>
        <TextRegion id="tr_2" custom="readingOrder {index:0;}">
            <Coords points="782,523 2895,523 2895,1866 782,1866"/>
            <TextLine id="tr_2_tl_1" custom="readingOrder {index:0;}">
                <Coords points="812,593 1325,661 1664,624 1837,695 2035,635 2879,682 2874,533 1813,567 1473,478 810,530"/>
                <Baseline points="826,573 871,576 916,582 961,585 1006,588 1050,591 1095,594 1140,600 1185,600 1229,603 1274,603 1319,603 1364,603 1409,606 1453,609 1498,609 1543,612 1588,614 1633,614 1677,614 1722,617 1767,617 1812,620 1856,623 1901,623 1946,623 1991,626 2036,626 2080,629 2125,629 2170,629 2215,632 2259,635 2304,635 2349,638 2394,638 2439,641 2483,641 2528,644 2573,644 2618,644 2662,647 2707,647 2752,650 2797,653 2842,659 2886,668"/>
                <TextEquiv>
                    <Unicode>- bitte... fahren Sie zu Herrn Werdenhauser,</Unicode>
                </TextEquiv>
            </TextLine>
            <TextLine id="tr_2_tl_2" custom="readingOrder {index:1;}">
                <Coords points="815,760 2205,849 2359,792 2845,873 2801,669 810,630"/>
                <Baseline points="829,731 874,740 919,740 964,743 1009,746 1053,746 1098,746 1143,749 1188,752 1232,755 1277,752 1322,755 1367,758 1412,758 1456,761 1501,761 1546,767 1591,767 1635,770 1680,770 1725,770 1770,770 1815,773 1859,776 1904,779 1949,779 1994,782 2039,782 2083,782 2128,782 2173,785 2218,788 2262,788 2307,791 2352,791 2397,791 2442,794 2486,794 2531,797 2576,797 2621,797 2665,797 2710,800 2755,803 2800,803 2845,809 2848,809"/>
                <TextEquiv>
                    <Unicode>sagen Sie ihm: sein alter Freund Rademacher</Unicode>
                </TextEquiv>
            </TextLine>
            <TextLine id="tr_2_tl_3" custom="readingOrder {index:2;}">
                <Coords points="805,956 940,930 1006,956 1066,922 1210,922 1311,956 1304,779 1204,818 1126,786 1084,815 1035,802 1014,818 943,784 797,794"/>
                <Baseline points="815,883 859,889 904,892 949,892 994,895 1038,895 1083,901 1128,904 1173,907 1218,910 1262,910 1307,907 1316,904"/>
                <TextEquiv>
                    <Unicode>stirbt......“</Unicode>
                </TextEquiv>
            </TextLine>
            <TextLine id="tr_2_tl_4" custom="readingOrder {index:3;}">
                <Coords points="1055,1108 2793,1134 2788,954 2257,1003 2121,943 1860,993 1523,930 1050,961"/>
                <Baseline points="1068,1035 1113,1053 1158,1056 1203,1062 1247,1065 1292,1068 1337,1068 1382,1071 1427,1071 1471,1071 1516,1074 1561,1077 1606,1077 1650,1077 1695,1080 1740,1080 1785,1083 1830,1083 1874,1083 1919,1086 1964,1086 2009,1089 2053,1089 2098,1092 2143,1092 2188,1095 2233,1098 2277,1098 2322,1101 2367,1101 2412,1104 2456,1104 2501,1107 2546,1107 2591,1107 2636,1104 2680,1107 2725,1107 2770,1110 2797,1113"/>
                <TextEquiv>
                    <Unicode>„Nun“, sagte der Arzt und sah auf die</Unicode>
                </TextEquiv>
            </TextLine>
            <TextLine id="tr_2_tl_5" custom="readingOrder {index:4;}">
                <Coords points="792,1259 2889,1291 2887,1173 2678,1123 786,1089"/>
                <Baseline points="806,1200 850,1203 895,1206 940,1209 985,1209 1029,1212 1074,1212 1119,1215 1164,1215 1209,1218 1253,1221 1298,1224 1343,1224 1388,1224 1432,1226 1477,1226 1522,1229 1567,1229 1612,1229 1656,1229 1701,1232 1746,1235 1791,1238 1836,1241 1880,1241 1925,1244 1970,1241 2015,1244 2059,1247 2104,1247 2149,1247 2194,1247 2239,1250 2283,1250 2328,1253 2373,1256 2418,1256 2462,1259 2507,1259 2552,1259 2597,1259 2642,1262 2686,1262 2731,1265 2776,1265 2821,1268 2865,1268 2895,1265"/>
                <TextEquiv>
                    <Unicode>Uhr, "nehmen wir schon den Fall an, dass ich</Unicode>
                </TextEquiv>
            </TextLine>
            <TextLine id="tr_2_tl_6" custom="readingOrder {index:5;}">
                <Coords points="771,1364 2840,1437 2835,1317 2730,1283 768,1270"/>
                <Baseline points="785,1361 829,1361 874,1358 919,1361 964,1364 1009,1364 1053,1367 1098,1367 1143,1370 1188,1373 1232,1373 1277,1373 1322,1379 1367,1379 1412,1382 1456,1382 1501,1385 1546,1385 1591,1385 1635,1385 1680,1388 1725,1391 1770,1394 1815,1394 1859,1397 1904,1397 1949,1397 1994,1400 2039,1403 2083,1403 2128,1403 2173,1403 2218,1406 2262,1409 2307,1409 2352,1412 2397,1415 2442,1415 2486,1415 2531,1418 2576,1421 2621,1424 2665,1424 2710,1424 2755,1427 2800,1427 2845,1421"/>
                <TextEquiv>
                    <Unicode>mich dazu entschlösse... ich bitte Sie, wie</Unicode>
                </TextEquiv>
            </TextLine>
            <TextLine id="tr_2_tl_7" custom="readingOrder {index:6;}">
                <Coords points="784,1518 1568,1601 1696,1549 2194,1617 2746,1588 2741,1455 2646,1442 781,1382"/>
                <Baseline points="797,1516 841,1516 886,1519 931,1522 976,1522 1020,1525 1065,1525 1110,1528 1155,1528 1200,1531 1244,1531 1289,1534 1334,1534 1379,1537 1424,1537 1468,1540 1513,1540 1558,1540 1603,1543 1647,1546 1692,1546 1737,1546 1782,1549 1827,1549 1871,1549 1916,1552 1961,1552 2006,1555 2050,1558 2095,1558 2140,1561 2185,1564 2230,1567 2274,1567 2319,1570 2364,1570 2409,1570 2453,1570 2498,1573 2543,1576 2588,1576 2633,1576 2677,1576 2722,1579 2749,1576"/>
                <TextEquiv>
                    <Unicode>kann ich zu Herrn Werdenhauser... denken</Unicode>
                </TextEquiv>
            </TextLine>
            <TextLine id="tr_2_tl_8" custom="readingOrder {index:7;}">
                <Coords points="771,1743 1152,1688 1471,1748 2584,1745 2581,1628 2354,1570 2082,1667 1865,1575 765,1557"/>
                <Baseline points="782,1671 826,1671 871,1674 916,1677 961,1680 1006,1683 1050,1683 1095,1686 1140,1683 1185,1686 1229,1689 1274,1689 1319,1689 1364,1689 1409,1689 1453,1692 1498,1695 1543,1698 1588,1698 1633,1701 1677,1701 1722,1701 1767,1701 1812,1701 1856,1701 1901,1704 1946,1704 1991,1701 2036,1704 2080,1707 2125,1710 2170,1713 2215,1716 2259,1719 2304,1719 2349,1719 2394,1719 2439,1722 2483,1722 2528,1722 2573,1725 2591,1722"/>
                <TextEquiv>
                    <Unicode>Sie, es ist bald zehn Uhr - vielleicht</Unicode>
                </TextEquiv>
            </TextLine>
            <TextLine id="tr_2_tl_9" custom="readingOrder {index:8;}">
                <Coords points="768,1863 1343,1857 1429,1894 1706,1871 1701,1716 1570,1750 1398,1727 1254,1787 1113,1719 1003,1753 765,1743"/>
                <Baseline points="782,1827 826,1827 871,1827 916,1827 961,1830 1006,1833 1050,1833 1095,1836 1140,1836 1185,1838 1229,1841 1274,1841 1319,1841 1364,1844 1409,1844 1453,1844 1498,1847 1543,1850 1588,1853 1633,1853 1677,1856 1713,1850"/>
                <TextEquiv>
                    <Unicode>schläft er schon...</Unicode>
                </TextEquiv>
            </TextLine>
        </TextRegion>
        <TextRegion id="tr_1" custom="readingOrder {index:1;}">
            <Coords points="701,1929 2839,1929 2839,4413 701,4413"/>
            <TextLine id="tr_1_tl_1" custom="readingOrder {index:0;}">
                <Coords points="1035,2027 1186,1999 2155,2051 2262,2038 2260,1933 1641,1871 1406,1907 1029,1847"/>
                <Baseline points="1047,1979 1092,1985 1137,1988 1182,1994 1226,1994 1271,1997 1316,1997 1361,1997 1406,2000 1450,2000 1495,2003 1540,2003 1585,2006 1630,2009 1674,2009 1719,2012 1764,2012 1809,2012 1853,2015 1898,2015 1943,2018 1988,2018 2033,2018 2077,2021 2122,2021 2167,2024 2212,2024 2256,2024 2268,2024"/>
                <TextEquiv>
                    <Unicode>"So lassen Sie ihn wecken."</Unicode>
                </TextEquiv>
            </TextLine>
            <TextLine id="tr_1_tl_2" custom="readingOrder {index:1;}">
                <Coords points="1008,2153 1118,2200 1220,2153 2179,2189 2563,2304 2835,2268 2829,2140 2751,2129 1787,2132 1648,2040 1006,2040"/>
                <Baseline points="1023,2128 1068,2137 1113,2143 1158,2146 1203,2152 1247,2152 1292,2155 1337,2155 1382,2155 1427,2158 1471,2158 1516,2158 1561,2161 1606,2164 1650,2167 1695,2167 1740,2167 1785,2167 1830,2167 1874,2170 1919,2170 1964,2170 2009,2173 2053,2176 2098,2176 2143,2179 2188,2179 2233,2182 2277,2182 2322,2182 2367,2185 2412,2185 2456,2188 2501,2188 2546,2188 2591,2191 2636,2191 2680,2191 2725,2194 2770,2194 2815,2185 2839,2188"/>
                <TextEquiv>
                    <Unicode>"Na, na!... Oder er ist nicht zuhause -</Unicode>
                </TextEquiv>
            </TextLine>
            <TextLine id="tr_1_tl_3" custom="readingOrder {index:2;}">
                <Coords points="760,2338 2208,2343 2205,2268 2009,2291 1881,2205 1246,2166 755,2202"/>
                <Baseline points="773,2292 817,2292 862,2292 907,2292 952,2292 997,2295 1041,2298 1086,2301 1131,2301 1176,2301 1221,2304 1265,2307 1310,2307 1355,2307 1400,2307 1444,2310 1489,2310 1534,2313 1579,2313 1624,2313 1668,2316 1713,2316 1758,2319 1803,2322 1847,2322 1892,2322 1937,2325 1982,2328 2027,2331 2071,2334 2116,2334 2161,2334 2206,2337 2215,2337"/>
                <TextEquiv>
                    <Unicode>od er er will einfach nicht....</Unicode>
                </TextEquiv>
            </TextLine>
            <TextLine id="tr_1_tl_4" custom="readingOrder {index:3;}">
                <Coords points="1006,2490 2670,2518 2633,2370 2579,2419 2080,2377 1915,2427 1003,2351"/>
                <Baseline points="1020,2436 1065,2448 1110,2448 1155,2453 1200,2456 1244,2459 1289,2462 1334,2462 1379,2462 1424,2465 1468,2468 1513,2468 1558,2471 1603,2471 1647,2471 1692,2471 1737,2471 1782,2474 1827,2477 1871,2477 1916,2480 1961,2483 2006,2486 2050,2486 2095,2489 2140,2489 2185,2489 2230,2492 2274,2492 2319,2492 2364,2492 2409,2492 2453,2495 2498,2495 2543,2498 2588,2501 2633,2501 2677,2501"/>
                <TextEquiv>
                    <Unicode>"Gewiss, Herr Doktor, Alles das ist</Unicode>
                </TextEquiv>
            </TextLine>
            <TextLine id="tr_1_tl_5" custom="readingOrder {index:4;}">
                <Coords points="739,2636 2696,2686 2696,2623 2607,2605 1891,2594 1701,2505 734,2521"/>
                <Baseline points="752,2600 797,2600 841,2600 886,2603 931,2606 976,2609 1020,2609 1065,2609 1110,2612 1155,2615 1200,2618 1244,2618 1289,2618 1334,2621 1379,2621 1424,2624 1468,2627 1513,2627 1558,2630 1603,2630 1647,2630 1692,2633 1737,2633 1782,2633 1827,2636 1871,2633 1916,2636 1961,2639 2006,2639 2050,2642 2095,2642 2140,2645 2185,2645 2230,2645 2274,2645 2319,2648 2364,2651 2409,2651 2453,2654 2498,2656 2543,2656 2588,2659 2633,2662 2677,2662 2701,2665"/>
                <TextEquiv>
                    <Unicode>möglich... obzwar, dass er nicht will...</Unicode>
                </TextEquiv>
            </TextLine>
            <TextLine id="tr_1_tl_6" custom="readingOrder {index:5;}">
                <Coords points="729,2788 2754,2837 2748,2678 2631,2667 726,2652"/>
                <Baseline points="743,2755 788,2755 832,2758 877,2761 922,2764 967,2761 1012,2764 1056,2767 1101,2770 1146,2770 1191,2773 1235,2773 1280,2773 1325,2776 1370,2776 1415,2776 1459,2776 1504,2779 1549,2779 1594,2782 1638,2782 1683,2785 1728,2785 1773,2785 1818,2788 1862,2788 1907,2788 1952,2791 1997,2791 2041,2794 2086,2797 2131,2797 2176,2797 2221,2800 2265,2800 2310,2800 2355,2800 2400,2803 2445,2806 2489,2809 2534,2812 2579,2812 2624,2812 2668,2815 2713,2815 2758,2815"/>
                <TextEquiv>
                    <Unicode>nein, nein, ich kenne meinen Freund Werden-</Unicode>
                </TextEquiv>
            </TextLine>
            <TextLine id="tr_1_tl_7" custom="readingOrder {index:6;}">
                <Coords points="732,2926 2560,2981 2558,2913 2336,2822 2038,2918 1573,2793 726,2788"/>
                <Baseline points="743,2910 788,2910 832,2910 877,2913 922,2916 967,2916 1012,2919 1056,2919 1101,2919 1146,2922 1191,2925 1235,2925 1280,2928 1325,2928 1370,2931 1415,2931 1459,2934 1504,2934 1549,2934 1594,2937 1638,2937 1683,2940 1728,2940 1773,2943 1818,2943 1862,2946 1907,2946 1952,2949 1997,2952 2041,2952 2086,2955 2131,2955 2176,2961 2221,2958 2265,2958 2310,2958 2355,2958 2400,2961 2445,2961 2489,2964 2534,2964 2561,2961"/>
                <TextEquiv>
                    <Unicode>hauser! Wenn Sie ihm sagen, sein alter</Unicode>
                </TextEquiv>
            </TextLine>
            <TextLine id="tr_1_tl_8" custom="readingOrder {index:7;}">
                <Coords points="724,3067 935,3130 2597,3132 2547,2983 718,2936"/>
                <Baseline points="737,3065 782,3065 826,3065 871,3068 916,3071 961,3074 1006,3074 1050,3074 1095,3074 1140,3074 1185,3077 1229,3077 1274,3080 1319,3080 1364,3083 1409,3086 1453,3086 1498,3089 1543,3089 1588,3089 1633,3092 1677,3092 1722,3095 1767,3095 1812,3098 1856,3098 1901,3098 1946,3101 1991,3104 2036,3104 2080,3107 2125,3110 2170,3110 2215,3110 2259,3110 2304,3113 2349,3113 2394,3113 2439,3116 2483,3116 2528,3119 2573,3119 2603,3116"/>
                <TextEquiv>
                    <Unicode>Freund Rademacher stirbt im allgemeinen</Unicode>
                </TextEquiv>
            </TextLine>
            <TextLine id="tr_1_tl_9" custom="readingOrder {index:8;}">
                <Coords points="718,3242 2639,3289 2636,3187 2474,3229 2166,3122 716,3111"/>
                <Baseline points="734,3221 779,3218 823,3218 868,3224 913,3224 958,3227 1003,3227 1047,3230 1092,3230 1137,3233 1182,3233 1226,3233 1271,3230 1316,3236 1361,3239 1406,3239 1450,3239 1495,3242 1540,3242 1585,3245 1630,3245 1674,3245 1719,3248 1764,3248 1809,3248 1853,3251 1898,3251 1943,3254 1988,3254 2033,3257 2077,3260 2122,3260 2167,3263 2212,3263 2256,3266 2301,3266 2346,3266 2391,3268 2436,3266 2480,3268 2525,3268 2570,3268 2615,3271 2645,3271"/>
                <TextEquiv>
                    <Unicode>Krankenhaus auf Bett Numero sechzehn und</Unicode>
                </TextEquiv>
            </TextLine>
            <TextLine id="tr_1_tl_10" custom="readingOrder {index:9;}">
                <Coords points="732,3404 2808,3459 2785,3300 2633,3360 2370,3294 1886,3360 1604,3253 726,3292"/>
                <Baseline points="743,3373 788,3376 832,3379 877,3382 922,3382 967,3382 1012,3385 1056,3385 1101,3388 1146,3391 1191,3391 1235,3394 1280,3397 1325,3397 1370,3397 1415,3397 1459,3397 1504,3400 1549,3397 1594,3403 1638,3403 1683,3403 1728,3403 1773,3406 1818,3409 1862,3409 1907,3412 1952,3415 1997,3418 2041,3421 2086,3424 2131,3424 2176,3424 2221,3424 2265,3427 2310,3427 2355,3430 2400,3430 2445,3433 2489,3436 2534,3436 2579,3439 2624,3439 2668,3436 2713,3439 2758,3436 2803,3436 2812,3433"/>
                <TextEquiv>
                    <Unicode>will ihn noch einmal sehen.... na, soetwas</Unicode>
                </TextEquiv>
            </TextLine>
            <TextLine id="tr_1_tl_11" custom="readingOrder {index:10;}">
                <Coords points="711,3577 938,3592 1061,3543 1314,3600 1437,3563 1677,3613 2174,3597 2168,3456 2006,3438 1568,3475 1021,3415 708,3480"/>
                <Baseline points="725,3531 770,3534 815,3534 859,3537 904,3540 949,3540 994,3540 1038,3543 1083,3543 1128,3549 1173,3546 1218,3546 1262,3549 1307,3549 1352,3552 1397,3552 1441,3555 1486,3555 1531,3558 1576,3558 1621,3558 1665,3561 1710,3561 1755,3564 1800,3564 1844,3564 1889,3567 1934,3570 1979,3570 2024,3570 2068,3570 2113,3570 2158,3567 2176,3570"/>
                <TextEquiv>
                    <Unicode>lässt er sich nicht entgehen!</Unicode>
                </TextEquiv>
            </TextLine>
            <TextLine id="tr_1_tl_12" custom="readingOrder {index:11;}">
                <Coords points="972,3705 1163,3749 1293,3710 2187,3767 2184,3686 2106,3655 1774,3671 1643,3634 1536,3668 1220,3571 967,3590"/>
                <Baseline points="985,3683 1029,3692 1074,3695 1119,3701 1164,3704 1209,3704 1253,3707 1298,3707 1343,3710 1388,3710 1432,3713 1477,3713 1522,3713 1567,3719 1612,3719 1656,3722 1701,3725 1746,3722 1791,3728 1836,3728 1880,3728 1925,3728 1970,3731 2015,3728 2059,3731 2104,3731 2149,3737 2194,3740"/>
                <TextEquiv>
                    <Unicode>"Wieso?“, fragte der Arzt.</Unicode>
                </TextEquiv>
            </TextLine>
            <TextLine id="tr_1_tl_13" custom="readingOrder {index:12;}">
                <Coords points="954,3877 2803,3932 2798,3786 2610,3749 2422,3853 1808,3848 1573,3738 1244,3775 948,3707"/>
                <Baseline points="967,3842 1012,3851 1056,3854 1101,3857 1146,3860 1191,3863 1235,3863 1280,3866 1325,3869 1370,3869 1415,3872 1459,3872 1504,3875 1549,3875 1594,3878 1638,3880 1683,3880 1728,3880 1773,3883 1818,3883 1862,3886 1907,3886 1952,3886 1997,3889 2041,3892 2086,3892 2131,3892 2176,3895 2221,3895 2265,3898 2310,3898 2355,3901 2400,3904 2445,3904 2489,3904 2534,3907 2579,3907 2624,3910 2668,3910 2713,3910 2758,3910 2803,3907 2809,3907"/>
                <TextEquiv>
                    <Unicode>"Nun ich meine... dass es nur an Ihnen</Unicode>
                </TextEquiv>
            </TextLine>
            <TextLine id="tr_1_tl_14" custom="readingOrder {index:13;}">
                <Coords points="700,4036 2704,4107 2699,3963 2458,4000 1719,3885 695,3903"/>
                <Baseline points="713,4009 758,4009 803,4012 847,4015 892,4018 937,4018 982,4018 1026,4018 1071,4018 1116,4021 1161,4024 1206,4024 1250,4021 1295,4024 1340,4027 1385,4027 1429,4030 1474,4030 1519,4030 1564,4033 1609,4033 1653,4033 1698,4036 1743,4036 1788,4039 1833,4042 1877,4045 1922,4045 1967,4048 2012,4048 2056,4051 2101,4054 2146,4054 2191,4054 2236,4054 2280,4057 2325,4060 2370,4060 2415,4063 2459,4066 2504,4066 2549,4066 2594,4066 2639,4066 2683,4063 2707,4066"/>
                <TextEquiv>
                    <Unicode>liegt, Herr Doktor - Sie können mir ja sa-</Unicode>
                </TextEquiv>
            </TextLine>
            <TextLine id="tr_1_tl_15" custom="readingOrder {index:14;}">
                <Coords points="687,4230 2712,4248 2586,4149 1706,4159 1447,4057 684,4120"/>
                <Baseline points="701,4179 746,4179 791,4179 835,4176 880,4176 925,4179 970,4179 1015,4179 1059,4182 1104,4182 1149,4185 1194,4188 1238,4188 1283,4188 1328,4191 1373,4191 1418,4194 1462,4194 1507,4197 1552,4200 1597,4200 1641,4203 1686,4203 1731,4203 1776,4206 1821,4209 1865,4209 1910,4209 1955,4212 2000,4212 2044,4215 2089,4218 2134,4218 2179,4221 2224,4221 2268,4221 2313,4224 2358,4227 2403,4227 2448,4230 2492,4233 2537,4233 2582,4233 2627,4233 2671,4233 2716,4233"/>
                <TextEquiv>
                    <Unicode>gen oder auch nein... aber ich weiss, Sie</Unicode>
                </TextEquiv>
            </TextLine>
            <TextLine id="tr_1_tl_16" custom="readingOrder {index:15;}">
                <Coords points="700,4410 865,4350 2754,4420 2712,4313 1351,4316 1189,4217 695,4230"/>
                <Baseline points="713,4334 758,4334 803,4337 847,4337 892,4340 937,4343 982,4346 1026,4349 1071,4349 1116,4352 1161,4346 1206,4349 1250,4349 1295,4352 1340,4352 1385,4355 1429,4355 1474,4355 1519,4358 1564,4361 1609,4361 1653,4361 1698,4361 1743,4361 1788,4364 1833,4367 1877,4370 1922,4370 1967,4373 2012,4373 2056,4376 2101,4376 2146,4376 2191,4382 2236,4385 2280,4385 2325,4388 2370,4391 2415,4391 2459,4391 2504,4394 2549,4397 2594,4397 2639,4397 2683,4397 2728,4400 2761,4403"/>
                <TextEquiv>
                    <Unicode>sagen ja, Sie thun mir das zulieb... Denken</Unicode>
                </TextEquiv>
            </TextLine>
        </TextRegion>
    </Page>
</PcGts>
