3323 4312
74 336 891 554 Uur devat.
157 343 2694 714 2a, wahre ich 2. Mtr. näher die Leute von
83 622 2662 916 dersel u noch 1 Jahr zerbauert... Ich hat sein
45 791 2566 1064 verzeich, doch Läguß, mein Kind ist. ab
32 996 2416 1278 aber nie unterlei. die kann wie un¬
26 1185 2323 1445 smand. Er war um ein höfe jemit
83 1471 1019 1679 Dein Tage nicht
103 1624 2012 1858 das Schrift. doch die mir erzählt
106 1698 2454 2063 Wilt. Sie, da hat nachlast alt Unter¬
112 1957 2473 2233 wie man 82 durch - fort brgt. 7.4 an
481 2179 2320 2534 zal. viel auf. Schuhler mit
227 2323 442 2476 FJ
119 2486 522 2723 begehren
151 2630 1173 2890 tot glaubt de nicht.
128 2643 2541 3053 G. ist - Fabel, das nie imiteurd. Ich
125 2887 2509 3274 bekannt, die übermach lebend sein werde, auch
125 3101 1685 3415 wenn Cozt all, alt
183 3281 2544 3588 Ihr glaub nicht, die wicht die a und
243 3498 2454 3809 nicht, ist sich den wissen, warum ich alt
541 3707 1810 4005 B. Coll - di
173 3745 487 4014 I am
