3347 4696
797 425 2779 663 vor sich hin auf die weisse Decke starrte,
792 566 2820 781 sehr ernst. Zugleich fühlte er, dass er ein
786 750 2779 970 wenig roth wurde. Es geschah ihm nicht zum
786 886 2857 1111 ersten Mal am Bett von Sterbenden: er schäm¬
776 1062 2668 1261 te sich in einer sonderbaren, ihm selbst
760 1219 2705 1389 nicht ganz begreiflichen Weise vor ihnen.
771 1376 2142 1549 “Nun?“, fragte er sehr milde.
1064 1523 2868 1712 "Also ich muss noch heut' einen Freund,
752 1657 2815 1885 einen früheren Freund von mir sprechen - un-
734 1832 1156 1976 bedingt.
1028 1963 2820 2207 Aber Herr Rademacher“, sagte der Arzt
729 2113 1924 2312 und schüttelte den Kopf.
1014 2304 2765 2472 "Kämlich", setzte der Kranke unbeirrt
718 2430 2674 2621 fort, "nämlich einen gewissen Herrn Ernst
713 2574 1371 2731 Werdenhauser.
1030 2731 1701 2920 'Werdenhauser?
993 2917 1211 3059 "Ja.
1012 3064 2768 3337 "Ist das vielleicht der bekannte Dich-
695 3201 1533 3402 ter Werdenhauser?
978 3366 2726 3573 "Ja, Herr Doktor, es ist der bekannte
671 3515 1709 3722 Dichter Werdenhauser.
975 3675 2134 3882 “So, das ist Ihr Freund?“
965 3838 2700 4037 "Ja, wir waren einmal sehr intim mit-
671 4013 2530 4194 einander.... ja.... Und das ist eben der
650 4157 2763 4359 Mensch - das ist der einzige Mensch, mit dem
