<?xml version="1.0" encoding="UTF-8" standalone="yes"?>
<PcGts xmlns="http://schema.primaresearch.org/PAGE/gts/pagecontent/2013-07-15" xmlns:xsi="http://www.w3.org/2001/XMLSchema-instance" xsi:schemaLocation="http://schema.primaresearch.org/PAGE/gts/pagecontent/2013-07-15 http://schema.primaresearch.org/PAGE/gts/pagecontent/2013-07-15/pagecontent.xsd">
    <Metadata>
        <Creator>prov=READ-COOP:name=TrHtr:version=2.1.0:model_id=51170:date=28_07_2023_20:23</Creator>
        <Created>2023-05-10T11:53:19.970+02:00</Created>
        <LastChange>2023-07-28T20:23:47.845+02:00</LastChange>
        <TranskribusMetadata docId="1428174" pageId="55393712" pageNr="58" tsid="131375426" status="IN_PROGRESS" userId="64420" imgUrl="https://files.transkribus.eu/Get?id=WNNUMKRCXZZYUFPVDDXRNECV&amp;fileType=view" xmlUrl="https://files.transkribus.eu/Get?id=ANIPUGQSIPGPNTIFYBJRIPCT" imageId="44668597"/>
    </Metadata>
    <Page imageFilename="1428174_0058.jpg" imageWidth="3379" imageHeight="4712">
        <ReadingOrder>
            <OrderedGroup id="ro_1711801820684" caption="Regions reading order">
                <RegionRefIndexed index="0" regionRef="tr_1"/>
            </OrderedGroup>
        </ReadingOrder>
        <TextRegion id="tr_1" custom="readingOrder {index:0;}">
            <Coords points="110,403 2974,403 2974,4205 110,4205"/>
            <TextLine id="tr_1_tl_1" custom="readingOrder {index:0;}">
                <Coords points="2814,498 2836,506 2847,495 2874,493 2899,471 2932,493 2967,487 2978,309 2956,307 2924,318 2910,301 2899,301 2874,323 2863,312 2828,318"/>
                <Baseline points="2833,462 2839,462 2884,462 2929,459 2974,453"/>
                <TextEquiv>
                    <Unicode>16th</Unicode>
                </TextEquiv>
            </TextLine>
            <TextLine id="tr_1_tl_2" custom="readingOrder {index:1;}">
                <Coords points="725,624 2754,652 2779,506 1155,501 723,435"/>
                <Baseline points="740,597 785,597 830,597 874,600 919,603 964,603 1009,603 1054,606 1098,609 1143,612 1188,612 1233,612 1278,612 1322,612 1367,615 1412,615 1457,615 1501,615 1546,612 1591,615 1636,615 1681,615 1725,612 1770,612 1815,615 1860,615 1905,615 1949,618 1994,618 2039,618 2084,621 2129,621 2173,621 2218,618 2263,621 2308,621 2353,621 2397,624 2442,624 2487,627 2532,627 2576,627 2621,627 2666,627 2711,633 2756,636 2785,636"/>
                <TextEquiv>
                    <Unicode>Aber es gelang ihm nicht. Dann überlegte er,</Unicode>
                </TextEquiv>
            </TextLine>
            <TextLine id="tr_1_tl_3" custom="readingOrder {index:2;}">
                <Coords points="717,775 2661,816 2658,646 717,616"/>
                <Baseline points="731,752 776,755 821,755 865,755 910,758 955,758 1000,761 1045,761 1089,761 1134,764 1179,764 1224,764 1269,764 1313,764 1358,764 1403,764 1448,767 1493,764 1537,767 1582,767 1627,767 1672,767 1716,770 1761,770 1806,770 1851,773 1896,773 1940,773 1985,773 2030,773 2075,770 2120,773 2164,773 2209,773 2254,776 2299,773 2344,773 2388,776 2433,776 2478,776 2523,776 2568,776 2612,779 2657,779 2663,776"/>
                <TextEquiv>
                    <Unicode>ob er vielleicht das, was er seinem alten</Unicode>
                </TextEquiv>
            </TextLine>
            <TextLine id="tr_1_tl_4" custom="readingOrder {index:3;}">
                <Coords points="698,936 2680,950 2677,802 695,819"/>
                <Baseline points="713,910 758,910 803,910 848,910 892,913 937,916 982,913 1027,916 1071,916 1116,916 1161,919 1206,919 1251,919 1295,922 1340,922 1385,922 1430,922 1475,922 1519,922 1564,922 1609,922 1654,925 1699,928 1743,928 1788,925 1833,928 1878,928 1923,928 1967,928 2012,928 2057,928 2102,928 2146,928 2191,928 2236,928 2281,928 2326,928 2370,928 2415,931 2460,931 2505,931 2550,931 2594,931 2639,928 2684,931"/>
                <TextEquiv>
                    <Unicode>Freund zu sagen hatte, ein bisschen vorbe-</Unicode>
                </TextEquiv>
            </TextLine>
            <TextLine id="tr_1_tl_5" custom="readingOrder {index:4;}">
                <Coords points="709,1076 2666,1098 2666,972 2606,964 709,939"/>
                <Baseline points="725,1066 770,1069 815,1069 859,1069 904,1069 949,1069 994,1069 1039,1071 1083,1071 1128,1071 1173,1074 1218,1074 1263,1077 1307,1077 1352,1080 1397,1077 1442,1077 1487,1077 1531,1077 1576,1077 1621,1077 1666,1080 1711,1080 1755,1080 1800,1080 1845,1080 1890,1080 1934,1080 1979,1080 2024,1080 2069,1080 2114,1080 2158,1080 2203,1080 2248,1080 2293,1080 2338,1083 2382,1080 2427,1083 2472,1083 2517,1083 2562,1083 2606,1083 2651,1083 2672,1083"/>
                <TextEquiv>
                    <Unicode>reiten sollte, sozusagen innerlich auswen-</Unicode>
                </TextEquiv>
            </TextLine>
            <TextLine id="tr_1_tl_6" custom="readingOrder {index:5;}">
                <Coords points="709,1229 1185,1336 1377,1235 2814,1292 2814,1136 2584,1100 709,1109"/>
                <Baseline points="725,1221 770,1221 815,1224 859,1224 904,1224 949,1227 994,1224 1039,1224 1083,1227 1128,1227 1173,1227 1218,1227 1263,1230 1307,1227 1352,1227 1397,1230 1442,1233 1487,1230 1531,1230 1576,1233 1621,1233 1666,1233 1711,1233 1755,1233 1800,1233 1845,1233 1890,1233 1934,1233 1979,1233 2024,1233 2069,1236 2114,1236 2158,1236 2203,1236 2248,1236 2293,1239 2338,1239 2382,1239 2427,1239 2472,1239 2517,1239 2562,1242 2606,1242 2651,1239 2696,1239 2741,1239 2785,1236 2818,1233"/>
                <TextEquiv>
                    <Unicode>dig lernen. Aber das war wirklich nicht noth-</Unicode>
                </TextEquiv>
            </TextLine>
            <TextLine id="tr_1_tl_7" custom="readingOrder {index:6;}">
                <Coords points="704,1393 2729,1407 2727,1298 2267,1237 1374,1273 1278,1336 1027,1257 704,1273"/>
                <Baseline points="719,1376 764,1376 809,1379 854,1379 898,1379 943,1382 988,1385 1033,1388 1077,1388 1122,1385 1167,1382 1212,1382 1257,1382 1301,1382 1346,1385 1391,1385 1436,1382 1481,1385 1525,1385 1570,1388 1615,1385 1660,1388 1705,1388 1749,1388 1794,1388 1839,1388 1884,1388 1928,1388 1973,1388 2018,1388 2063,1388 2108,1391 2152,1391 2197,1391 2242,1391 2287,1391 2332,1391 2376,1391 2421,1391 2466,1394 2511,1394 2556,1391 2600,1391 2645,1391 2690,1391 2732,1391"/>
                <TextEquiv>
                    <Unicode>wendig, das würde sich Alles von selbst er-</Unicode>
                </TextEquiv>
            </TextLine>
            <TextLine id="tr_1_tl_8" custom="readingOrder {index:7;}">
                <Coords points="693,1552 1194,1552 1295,1645 1440,1549 2770,1563 2721,1410 693,1407"/>
                <Baseline points="707,1540 752,1537 797,1534 842,1534 886,1534 931,1534 976,1537 1021,1537 1066,1537 1110,1537 1155,1537 1200,1537 1245,1537 1289,1537 1334,1534 1379,1534 1424,1534 1469,1537 1513,1540 1558,1540 1603,1537 1648,1540 1693,1540 1737,1540 1782,1540 1827,1540 1872,1540 1917,1543 1961,1540 2006,1543 2051,1543 2096,1543 2141,1546 2185,1546 2230,1546 2275,1546 2320,1546 2364,1546 2409,1546 2454,1546 2499,1546 2544,1546 2588,1546 2633,1546 2678,1546 2723,1546 2768,1546 2777,1549"/>
                <TextEquiv>
                    <Unicode>geben. Wenn ihm Werdenhauser nur erst einmal</Unicode>
                </TextEquiv>
            </TextLine>
            <TextLine id="tr_1_tl_9" custom="readingOrder {index:8;}">
                <Coords points="1382,1645 1415,1629 1429,1642 1456,1634 1476,1645 1541,1629 1599,1637 1629,1621 1659,1645 1689,1645 1689,1566 1648,1566 1612,1544 1514,1569 1486,1552 1467,1560 1437,1552 1382,1582"/>
                <Baseline points="1397,1612 1442,1615 1487,1621 1531,1621 1576,1621 1621,1621 1666,1618 1696,1615"/>
                <TextEquiv>
                    <Unicode>von wien</Unicode>
                </TextEquiv>
            </TextLine>
            <TextLine id="tr_1_tl_10" custom="readingOrder {index:9;}">
                <Coords points="695,1703 2740,1722 2699,1599 2332,1560 1818,1574 1673,1659 1295,1645 1054,1538 695,1574"/>
                <Baseline points="710,1687 755,1687 800,1690 845,1690 889,1693 934,1690 979,1693 1024,1690 1069,1690 1113,1690 1158,1690 1203,1690 1248,1690 1292,1693 1337,1693 1382,1693 1427,1693 1472,1696 1516,1696 1561,1696 1606,1696 1651,1696 1696,1696 1740,1696 1785,1696 1830,1696 1875,1696 1920,1696 1964,1696 2009,1696 2054,1699 2099,1696 2143,1699 2188,1699 2233,1702 2278,1702 2323,1702 2367,1699 2412,1702 2457,1702 2502,1702 2547,1702 2591,1699 2636,1699 2681,1699 2726,1702 2747,1705"/>
                <TextEquiv>
                    <Unicode>da gegenüberses mit seinem würdigen milden</Unicode>
                </TextEquiv>
            </TextLine>
            <TextLine id="tr_1_tl_11" custom="readingOrder {index:10;}">
                <Coords points="682,1889 2382,1903 2595,1872 2592,1741 1363,1763 1163,1705 679,1771"/>
                <Baseline points="698,1854 722,1854 767,1851 812,1848 856,1845 901,1845 946,1845 991,1845 1036,1845 1080,1845 1125,1845 1170,1845 1215,1848 1260,1848 1304,1848 1349,1848 1394,1848 1439,1845 1484,1845 1528,1845 1573,1848 1618,1845 1663,1848 1708,1848 1752,1848 1797,1851 1842,1851 1887,1851 1931,1854 1976,1851 2021,1851 2066,1851 2111,1851 2155,1851 2200,1848 2245,1848 2290,1851 2335,1848 2379,1848 2424,1848 2469,1851 2514,1851 2559,1851 2603,1851"/>
                <TextEquiv>
                    <Unicode>Antlitz, mit den ruhig forschenden und</Unicode>
                </TextEquiv>
            </TextLine>
            <TextLine id="tr_1_tl_12" custom="readingOrder {index:11;}">
                <Coords points="693,2009 2716,2018 2716,1944 2477,1894 2138,1941 2056,1883 693,1883"/>
                <Baseline points="707,1994 752,1994 797,1994 842,1994 886,1997 931,1997 976,1997 1021,1997 1066,1997 1110,1997 1155,1997 1200,1997 1245,1997 1289,2000 1334,2000 1379,2003 1424,2000 1469,2000 1513,2000 1558,2003 1603,2003 1648,2006 1693,2003 1737,2003 1782,2006 1827,2003 1872,2003 1917,2003 1961,2003 2006,2003 2051,2000 2096,2000 2141,2003 2185,2000 2230,2003 2275,2003 2320,2003 2364,2003 2409,2003 2454,2003 2499,2000 2544,2000 2588,2000 2633,2000 2678,1997 2723,1994"/>
                <TextEquiv>
                    <Unicode>selbstgewissen Augen, wenn er nur erst wie-</Unicode>
                </TextEquiv>
            </TextLine>
            <TextLine id="tr_1_tl_13" custom="readingOrder {index:12;}">
                <Coords points="2494,2089 2535,2091 2554,2113 2664,2091 2724,2119 2795,2094 2833,2100 2833,2009 2787,2009 2735,2045 2685,2023 2628,2020 2579,2053 2494,2020"/>
                <Baseline points="2508,2084 2526,2087 2570,2090 2615,2090 2660,2090 2705,2090 2750,2087 2794,2084 2839,2081"/>
                <TextEquiv>
                    <Unicode>würde</Unicode>
                </TextEquiv>
            </TextLine>
            <TextLine id="tr_1_tl_14" custom="readingOrder {index:13;}">
                <Coords points="676,2163 2877,2165 2877,2094 2261,2028 676,2034"/>
                <Baseline points="692,2146 731,2146 776,2149 821,2146 865,2149 910,2152 955,2152 1000,2155 1045,2152 1089,2152 1134,2152 1179,2149 1224,2152 1269,2152 1313,2152 1358,2152 1403,2152 1448,2152 1493,2152 1537,2152 1582,2152 1627,2155 1672,2155 1716,2155 1761,2155 1806,2155 1851,2155 1896,2155 1940,2155 1985,2155 2030,2155 2075,2155 2120,2152 2164,2152 2209,2152 2254,2152 2299,2152 2344,2152 2388,2155 2433,2155 2478,2158 2523,2161 2568,2161 2612,2158 2657,2158 2702,2158 2747,2155 2791,2152 2836,2152 2881,2143"/>
                <TextEquiv>
                    <Unicode>der den weichen Ton seiner Stimme hörte, da</Unicode>
                </TextEquiv>
            </TextLine>
            <TextLine id="tr_1_tl_15" custom="readingOrder {index:14;}">
                <Coords points="671,2269 693,2272 769,2234 901,2242 914,2256 942,2250 999,2267 994,2163 972,2163 923,2201 857,2165 769,2187 665,2157"/>
                <Baseline points="683,2227 728,2221 773,2227 818,2230 862,2233 907,2236 952,2236 997,2236 1003,2236"/>
                <TextEquiv>
                    <Unicode>de wird.</Unicode>
                </TextEquiv>
            </TextLine>
            <TextLine id="tr_1_tl_16" custom="readingOrder {index:15;}">
                <Coords points="2590,2253 2614,2256 2623,2247 2636,2258 2653,2250 2677,2253 2683,2171 2666,2168 2661,2174 2653,2174 2647,2165 2628,2179 2595,2171"/>
                <Baseline points="2606,2248 2642,2245 2687,2242"/>
                <TextEquiv>
                    <Unicode>it</Unicode>
                </TextEquiv>
            </TextLine>
            <TextLine id="tr_1_tl_17" custom="readingOrder {index:16;}">
                <Coords points="96,2327 246,2321 268,2305 320,2332 359,2316 397,2332 416,2313 438,2324 487,2302 509,2316 553,2302 558,2204 479,2215 427,2176 328,2174 194,2234 101,2231"/>
                <Baseline points="110,2314 113,2314 158,2308 203,2308 247,2302 292,2299 337,2296 382,2293 427,2293 471,2290 516,2287 561,2284"/>
                <TextEquiv>
                    <Unicode>weiß es</Unicode>
                </TextEquiv>
            </TextLine>
            <TextLine id="tr_1_tl_18" custom="readingOrder {index:17;}">
                <Coords points="695,2310 2382,2313 2538,2373 2746,2330 2746,2215 2549,2286 2343,2187 1152,2190 695,2264"/>
                <Baseline points="710,2305 755,2305 800,2305 845,2305 889,2308 934,2308 979,2308 1024,2308 1069,2308 1113,2308 1158,2308 1203,2305 1248,2305 1292,2305 1337,2305 1382,2308 1427,2308 1472,2308 1516,2308 1561,2308 1606,2308 1651,2311 1696,2308 1740,2311 1785,2311 1830,2308 1875,2311 1920,2311 1964,2311 2009,2311 2054,2308 2099,2311 2143,2311 2188,2311 2233,2311 2278,2311 2323,2314 2367,2311 2412,2314 2457,2311 2502,2311 2547,2311 2591,2308 2636,2311 2681,2311 2726,2311 2753,2305"/>
                <TextEquiv>
                    <Unicode>würde schon Alles in ihm aufwachen, was wie-</Unicode>
                </TextEquiv>
            </TextLine>
            <TextLine id="tr_1_tl_19" custom="readingOrder {index:18;}">
                <Coords points="693,2472 2710,2510 2707,2349 690,2357"/>
                <Baseline points="707,2454 752,2460 797,2460 842,2460 886,2463 931,2463 976,2463 1021,2463 1066,2460 1110,2463 1155,2463 1200,2463 1245,2463 1289,2463 1334,2460 1379,2460 1424,2460 1469,2463 1513,2463 1558,2460 1603,2463 1648,2460 1693,2463 1737,2463 1782,2463 1827,2466 1872,2466 1917,2466 1961,2466 2006,2463 2051,2469 2096,2469 2141,2469 2185,2469 2230,2469 2275,2469 2320,2469 2364,2469 2409,2469 2454,2469 2499,2469 2544,2469 2588,2469 2633,2472 2678,2475 2717,2478"/>
                <TextEquiv>
                    <Unicode>le Jahre in ihm schlummert, der ganze Hasa,</Unicode>
                </TextEquiv>
            </TextLine>
            <TextLine id="tr_1_tl_20" custom="readingOrder {index:19;}">
                <Coords points="690,2623 2434,2677 2694,2628 2691,2535 2609,2497 687,2508"/>
                <Baseline points="704,2615 749,2615 794,2615 839,2618 883,2618 928,2618 973,2618 1018,2618 1063,2618 1107,2618 1152,2618 1197,2621 1242,2618 1286,2618 1331,2618 1376,2618 1421,2618 1466,2621 1510,2621 1555,2618 1600,2621 1645,2621 1690,2621 1734,2621 1779,2621 1824,2624 1869,2624 1914,2624 1958,2624 2003,2624 2048,2624 2093,2624 2138,2624 2182,2624 2227,2624 2272,2624 2317,2624 2361,2624 2406,2624 2451,2624 2496,2624 2541,2624 2585,2624 2630,2624 2675,2624 2701,2623"/>
                <TextEquiv>
                    <Unicode>den er vielleicht vom ersten Augenblick ih-</Unicode>
                </TextEquiv>
            </TextLine>
            <TextLine id="tr_1_tl_21" custom="readingOrder {index:20;}">
                <Coords points="690,2781 1199,2836 1319,2784 2680,2806 2677,2677 2579,2655 687,2647"/>
                <Baseline points="704,2771 749,2768 794,2771 839,2771 883,2774 928,2774 973,2771 1018,2771 1063,2774 1107,2774 1152,2774 1197,2774 1242,2774 1286,2774 1331,2774 1376,2774 1421,2774 1466,2777 1510,2774 1555,2777 1600,2777 1645,2780 1690,2777 1734,2777 1779,2777 1824,2780 1869,2780 1914,2780 1958,2780 2003,2780 2048,2780 2093,2783 2138,2783 2182,2780 2227,2780 2272,2780 2317,2780 2361,2780 2406,2780 2451,2780 2496,2780 2541,2780 2585,2780 2630,2777 2675,2780 2687,2780"/>
                <TextEquiv>
                    <Unicode>rer Freundschaft an gegen ihn gehegt durch</Unicode>
                </TextEquiv>
            </TextLine>
            <TextLine id="tr_1_tl_22" custom="readingOrder {index:21;}">
                <Coords points="693,2940 2631,2978 2677,2800 693,2825"/>
                <Baseline points="707,2926 752,2932 797,2932 842,2932 886,2935 931,2932 976,2932 1021,2932 1066,2932 1110,2935 1155,2935 1200,2932 1245,2935 1289,2932 1334,2935 1379,2935 1424,2935 1469,2935 1513,2935 1558,2935 1603,2938 1648,2938 1693,2938 1737,2938 1782,2938 1827,2941 1872,2941 1917,2941 1961,2941 2006,2941 2051,2944 2096,2941 2141,2941 2185,2941 2230,2941 2275,2941 2320,2941 2364,2941 2409,2941 2454,2941 2499,2941 2544,2941 2588,2941 2633,2941 2678,2944 2684,2941"/>
                <TextEquiv>
                    <Unicode>die sieben oder acht Jahre, da sie Freunde</Unicode>
                </TextEquiv>
            </TextLine>
            <TextLine id="tr_1_tl_23" custom="readingOrder {index:22;}">
                <Coords points="693,3134 2592,3129 2565,2970 693,2962"/>
                <Baseline points="707,3096 752,3093 797,3090 842,3090 886,3090 931,3090 976,3090 1021,3090 1066,3093 1110,3093 1155,3093 1200,3090 1245,3090 1289,3090 1334,3090 1379,3090 1424,3090 1469,3090 1513,3090 1558,3090 1603,3093 1648,3093 1693,3096 1737,3093 1782,3096 1827,3096 1872,3099 1917,3096 1961,3096 2006,3096 2051,3096 2096,3096 2141,3096 2185,3096 2230,3096 2275,3096 2320,3096 2364,3096 2409,3096 2454,3099 2499,3096 2544,3096 2588,3096 2600,3099"/>
                <TextEquiv>
                    <Unicode>gewesen, bis ihre Wege sich allmälig von-</Unicode>
                </TextEquiv>
            </TextLine>
            <TextLine id="tr_1_tl_24" custom="readingOrder {index:23;}">
                <Coords points="704,3271 2349,3301 2581,3263 2581,3123 704,3134"/>
                <Baseline points="719,3245 764,3242 809,3242 854,3242 898,3245 943,3245 988,3245 1033,3245 1077,3245 1122,3251 1167,3248 1212,3248 1257,3245 1301,3245 1346,3245 1391,3245 1436,3242 1481,3242 1525,3245 1570,3248 1615,3248 1660,3251 1705,3248 1749,3248 1794,3248 1839,3248 1884,3248 1928,3251 1973,3248 2018,3248 2063,3248 2108,3251 2152,3248 2197,3248 2242,3248 2287,3248 2332,3248 2376,3248 2421,3248 2466,3248 2511,3251 2556,3248 2588,3251"/>
                <TextEquiv>
                    <Unicode>einander gelöst - der des Freundes immer</Unicode>
                </TextEquiv>
            </TextLine>
            <TextLine id="tr_1_tl_25" custom="readingOrder {index:24;}">
                <Coords points="698,3455 2688,3444 2685,3288 2568,3263 695,3269"/>
                <Baseline points="710,3398 755,3398 800,3398 845,3401 889,3401 934,3401 979,3401 1024,3404 1069,3404 1113,3401 1158,3401 1203,3401 1248,3404 1292,3404 1337,3404 1382,3401 1427,3401 1472,3401 1516,3401 1561,3401 1606,3404 1651,3404 1696,3404 1740,3404 1785,3404 1830,3407 1875,3404 1920,3404 1964,3407 2009,3407 2054,3407 2099,3407 2143,3407 2188,3407 2233,3407 2278,3407 2323,3407 2367,3407 2412,3407 2457,3410 2502,3410 2547,3410 2591,3410 2636,3407 2681,3410 2693,3407"/>
                <TextEquiv>
                    <Unicode>weiter in die Höhe und der seine immer tie-</Unicode>
                </TextEquiv>
            </TextLine>
            <TextLine id="tr_1_tl_26" custom="readingOrder {index:25;}">
                <Coords points="693,3586 2401,3616 2705,3578 2705,3441 690,3452"/>
                <Baseline points="704,3553 749,3556 794,3556 839,3556 883,3556 928,3556 973,3556 1018,3559 1063,3556 1107,3559 1152,3562 1197,3556 1242,3559 1286,3559 1331,3559 1376,3559 1421,3559 1466,3559 1510,3559 1555,3562 1600,3562 1645,3562 1690,3559 1734,3559 1779,3559 1824,3559 1869,3559 1914,3562 1958,3565 2003,3562 2048,3565 2093,3565 2138,3565 2182,3565 2227,3565 2272,3565 2317,3565 2361,3565 2406,3568 2451,3565 2496,3565 2541,3565 2585,3565 2630,3562 2675,3559 2711,3559"/>
                <TextEquiv>
                    <Unicode>for bis in die letzten Tiefen ging. Nun wa-</Unicode>
                </TextEquiv>
            </TextLine>
            <TextLine id="tr_1_tl_27" custom="readingOrder {index:26;}">
                <Coords points="690,3739 2549,3748 2631,3728 2631,3616 690,3622"/>
                <Baseline points="704,3714 749,3711 794,3711 839,3711 883,3711 928,3711 973,3711 1018,3711 1063,3711 1107,3714 1152,3714 1197,3711 1242,3714 1286,3714 1331,3714 1376,3714 1421,3714 1466,3717 1510,3717 1555,3720 1600,3720 1645,3720 1690,3720 1734,3720 1779,3720 1824,3720 1869,3723 1914,3720 1958,3720 2003,3720 2048,3720 2093,3720 2138,3720 2182,3720 2227,3720 2272,3723 2317,3726 2361,3723 2406,3723 2451,3723 2496,3720 2541,3720 2585,3720 2630,3720 2636,3720"/>
                <TextEquiv>
                    <Unicode>ren es bald zwanzig Jahre, dass sie nicht</Unicode>
                </TextEquiv>
            </TextLine>
            <TextLine id="tr_1_tl_28" custom="readingOrder {index:27;}">
                <Coords points="679,3895 2718,3882 2642,3780 2466,3734 2086,3789 679,3728"/>
                <Baseline points="695,3872 740,3866 785,3866 830,3866 874,3869 919,3869 964,3869 1009,3869 1054,3869 1098,3869 1143,3869 1188,3869 1233,3869 1278,3869 1322,3866 1367,3866 1412,3869 1457,3869 1501,3869 1546,3872 1591,3872 1636,3872 1681,3872 1725,3872 1770,3872 1815,3872 1860,3872 1905,3872 1949,3875 1994,3875 2039,3875 2084,3875 2129,3872 2173,3872 2218,3872 2263,3872 2308,3872 2353,3875 2397,3875 2442,3878 2487,3878 2532,3878 2576,3878 2621,3878 2666,3878 2711,3872 2726,3875"/>
                <TextEquiv>
                    <Unicode>mehr miteinander verkehrten. Im Anfang die-</Unicode>
                </TextEquiv>
            </TextLine>
            <TextLine id="tr_1_tl_29" custom="readingOrder {index:28;}">
                <Coords points="695,4054 2327,4032 2628,4093 2718,4051 2718,3898 695,3915"/>
                <Baseline points="710,4028 755,4025 800,4028 845,4028 889,4028 934,4028 979,4028 1024,4028 1069,4028 1113,4028 1158,4028 1203,4028 1248,4028 1292,4031 1337,4031 1382,4031 1427,4028 1472,4028 1516,4028 1561,4031 1606,4028 1651,4031 1696,4031 1740,4031 1785,4031 1830,4031 1875,4031 1920,4031 1964,4031 2009,4031 2054,4034 2099,4031 2143,4031 2188,4031 2233,4031 2278,4031 2323,4031 2367,4031 2412,4034 2457,4034 2502,4034 2547,4034 2591,4031 2636,4031 2681,4034 2723,4037"/>
                <TextEquiv>
                    <Unicode>ser Zeit hatte sie der Zufall noch manchmal</Unicode>
                </TextEquiv>
            </TextLine>
            <TextLine id="tr_1_tl_30" custom="readingOrder {index:29;}">
                <Coords points="706,4205 1544,4202 1872,4273 2406,4210 2620,4270 2620,4093 2439,4065 706,4051"/>
                <Baseline points="722,4183 740,4183 785,4183 830,4183 874,4183 919,4183 964,4183 1009,4186 1054,4183 1098,4183 1143,4186 1188,4189 1233,4189 1278,4192 1322,4192 1367,4189 1412,4189 1457,4189 1501,4189 1546,4189 1591,4189 1636,4189 1681,4189 1725,4192 1770,4192 1815,4195 1860,4192 1905,4192 1949,4195 1994,4192 2039,4195 2084,4192 2129,4192 2173,4192 2218,4192 2263,4195 2308,4192 2353,4192 2397,4192 2442,4195 2487,4195 2532,4195 2576,4192 2624,4191"/>
                <TextEquiv>
                    <Unicode>einander begegnen lassen, bald aber hatte</Unicode>
                </TextEquiv>
            </TextLine>
        </TextRegion>
    </Page>
</PcGts>
