3480 4184
2701 60 2845 144 Immeuble
1943 77 2069 161 — — —
2901 175 3104 354 24
267 659 3069 982 der Gründeow, auch dem Todlenbalt, läßt ein
302 887 3115 1203 oderflächlich bekannten Frau Idee erzählt ihn
1985 1154 3143 1428 so ein Eheleichen
305 1157 1950 1431 ganz zuverlor, das die So¬
284 1536 737 1652 war
389 1694 3059 1919 Vielleicht sei sein einzigen Berlin - endlich mich
407 1971 1491 2178 er es wem erzählen.
617 2136 3171 2452 o der besser noch, er erzählt, es den Mann; der ist
298 2178 565 2287 (H. I)
431 2382 3248 2641 um sich große lie jemorden; und er hat in Nassau
382 2585 3045 2869 seits mit müssen, 60 misch ganz verziecht.
393 2795 2708 3125 Es hat eine groß Freund, ihn der Tage zu kommen.
435 3023 2483 3272 Mich für uns zu keben geben sollen
2112 3153 3276 3406 Er einsam, nun, verloren
575 3280 1596 3539 No <gap/> for
2034 3308 3234 3522 früh Richter gewesen, jetzt nichts
680 3472 1855 3644 Sie sehr mit sich wollen.
505 3630 1238 3890 Cn. Bialog
2943 3872 3045 4076 -
