3347 4712
2913 326 3049 570 14
781 478 2892 699 Sie doch, es liegt so ungeheuer viel daran...
783 747 2639 844 Und sehen Sie, Herr Doktor,... ach Gott
781 825 2797 1002 für Sie ist’s einfach ein Weg, ein Zeitver-
781 1052 2771 1162 lust von einer Viertelstunde - nicht wahr?
789 1207 2781 1317 Sie setzen sich in den Wagen. was liegt
783 1356 2781 1477 Ihnen weiter daran?.. Kein Mensch kann es
789 1519 2487 1682 Ihnen übelnehmen, es wäre nur edel.
1030 1667 2718 1764 "Na, lassen wir das“, sagte der Dok-
1922 1756 2274 1872 wie das
802 1759 2826 1927 tor mit leichtem Zucken in den Mundwinkeln.
818 1969 2818 2074 "Für mich hat es natürlich nichts zu bedeu-
2361 2029 2860 2187 und gesuch
815 2145 2708 2245 ten. Es handelt sich nur um Sie... diese
804 2295 1433 2432 Aufregung....
1030 2445 2752 2550 Rademacher merkte sehr gut, dass der
804 2537 2850 2692 Doktor nur mehr anstandshalber diese letzte
812 2752 2734 2863 Ausflucht gebrauchte, und er sagte: "Nun,
791 2892 2834 3015 Herr Doktor, und was ist schon damit gewon-
804 3070 2702 3186 nen, wenn ich morgen erst abends sterbe,
823 3228 1719 3346 statt in der Früh?"
2274 3197 3123 3423 leichthunend sah weg.
1073 3370 2815 3586 „Ach Gott“, sagte der Arzt. Er schien
828 3536 1443 3707 nachzudenken.
1075 3686 2739 3788 “Herr Doktor“, sagte Rademacher und
828 3856 2298 3951 faltete flehend die Hände.
1086 3996 2626 4096 Also schön - ich fahre hin. Aber
836 4109 2915 4327 bitte, ich verlange Folgendes: erstens, dass
