3352 4696
2870 261 3083 528 Dt
1132 402 2954 666 "Nun ja also, jetzt steht die Sache so,
825 647 2951 822 dass Du gesund bist und im gewöhnlichen Wort-
827 773 2881 970 sinn Alles erreicht hast, und dass sie mich
827 932 2959 1113 in den nächsten Tagen verscharren werden. Und
817 1100 2854 1264 darum vielleicht nur der Ordnung wegen muss
819 1275 2808 1404 ich Dir noch etwas sagen, bevor es zu spät
817 1418 2927 1568 wird.....“ Er hielt inne und sah Werdenhauser
808 1574 1727 1727 scharf ins Gesicht.
1110 1709 2897 1878 "Nun was denn? Ist die Abrechnung noch
800 1897 2851 2035 nicht zu Ende?“, fragte Werdenhauser, indem
808 2032 2318 2196 er seinen Ueberzieher zuknöpfte.
1102 2186 2921 2339 "Nun, komm' näher.... Vor zwanzig Jah-
790 2328 2954 2514 ren, als Dein erstes Stück im Burgtheater auf-
784 2482 2800 2665 geführt wurde, am selben Abend, während Du
782 2638 2816 2830 auf der Bühne warst, während der Scene zwi-
795 2773 2878 3008 schen Wilhelm und Anna... Was sagst Du, ich
773 2964 2776 3124 habe mir xxx die Namen noch gemerkt!....
784 3110 2849 3301 rückwärts in der Loge, wie Alles dunkel war,
771 3280 2779 3452 habe ich Deine Frau zum ersten Mal gehabt.
1054 3444 2657 3601 Es war vollkommen still im Zimmer.
773 3590 2911 3741 Jetzt glaubte Werdenhauser zum ersten Mal das
771 3749 2714 3937 Ticken der Uhr zu vernehmen, die über der
779 3908 2943 4121 Thüre angebracht war. Rademacher schwieg, legä
