3323 4312
109 343 830 551 F. Wynberg.
58 452 1548 750 Brunn Meil, jede Kind
74 628 2397 929 man konnte sagen. Erenauf die dit noch
64 840 2474 1192 Ad. Cass der gemeinblichtlich von mir 1
67 1003 2436 1327 wie in nicht mit Namens: Markt die
87 1356 728 1580 sest nicht!
1798 1381 2535 1657 C. J. de Lieut
74 1474 1779 1740 Als noch verloren. Ergenartig.
90 1561 2558 1974 laße Bericht. Übrigens sagt mir die Cap
147 1865 1362 2147 Ich die vom heilen seitige
131 2080 1346 2314 hof der, die unkopf.
179 2263 1378 2529 Alf me willk i
183 2298 2663 2721 Eil bist die Arprit 2. Als. in Kürz
141 2590 2593 2884 Maße die Pomeurs, amnach A.M.
167 2875 474 3096 sebt
196 3009 651 3205 also in
179 3128 1378 3346 damadr forte by denie
292 3304 824 3519 Mr F-
199 3311 2788 3699 an uorfallend mit sein Frau. Wieder
279 3516 2657 3904 schön siehen. Dienst auf der Kühen, nicht.
314 3740 2663 4048 soll ich diesen schuldig: Ihn mehr
