3339 4648
898 357 2928 567 chen Lage... Na, Herr Doktor, exitus leta-
900 513 1876 708 lis....“ Er lachte.
1142 684 2969 882 "Sie haben eben Fieber“, sagte der Dok-
895 825 1585 1002 tor sehr mild.
1129 989 2917 1174 "Also, ich will damit sagen", fuhr der
885 1153 2772 1330 Kranke fort, "wenn man so nahe dran ist,
887 1306 2878 1470 nimmt man sich Manches heraus.... Ja, Herr
887 1418 2891 1650 Doktor, wenn Sie sich zum Beispiel vorstel-
872 1603 1286 1715 len....
1137 1725 2936 1939 "Etwas leiser, Herr Rademacher, bitte."
1137 1913 2792 2092 Ja, Herr Doktor, wenn Sie sich zum
877 2040 2826 2256 Beispiel vorstellen, ich hätte noch etwas
893 2228 2915 2423 ungeheuer Wichtiges zu thun - verstehen Sie
874 2384 2897 2563 mich? - etwas, woran viel härgt, et was, wo¬
890 2522 2764 2720 von das Schicksal anderer Leute abhängt,
2701 2634 2792 2707 eh.
885 2709 2912 2868 oder meine ruhige Sterbestunde... nun,frage
869 2842 2956 3001 Sie, Herr Doktor... sehen Sie, ich weiss
877 2988 2923 3196 es ja... also, wenn ich noch unbedingt mit
869 3162 2925 3370 Jemand sprechen müsste - verstehen Sie mich
890 3336 1135 3472 ....
1122 3461 2904 3657 "Gewiss, gewiss. Aber was soll ich da-
877 3612 2886 3810 bei? Ich meine: inwiefern kann ich Ihnenbe-
869 3800 2951 3958 hilflich sein? Ich wiederhole Ihnen ja, dass
864 3938 2907 4133 kein Anlass vorliegt... Aber ich fragte Sie
895 4107 2691 4273 ich schon vorhin: Haben Sie irgendeinen
