3355 4712
822 545 2942 746 Sie doch, es liegt so ungeheuer viel daran...
820 746 2702 883 Und sehen Sie, Herr Doktor,.. ach Gott,
812 925 2818 1015 für Sie ist’s einfach ein Weg, ein Zeitver-
814 1092 2802 1264 lust von einer Viertelstunde - nicht wahr?
814 1245 2813 1380 Sie setzen sich in den Wagen. was liegt
820 1362 2805 1502 Ihnen weiter daran?.. Kein Mensch kann es
825 1560 2501 1658 Ihnen übelnehmen, es wäre nur edel.'
1071 1721 2742 1811 „Na, lassen wir das“, sagte der Dok-
1948 1790 2287 1890 am in
825 1811 2847 1983 tor mit leichtem Zucken in den Mundwinkeln.
841 1985 2837 2107 "Für mich hat es natürlich nichts zu bedeu-
2385 2075 2866 2221 und zurück
835 2163 2736 2284 ten. Es handelt sich nur um Sie... diese
827 2326 1467 2456 Aufregung....
1060 2379 2771 2575 Rademacher merkte sehr gut, dass der
830 2612 2866 2773 Doktor nur mehr anstandshalber diese letzte
833 2797 2755 2887 Ausflucht gebrauchte, und er sagte: "Nun,
814 2953 2850 3054 Herr Doktor, und was ist schon damit gewon-
825 3093 2712 3196 nen, wenn ich morgen erst abenis sterbe,
833 3260 1732 3363 statt in der Früh? -
2300 3194 3146 3437 leichtsinnend sah weg.
1092 3400 2842 3611 Ach Gott“, sagte der Arzt. Er schien
835 3561 1467 3696 nachzudenken.
1097 3722 2747 3820 ‘Herr Doktor“, sagte Rademacher und
835 3878 2316 4061 faltete  flehend die Hände.
1095 3960 2644 4132 Also schön - ich fahre hin. Aber
835 4167 2929 4328 bitte, ich verlange Folgendes: erstens, dass
