<?xml version="1.0" encoding="UTF-8" standalone="yes"?>
<PcGts xmlns="http://schema.primaresearch.org/PAGE/gts/pagecontent/2013-07-15" xmlns:xsi="http://www.w3.org/2001/XMLSchema-instance" xsi:schemaLocation="http://schema.primaresearch.org/PAGE/gts/pagecontent/2013-07-15 http://schema.primaresearch.org/PAGE/gts/pagecontent/2013-07-15/pagecontent.xsd">
    <Metadata>
        <Creator>prov=READ-COOP:name=TrHtr:version=2.1.0:model_id=51170:date=28_07_2023_20:24</Creator>
        <Created>2023-05-10T11:53:29.048+02:00</Created>
        <LastChange>2023-07-28T20:24:02.094+02:00</LastChange>
        <TranskribusMetadata docId="1428174" pageId="55394138" pageNr="109" tsid="131375479" status="IN_PROGRESS" userId="64420" imgUrl="https://files.transkribus.eu/Get?id=SZWAMFUTACFBJXFREQZRULTA&amp;fileType=view" xmlUrl="https://files.transkribus.eu/Get?id=YLZUYZIBBLZGCFEMJEMOFOHN" imageId="44669022"/>
    </Metadata>
    <Page imageFilename="1428174_0109.jpg" imageWidth="3403" imageHeight="4296">
        <ReadingOrder>
            <OrderedGroup id="ro_1711801867774" caption="Regions reading order">
                <RegionRefIndexed index="0" regionRef="tr_2"/>
                <RegionRefIndexed index="1" regionRef="tr_1"/>
            </OrderedGroup>
        </ReadingOrder>
        <TextRegion id="tr_2" custom="readingOrder {index:0;}">
            <Coords points="110,535 2630,535 2630,1604 110,1604"/>
            <TextLine id="tr_2_tl_1" custom="readingOrder {index:0;}">
                <Coords points="176,630 240,614 288,656 307,659 349,640 342,374 320,374 294,390 256,384 243,397 224,384 170,397"/>
                <Baseline points="191,588 235,585 280,588 325,588 352,591"/>
                <TextEquiv>
                    <Unicode>D</Unicode>
                </TextEquiv>
            </TextLine>
            <TextLine id="tr_2_tl_2" custom="readingOrder {index:1;}">
                <Coords points="387,860 454,880 550,832 595,860 979,771 1020,812 1187,729 1327,755 1350,547 406,678"/>
                <Baseline points="411,794 447,791 492,803 537,803 582,797 626,794 671,782 716,776 761,776 806,770 850,764 895,761 940,755 985,755 1029,755 1074,749 1119,737 1164,728 1209,722 1253,719 1298,716 1343,704"/>
                <TextEquiv>
                    <Unicode>recht mit einem Todes?</Unicode>
                </TextEquiv>
            </TextLine>
            <TextLine id="tr_2_tl_3" custom="readingOrder {index:2;}">
                <Coords points="106,1046 2617,841 2633,691 1164,742 521,928 125,841"/>
                <Baseline points="122,1041 167,1044 211,1035 256,1026 301,1015 346,1006 391,1000 435,997 480,988 525,985 570,979 614,976 659,973 704,967 749,964 794,961 838,955 883,949 928,940 973,931 1018,928 1062,925 1107,922 1152,919 1197,913 1241,907 1286,901 1331,898 1376,895 1421,889 1465,886 1510,880 1555,880 1600,883 1644,880 1689,877 1734,874 1779,874 1824,871 1868,868 1913,865 1958,868 2003,862 2047,853 2092,847 2137,844 2182,841 2227,832 2271,826 2316,823 2361,820 2406,818 2451,812 2495,806 2540,800 2585,800 2630,800"/>
                <TextEquiv>
                    <Unicode>S. d rechter W. Ich möchte mit ihn werden.</Unicode>
                </TextEquiv>
            </TextLine>
            <TextLine id="tr_2_tl_4" custom="readingOrder {index:3;}">
                <Coords points="93,854 112,857 131,838 208,848 259,822 281,838 317,828 310,701 281,701 262,713 253,704 208,717 189,710 160,736 138,720 122,736 90,736"/>
                <Baseline points="110,815 155,818 200,820 244,818 289,820 325,832"/>
                <TextEquiv>
                    <Unicode>P.</Unicode>
                </TextEquiv>
            </TextLine>
            <TextLine id="tr_2_tl_5" custom="readingOrder {index:4;}">
                <Coords points="186,1257 355,1209 611,1248 1174,1132 1625,1168 1644,982 768,988 630,1065 202,1113"/>
                <Baseline points="205,1227 211,1227 256,1221 301,1209 346,1206 391,1206 435,1206 480,1200 525,1194 570,1191 614,1182 659,1176 704,1167 749,1161 794,1158 838,1155 883,1149 928,1143 973,1134 1018,1128 1062,1122 1062,1122 1104,1116 1149,1110 1194,1107 1238,1104 1283,1101 1328,1098 1373,1095 1418,1092 1462,1098 1507,1095 1552,1089 1597,1086 1641,1083"/>
                <TextEquiv>
                    <Unicode>Ziel die schonnt: Je</Unicode>
                </TextEquiv>
            </TextLine>
            <TextLine id="tr_2_tl_6" custom="readingOrder {index:5;}">
                <Coords points="118,1436 355,1494 477,1455 678,1475 838,1417 1008,1452 1062,1439 1078,1264 963,1232 841,1305 768,1267 547,1359 419,1315 131,1318"/>
                <Baseline points="140,1427 185,1424 229,1427 274,1424 319,1424 364,1421 409,1415 453,1412 498,1409 543,1406 588,1403 632,1400 677,1397 722,1391 767,1388 812,1382 856,1373 901,1364 946,1361 991,1358 1035,1355 1080,1346"/>
                <TextEquiv>
                    <Unicode>Vor zwey Jahren.</Unicode>
                </TextEquiv>
            </TextLine>
            <TextLine id="tr_2_tl_7" custom="readingOrder {index:6;}">
                <Coords points="157,1711 592,1574 1225,1631 1676,1484 2345,1468 2396,1270 1430,1311 1241,1430 173,1516"/>
                <Baseline points="185,1594 197,1594 241,1594 286,1591 331,1591 376,1591 420,1588 465,1585 510,1582 555,1579 600,1570 644,1564 689,1558 734,1555 779,1552 823,1546 868,1540 913,1531 958,1528 1003,1525 1047,1525 1092,1522 1137,1519 1182,1519 1227,1513 1271,1510 1316,1510 1361,1510 1406,1504 1450,1495 1495,1492 1540,1489 1585,1486 1630,1480 1674,1480 1719,1477 1764,1474 1809,1465 1853,1459 1898,1450 1943,1441 1988,1435 2033,1432 2077,1430 2122,1427 2167,1424 2212,1421 2256,1421 2301,1418 2346,1412 2391,1409"/>
                <TextEquiv>
                    <Unicode>Ernung in d. Marghert. Meit! Meih!</Unicode>
                </TextEquiv>
            </TextLine>
        </TextRegion>
        <TextRegion id="tr_1" custom="readingOrder {index:1;}">
            <Coords points="131,1556 2907,1556 2907,3192 131,3192"/>
            <TextLine id="tr_1_tl_1" custom="readingOrder {index:0;}">
                <Coords points="134,1852 1609,1804 2050,1657 2537,1689 2585,1487 1919,1619 1411,1561 147,1715"/>
                <Baseline points="158,1797 161,1797 205,1794 250,1785 295,1785 340,1785 385,1788 429,1788 474,1785 519,1782 564,1779 609,1773 653,1770 698,1770 743,1767 788,1758 832,1758 877,1758 922,1752 967,1749 1012,1746 1056,1740 1101,1740 1146,1737 1191,1737 1235,1731 1280,1722 1325,1719 1370,1719 1415,1716 1459,1713 1504,1707 1549,1704 1594,1701 1638,1698 1683,1698 1728,1692 1773,1689 1818,1680 1862,1677 1907,1671 1952,1665 1997,1656 2042,1650 2086,1647 2131,1638 2176,1636 2221,1633 2265,1630 2310,1627 2355,1621 2400,1615 2445,1612 2489,1606 2534,1606 2579,1606"/>
                <TextEquiv>
                    <Unicode>mit ma zest sie zu freund gehe.    "   21. ab</Unicode>
                </TextEquiv>
            </TextLine>
            <TextLine id="tr_1_tl_2" custom="readingOrder {index:1;}">
                <Coords points="115,2057 2265,1913 2591,1862 2601,1750 2290,1702 122,1954"/>
                <Baseline points="134,2047 140,2047 185,2039 229,2036 274,2033 319,2024 364,2021 409,2018 453,2015 498,2012 543,2015 588,2009 632,2006 677,2006 722,2003 767,1997 812,1991 856,1985 901,1982 946,1979 991,1976 1035,1970 1080,1964 1125,1964 1170,1961 1215,1952 1259,1946 1304,1943 1349,1943 1394,1940 1438,1937 1483,1934 1528,1931 1573,1925 1618,1922 1662,1919 1707,1916 1752,1907 1797,1901 1841,1895 1886,1892 1931,1886 1976,1883 2021,1877 2065,1871 2110,1868 2157,1861 2157,1861 2200,1850 2245,1841 2289,1841 2334,1839 2379,1841 2424,1841 2468,1844 2513,1841 2558,1841 2603,1847"/>
                <TextEquiv>
                    <Unicode>ich mehr aufzeit. Eine schrei kommen blich nur</Unicode>
                </TextEquiv>
            </TextLine>
            <TextLine id="tr_1_tl_3" custom="readingOrder {index:2;}">
                <Coords points="617,2159 780,2198 883,2134 921,2159 1020,2127 1100,2175 1318,2143 1356,2178 1513,2191 1532,2015 1331,1958 1091,2063 844,2012 742,2057 627,2047"/>
                <Baseline points="635,2158 638,2158 683,2155 728,2149 773,2143 818,2137 862,2131 907,2128 952,2122 997,2119 1041,2116 1086,2113 1131,2110 1176,2104 1221,2098 1265,2095 1310,2089 1355,2083 1400,2080 1444,2077 1489,2071 1534,2068"/>
                <TextEquiv>
                    <Unicode>Zebeler Herr</Unicode>
                </TextEquiv>
            </TextLine>
            <TextLine id="tr_1_tl_4" custom="readingOrder {index:3;}">
                <Coords points="1583,2383 1804,2412 1996,2322 2322,2287 2671,2316 2879,2415 2904,2153 2575,2082 2399,2159 1596,2249"/>
                <Baseline points="1603,2355 1618,2355 1662,2352 1707,2349 1752,2349 1797,2349 1841,2346 1886,2340 1931,2337 1976,2325 2021,2313 2065,2304 2065,2304 2110,2307 2155,2298 2200,2298 2245,2295 2289,2286 2334,2280 2379,2277 2424,2271 2468,2265 2513,2259 2558,2253 2603,2250 2648,2250 2692,2245 2737,2245 2782,2245 2827,2248 2871,2239 2907,2236"/>
                <TextEquiv>
                    <Unicode>1.- Bal. d. Thr. Doktor.</Unicode>
                </TextEquiv>
            </TextLine>
            <TextLine id="tr_1_tl_5" custom="readingOrder {index:4;}">
                <Coords points="157,2514 505,2530 582,2585 851,2485 1024,2514 1200,2425 1347,2460 1551,2393 1564,2262 1449,2233 1158,2335 995,2287 880,2354 173,2389"/>
                <Baseline points="179,2492 191,2492 235,2492 280,2495 325,2489 370,2486 394,2486 438,2486 483,2483 528,2483 573,2480 617,2477 662,2474 707,2465 752,2462 797,2451 841,2442 886,2439 931,2433 976,2430 1021,2421 1065,2421 1110,2412 1155,2406 1200,2397 1244,2388 1289,2385 1334,2382 1379,2379 1424,2379 1468,2373 1513,2370 1558,2367"/>
                <TextEquiv>
                    <Unicode>Häusiele begrüft auch</Unicode>
                </TextEquiv>
            </TextLine>
            <TextLine id="tr_1_tl_6" custom="readingOrder {index:5;}">
                <Coords points="170,3000 1475,2837 1865,2895 2271,2732 2735,2761 2748,2617 189,2777"/>
                <Baseline points="191,2943 197,2946 241,2940 286,2931 331,2928 376,2922 420,2916 465,2910 510,2901 555,2898 600,2895 644,2895 689,2889 734,2883 779,2880 823,2877 868,2874 913,2874 958,2868 1003,2865 1047,2868 1092,2871 1137,2865 1182,2857 1227,2851 1271,2848 1316,2848 1361,2842 1406,2839 1450,2836 1495,2833 1540,2827 1585,2824 1630,2821 1674,2812 1719,2809 1764,2803 1809,2797 1853,2791 1898,2785 1943,2779 1988,2773 2033,2764 2077,2755 2122,2749 2167,2746 2212,2740 2256,2734 2301,2734 2346,2728 2391,2722 2436,2722 2480,2716 2525,2707 2570,2701 2615,2692 2659,2686 2704,2680 2749,2680"/>
                <TextEquiv>
                    <Unicode>ste der. Ärzt. Ein arm Teihel.. erkentt. der</Unicode>
                </TextEquiv>
            </TextLine>
            <TextLine id="tr_1_tl_7" custom="readingOrder {index:6;}">
                <Coords points="109,3196 355,3173 477,3247 1257,3109 1900,3157 1919,2901 1692,2866 1372,3023 739,2959 310,3061 125,3026"/>
                <Baseline points="131,3182 167,3176 211,3167 256,3158 301,3155 346,3152 391,3152 435,3149 480,3146 525,3149 570,3146 614,3143 659,3146 704,3146 749,3143 794,3137 838,3131 883,3125 928,3125 973,3122 1018,3113 1062,3110 1107,3110 1152,3104 1197,3104 1241,3098 1289,3095 1310,3092 1358,3086 1403,3083 1447,3080 1492,3074 1537,3068 1582,3066 1627,3063 1671,3057 1716,3051 1761,3045 1806,3036 1850,3033 1895,3027 1919,3024"/>
                <TextEquiv>
                    <Unicode>er morgen soll ist... stell. bal</Unicode>
                </TextEquiv>
            </TextLine>
        </TextRegion>
    </Page>
</PcGts>
