3347 4680
2881 368 3055 571 12
913 489 3015 681 morgen um halb vier die Besuchstunde ist und
921 642 2994 831 dass Sie der Herr Sekundararzt sind und dass
900 795 2826 987 Sie die Privatverhältnisse Ihrer Kranken
908 997 2873 1176 nichts angehen... Sie sind ja ein Mensch,
892 1139 2900 1297 Herr Doktor, ich weiss es... und drum füh
889 1300 2852 1460 len Sie: da liegt Einer, der schliesslich
895 1463 2923 1600 nicht der erste Beste ist - der viel erlebt
889 1616 2823 1755 hat und morgen sterben wird... und er hat
879 1747 2781 1900 noch einen Wunsch, an dem ungeheuer viel
876 1910 2826 2081 hängt, und ich kann ihm seinen Wunsch er-
874 2037 1671 2221 füllen. - also -
1095 2223 2810 2360 Der Arzt betrachtete den Kranken mit
871 2381 2929 2510 Wohlwollen und grossem Interesse. Er dachte:
860 2539 2813 2705 Wasfür sonderbare Dinge kann man doch als
860 2692 2815 2842 Sekundararzt erleben, wenn man nur offene
860 2826 2808 3010 Augen hat, und hauptsächlich wenn man ein
850 2973 2889 3152 Mensch ist, wie dieser Journal ist hier sehr
850 3121 2839 3329 richtig bemerkt hat.- Trotsdem schwankte er
847 3292 2963 3473 und hatte ein Gefühl von leichten Unbehag
834 3465 2871 3607 lichheit gegenüber der Unbequemlichkeit der
831 3639 2792 3765 ganzen Sache. Der Kranke aber fühlte sehr
829 3810 2771 3952 wohl, dass er nur mehr eine geringen An-
842 3907 2839 4139 strengung brauchte, um seinen Willen durch-
826 4063 2889 4336 zusetzen, und so fuhr er fort: "Herr Doktor,
