<?xml version="1.0" encoding="UTF-8" standalone="yes"?>
<PcGts xmlns="http://schema.primaresearch.org/PAGE/gts/pagecontent/2013-07-15" xmlns:xsi="http://www.w3.org/2001/XMLSchema-instance" xsi:schemaLocation="http://schema.primaresearch.org/PAGE/gts/pagecontent/2013-07-15 http://schema.primaresearch.org/PAGE/gts/pagecontent/2013-07-15/pagecontent.xsd">
    <Metadata>
        <Creator>prov=READ-COOP:name=TrHtr:version=2.1.0:model_id=51170:date=28_07_2023_20:23</Creator>
        <Created>2023-05-10T11:53:13.339+02:00</Created>
        <LastChange>2023-07-28T20:23:38.104+02:00</LastChange>
        <TranskribusMetadata docId="1428174" pageId="55393431" pageNr="23" tsid="131375387" status="IN_PROGRESS" userId="64420" imgUrl="https://files.transkribus.eu/Get?id=QPMKLPOHPRJGFCWLCQKJXFIG&amp;fileType=view" xmlUrl="https://files.transkribus.eu/Get?id=AJTEBRITZTMRYEKSFCORLEQG" imageId="44668316"/>
    </Metadata>
    <Page imageFilename="1428174_0023.jpg" imageWidth="3384" imageHeight="4120">
        <ReadingOrder>
            <OrderedGroup id="ro_1711801786857" caption="Regions reading order">
                <RegionRefIndexed index="0" regionRef="tr_1"/>
            </OrderedGroup>
        </ReadingOrder>
        <TextRegion id="tr_1" custom="readingOrder {index:0;}">
            <Coords points="232,450 2869,450 2869,2520 232,2520"/>
            <TextLine id="tr_1_tl_1" custom="readingOrder {index:0;}">
                <Coords points="1596,602 1767,624 1970,573 2121,612 2285,509 2507,541 2514,444 2427,467 2343,383 2157,454 1848,415 1793,373 1606,412"/>
                <Baseline points="1616,536 1645,534 1689,531 1734,534 1779,534 1824,528 1868,522 1913,522 1958,522 2003,516 2048,510 2092,507 2137,504 2182,504 2227,504 2271,504 2316,501 2363,500 2388,504 2433,501 2477,507 2519,507"/>
                <TextEquiv>
                    <Unicode>sich zu wachen.</Unicode>
                </TextEquiv>
            </TextLine>
            <TextLine id="tr_1_tl_2" custom="readingOrder {index:1;}">
                <Coords points="274,570 409,550 618,647 727,579 869,641 1577,592 1577,428 1474,399 1239,444 1075,402 950,454 785,422 653,476 373,399 274,428"/>
                <Baseline points="290,536 337,537 382,540 426,546 471,549 516,552 561,552 606,555 650,552 695,552 740,552 785,552 829,549 874,549 919,549 964,549 1009,549 1053,549 1098,552 1143,552 1188,552 1233,555 1277,552 1322,552 1367,549 1412,543 1456,540 1501,543 1546,543 1585,540"/>
                <TextEquiv>
                    <Unicode>keitmacher in heftig sehicht,</Unicode>
                </TextEquiv>
            </TextLine>
            <TextLine id="tr_1_tl_3" custom="readingOrder {index:2;}">
                <Coords points="248,795 1999,734 2092,705 2095,612 1867,653 1445,579 1085,670 251,612"/>
                <Baseline points="268,734 310,734 355,737 400,737 444,737 489,737 534,740 579,740 623,740 668,740 713,740 758,740 803,737 847,737 892,737 937,734 982,737 1027,734 1071,734 1116,734 1161,734 1206,734 1250,731 1295,731 1340,731 1385,728 1430,722 1474,716 1519,716 1564,713 1609,710 1653,710 1698,707 1743,707 1788,710 1833,707 1877,707 1922,704 1967,704 2012,701 2057,698 2101,704"/>
                <TextEquiv>
                    <Unicode>teut sich mit diese Moment.</Unicode>
                </TextEquiv>
            </TextLine>
            <TextLine id="tr_1_tl_4" custom="readingOrder {index:3;}">
                <Coords points="225,982 496,933 782,1030 1049,904 1477,892 1761,978 2054,882 2318,940 2398,924 2404,760 1577,827 1394,769 1242,850 1036,772 402,853 232,798"/>
                <Baseline points="247,919 256,919 301,919 346,922 391,922 435,925 480,925 525,925 570,925 615,925 659,925 704,922 749,922 794,922 838,919 883,916 928,913 973,907 1018,904 1062,904 1107,901 1152,901 1197,901 1241,898 1286,895 1331,889 1376,889 1421,889 1465,886 1510,886 1555,883 1600,883 1645,883 1689,880 1734,880 1779,880 1824,880 1868,877 1913,877 1958,877 2003,877 2048,877 2092,877 2137,877 2182,880 2227,877 2271,877 2316,880 2361,880 2406,886"/>
                <TextEquiv>
                    <Unicode>leicht nicht seit könig, so er sterke mich</Unicode>
                </TextEquiv>
            </TextLine>
            <TextLine id="tr_1_tl_5" custom="readingOrder {index:4;}">
                <Coords points="219,1143 525,1133 988,1239 1336,1136 1336,1059 1165,991 1110,1017 1036,985 869,1075 525,978 219,982"/>
                <Baseline points="238,1098 283,1104 328,1110 373,1116 417,1119 462,1122 507,1122 552,1122 597,1125 641,1128 686,1128 731,1131 776,1128 821,1128 865,1131 910,1131 955,1128 1000,1125 1044,1125 1089,1125 1134,1119 1179,1119 1224,1119 1268,1113 1313,1113 1343,1113"/>
                <TextEquiv>
                    <Unicode>W. Stibtberg kühl.</Unicode>
                </TextEquiv>
            </TextLine>
            <TextLine id="tr_1_tl_6" custom="readingOrder {index:5;}">
                <Coords points="216,1329 814,1439 1735,1307 2662,1390 2778,1349 2781,1120 1806,1117 1516,1259 1349,1197 1082,1268 219,1143"/>
                <Baseline points="232,1316 277,1313 322,1313 367,1313 412,1313 456,1316 501,1319 546,1319 591,1322 635,1325 680,1325 725,1325 770,1325 815,1325 859,1325 904,1328 949,1328 994,1331 1038,1331 1083,1331 1128,1328 1173,1328 1218,1325 1262,1325 1307,1322 1352,1322 1397,1319 1442,1313 1486,1313 1531,1307 1576,1307 1621,1307 1665,1304 1710,1304 1755,1304 1800,1304 1845,1301 1889,1301 1934,1298 1979,1295 2024,1295 2068,1295 2113,1295 2158,1295 2203,1298 2248,1295 2292,1295 2337,1295 2382,1292 2427,1289 2472,1292 2516,1295 2561,1292 2606,1295 2651,1295 2695,1295 2740,1298 2785,1292"/>
                <TextEquiv>
                    <Unicode>Stich dich Kühl wird auch R. kurk, u stichgiltig</Unicode>
                </TextEquiv>
            </TextLine>
            <TextLine id="tr_1_tl_7" custom="readingOrder {index:6;}">
                <Coords points="216,1645 563,1555 901,1648 2491,1603 2684,1571 2691,1384 2350,1342 1970,1452 1110,1490 895,1400 711,1497 222,1413"/>
                <Baseline points="235,1531 277,1525 322,1534 367,1540 412,1540 456,1543 501,1546 546,1546 591,1546 635,1549 680,1549 725,1552 770,1555 815,1552 859,1555 904,1558 949,1561 994,1564 1038,1567 1083,1567 1128,1564 1173,1561 1218,1558 1262,1555 1307,1552 1352,1549 1397,1546 1442,1540 1486,1534 1531,1534 1576,1531 1621,1531 1665,1525 1710,1525 1755,1522 1800,1522 1845,1519 1889,1516 1934,1516 1979,1510 2024,1510 2068,1507 2113,1504 2158,1501 2203,1501 2248,1498 2292,1498 2337,1495 2382,1492 2427,1489 2472,1489 2516,1489 2561,1489 2606,1483 2651,1486 2695,1489"/>
                <TextEquiv>
                    <Unicode>Er sagt an Er hat glagtet ich knyfer der N. Gflegten</Unicode>
                </TextEquiv>
            </TextLine>
            <TextLine id="tr_1_tl_8" custom="readingOrder {index:7;}">
                <Coords points="254,1812 518,1770 657,1838 753,1799 879,1819 1040,1767 1139,1780 1139,1693 956,1629 830,1677 579,1690 447,1645 258,1645"/>
                <Baseline points="271,1785 298,1776 343,1773 388,1770 432,1767 477,1767 522,1770 567,1770 612,1770 656,1773 701,1773 746,1773 791,1770 835,1773 880,1770 925,1767 970,1764 1015,1761 1059,1755 1104,1758 1149,1755"/>
                <TextEquiv>
                    <Unicode>gelt diese Hüge.</Unicode>
                </TextEquiv>
            </TextLine>
            <TextLine id="tr_1_tl_9" custom="readingOrder {index:8;}">
                <Coords points="274,1983 1284,2070 2189,1918 2546,2025 2858,1915 2865,1728 1857,1825 1571,1741 1165,1870 280,1822"/>
                <Baseline points="295,1946 316,1949 361,1949 406,1946 450,1946 495,1952 540,1955 585,1955 629,1958 674,1958 719,1964 764,1964 809,1964 853,1964 898,1964 943,1967 988,1967 1032,1967 1077,1967 1122,1967 1167,1964 1212,1961 1256,1958 1301,1955 1346,1952 1391,1949 1436,1946 1480,1946 1525,1943 1570,1940 1615,1937 1659,1934 1704,1934 1749,1934 1794,1925 1839,1922 1883,1916 1928,1913 1973,1907 2018,1898 2062,1895 2107,1892 2152,1886 2197,1886 2242,1880 2286,1880 2331,1880 2376,1877 2421,1877 2466,1877 2510,1880 2555,1877 2600,1874 2645,1877 2689,1871 2734,1874 2779,1874 2824,1871 2869,1868"/>
                <TextEquiv>
                    <Unicode>kunt ihm unendlich Kreiff vor, das er deswegen M</Unicode>
                </TextEquiv>
            </TextLine>
            <TextLine id="tr_1_tl_10" custom="readingOrder {index:9;}">
                <Coords points="222,2282 264,2295 451,2218 605,2237 670,2298 763,2256 814,2272 962,2234 966,2066 927,2054 731,2095 550,2066 486,2095 383,2041 309,2044 229,2089"/>
                <Baseline points="244,2212 250,2215 295,2200 340,2194 385,2197 429,2197 474,2194 519,2194 564,2191 609,2194 653,2191 698,2188 743,2191 788,2188 832,2185 877,2185 922,2182 967,2173"/>
                <TextEquiv>
                    <Unicode>ser citivt sal.</Unicode>
                </TextEquiv>
            </TextLine>
            <TextLine id="tr_1_tl_11" custom="readingOrder {index:10;}">
                <Coords points="280,2346 367,2372 438,2359 515,2411 579,2417 634,2385 718,2433 776,2424 885,2350 930,2363 933,2266 837,2253 782,2285 760,2260 666,2298 615,2256 464,2289 357,2247 280,2282"/>
                <Baseline points="298,2343 310,2343 355,2346 400,2349 444,2349 489,2349 534,2349 579,2346 623,2346 668,2346 713,2340 758,2343 803,2337 847,2334 892,2331 937,2334"/>
                <TextEquiv>
                    <Unicode>die schweigen.</Unicode>
                </TextEquiv>
            </TextLine>
            <TextLine id="tr_1_tl_12" custom="readingOrder {index:11;}">
                <Coords points="251,2591 451,2511 930,2572 1342,2469 1542,2549 1989,2466 2256,2514 2295,2314 1783,2266 1362,2346 1094,2282 721,2437 264,2401"/>
                <Baseline points="274,2510 283,2510 328,2510 373,2510 417,2510 462,2510 507,2510 552,2507 597,2507 641,2507 686,2504 731,2501 776,2498 821,2495 865,2492 910,2489 955,2489 1000,2489 1044,2486 1089,2486 1134,2483 1179,2480 1224,2477 1268,2472 1313,2466 1358,2460 1403,2460 1447,2463 1492,2463 1537,2460 1582,2460 1627,2460 1671,2457 1716,2451 1761,2448 1806,2442 1851,2436 1895,2433 1940,2430 1985,2424 2030,2421 2074,2418 2119,2415 2164,2412 2209,2409 2254,2406 2298,2409"/>
                <TextEquiv>
                    <Unicode>9 &amp; dankt ein Gegenblick: Verzeihung erstellen.</Unicode>
                </TextEquiv>
            </TextLine>
        </TextRegion>
    </Page>
</PcGts>
