3544 4360
203 286 2466 642 h in it Freundwurgh,... Kommers.
239 507 2395 857 Ich nach noch jemandt sprechen. Den
171 787 1980 1178 und 체brigens der Acht sich
141 1078 1217 1341 ich wird ihn sotn.
265 1285 2640 1671 wir kommenden und ihnen, dass ihr als fast
239 1485 2448 1862 S. 체berall gibt inderessant Sachen, wo
227 1791 1538 2059 mich nur verkehr zu sehr
295 1921 1877 2257 ob Vonhert macht sich l채stig
348 2142 2195 2448 Deutschlagt an mit der Marterie..
351 2658 1379 2881 Ihr Vicht kommt
407 2811 2351 3099 Gepr채ch it zumalist und der Achtens
407 3043 1544 3320 i Silll dine
1314 3273 1953 3456 ufl werde
401 3323 686 3453 Min
