3379 4712
2901 287 3001 500 D
702 410 2727 610 Rademacher Wien verlassen, wo er nichts er
705 615 2764 786 reichen konnte, und hatte sein Glück in Ber-
710 773 2738 963 lin, Dresden, Leipzig versucht, ohne durch-
705 957 2696 1091 zudringen, bis er, schon recht krank, mehr
652 1107 2651 1252 aus halb unbewusstem Heimweh, denn aus be-
655 1249 2693 1381 stimmten Hoffnungen, vor zwei Jahren wieder
692 1391 2746 1544 nach Wien zurückgekehrt war. Er war alt und
652 1570 2690 1712 verbraucht. An einem kleinen Blatt bekam er
710 1704 2672 1867 eine schlecht bezahlte Stelle als Bericht-
647 1888 2598 2030 erstatter für den Gerichtssaal, verdiente
642 2044 2638 2188 sich mühselig, soviel er eben nothdürftig
647 2141 2564 2322 zum Leben brauchte, und vor zwei Monaten
658 2354 2748 2530 war es endlich so weit mit ihm, dass er sich
644 2491 2738 2635 ins Spital aufnehmen lassen musste. Er hatte
634 2648 2685 2783 anfangs nicht geehnt, dass er es nicht mehr
644 2804 2680 2953 verlassen sollte; das war ihm erst im Laufe
631 2946 2675 3145 dieser Zeit allmälig klar geworden, und da-
621 3130 2633 3259 mals, als der Kranke auf Bett Numero vier-
629 3280 2704 3411 undzwanzig, der ganz dieselben Symptome hat-
634 3435 2746 3566 te als er, hinausgetragen wurde, damals wuss-
623 3577 2690 3766 te er es mit einem Male ganz bestimmt. Auch
621 3748 2680 3913 gaben sich die andern Aerzte durchaus nicht
623 3895 2740 4055 die gleiche Mühe, ihn über seinen Zustand zu
626 4037 2651 4276 täuschen, als der gutmüthige Doktor Winter-
