3544 4360
1019 182 1104 222 I WS»
216 191 951 373 DATES DES ACTES
256 416 344 532 de
2038 527 2627 632 and Kranz
268 615 2479 908 der als zu nehmlich spricht mit dem
361 845 2502 1059 sich in sehr schlecht, wenn alle Zeitpieten
270 1107 1073 1275 11th de Chur.
307 1158 2482 1406 I Schonzeit mehr sich nur wahr an den
228 1392 2445 1568 Krittler, die irzer eine Weib; ermordigen und
296 1665 2584 1887 Es gibt ein Leben jach lienschen erlauver, da er
316 1839 2402 2058 nicht nach, um sie selbst unbekanntes
270 2072 2357 2288 Schicksal – wie die erfahren wurde
316 2337 1238 2496 und einmalen ein
344 2451 2573 2650 Herrn Sie die Fühle X? Ihm wie ein anderen
336 2707 754 2872 kommen.
413 2795 2590 3000 die Schmerziel auf ihm. In habe vielleicht nur
361 3003 1657 3228 mehr ein jaar Lap zu haben
888 3188 1691 3393 say his
