3379 4728
688 461 2807 704 richt über sein ruhiges behagliches Familien-
699 688 2791 842 leben lauter gegen ihn gerichteter Hohn gewe-
704 869 2847 985 sen wäre, für den er sich nun endlich, endlich
704 966 2637 1169 ehe es zu spät war, rächen musste. Und er
696 1160 2696 1309 konnte es. Mit einem Wort könnte er diesen
685 1285 2774 1492 Menschen, der sich ihm gegenüber gewiss sehr
710 1468 2780 1625 erhaben fühlte, so tief verwunden, dass viel
691 1638 2847 1816 leicht seine ganze Vergange nheit daran zugrun-
688 1787 2739 1911 de geht dass seine ganze Zukunft damit ver-
691 1954 2693 2086 giftet sein müsste. Das Bewusstsein dieser
923 2032 1328 2137 was er, der
683 2078 2853 2262 Macht hielt ihn in den letzten Tagen aufrecht.
696 2237 2774 2388 Aber der Gedanke, diese Macht auszuüben, war
688 2359 2777 2567 ihm bisher noch nicht mit der nöthigen Kraft
691 2558 2742 2710 gekommen. Jetzt erst, da der Arzt an seinem
683 2715 2785 2844 Bett gestanden und gerade seine beruhigenden
691 2839 2820 3001 Worte ihm die tiefste Gewissheit des baldigen
696 2998 2718 3163 Endes gegeben, war ihm, wie mit einem Male,
699 3136 2693 3333 einer Erleuchtung gleich, gewesen, als sei
691 3322 2793 3473 nun der Augenblick gekommen, den er nicht un-
691 3514 2745 3633 genützt vorübergehen lassen dürfte. Und nun
1411 3589 1544 3676 rte
688 3624 2807 3770 lag er da und wamte mit einer tiefen Freude.
691 3786 2753 3975 Wenn sich die Angst meldete, dass Werdenhau-
691 3975 2785 4129 ser am Ende nicht zu finden wäre, so bekämpf-
691 4083 2801 4323 te er sie mit der Ueberzeugung, dass er sich
