<?xml version="1.0" encoding="UTF-8" standalone="yes"?>
<PcGts xmlns="http://schema.primaresearch.org/PAGE/gts/pagecontent/2013-07-15" xmlns:xsi="http://www.w3.org/2001/XMLSchema-instance" xsi:schemaLocation="http://schema.primaresearch.org/PAGE/gts/pagecontent/2013-07-15 http://schema.primaresearch.org/PAGE/gts/pagecontent/2013-07-15/pagecontent.xsd">
    <Metadata>
        <Creator>prov=READ-COOP:name=TrHtr:version=2.1.0:model_id=51170:date=28_07_2023_20:23</Creator>
        <Created>2023-05-10T11:53:22.468+02:00</Created>
        <LastChange>2023-07-28T20:23:51.756+02:00</LastChange>
        <TranskribusMetadata docId="1428174" pageId="55393833" pageNr="72" tsid="131375442" status="IN_PROGRESS" userId="64420" imgUrl="https://files.transkribus.eu/Get?id=LVWOVLUZBXDBXNFLKRCQVDYJ&amp;fileType=view" xmlUrl="https://files.transkribus.eu/Get?id=FRZQOUJDPGWSZUIEBNJFJZFO" imageId="44668718"/>
    </Metadata>
    <Page imageFilename="1428174_0072.jpg" imageWidth="3368" imageHeight="4632">
        <ReadingOrder>
            <OrderedGroup id="ro_1711801834164" caption="Regions reading order">
                <RegionRefIndexed index="0" regionRef="tr_3"/>
                <RegionRefIndexed index="1" regionRef="tr_1"/>
                <RegionRefIndexed index="2" regionRef="tr_2"/>
            </OrderedGroup>
        </ReadingOrder>
        <TextRegion id="tr_3" custom="readingOrder {index:0;}">
            <Coords points="2665,397 3175,397 3175,493 2665,493"/>
            <TextLine id="tr_3_tl_1" custom="readingOrder {index:0;}">
                <Coords points="2967,463 2989,471 2999,463 3015,474 3039,460 3066,476 3087,468 3114,492 3130,484 3148,503 3170,500 3170,317 3140,311 3132,319 3124,311 3098,327 3042,295 3013,309 2997,298 2967,306"/>
                <Baseline points="2981,447 3026,450 3071,450 3115,450 3160,447 3175,453"/>
                <TextEquiv>
                    <Unicode>23</Unicode>
                </TextEquiv>
            </TextLine>
            <TextLine id="tr_3_tl_2" custom="readingOrder {index:1;}">
                <Coords points="2648,551 2667,548 2730,500 2762,484 2776,487 2794,471 2821,466 2832,474 2869,452 2890,455 2893,365 2848,359 2821,367 2781,349 2736,365 2712,349 2683,370 2656,362"/>
                <Baseline points="2665,483 2671,483 2715,471 2760,465 2805,465 2850,468 2895,471"/>
                <TextEquiv>
                    <Unicode>Jn</Unicode>
                </TextEquiv>
            </TextLine>
        </TextRegion>
        <TextRegion id="tr_1" custom="readingOrder {index:1;}">
            <Coords points="919,537 3050,537 3050,2457 919,2457"/>
            <TextLine id="tr_1_tl_1" custom="readingOrder {index:0;}">
                <Coords points="907,617 3047,639 3047,540 2659,556 2496,474 907,522"/>
                <Baseline points="922,590 966,590 1011,587 1056,590 1101,590 1146,590 1190,593 1235,593 1280,596 1325,596 1369,593 1414,593 1459,593 1504,593 1548,593 1593,593 1638,599 1683,596 1728,596 1772,596 1817,596 1862,599 1907,599 1951,599 1996,599 2041,599 2086,599 2130,599 2175,599 2220,599 2265,599 2310,599 2354,599 2399,596 2444,596 2489,599 2533,602 2578,605 2623,605 2668,605 2712,605 2757,602 2802,602 2847,602 2892,599 2936,599 2981,599 3026,602 3050,605"/>
                <TextEquiv>
                    <Unicode>auf und gab der Wärterin seinen Hut. Auf zwei</Unicode>
                </TextEquiv>
            </TextLine>
            <TextLine id="tr_1_tl_2" custom="readingOrder {index:1;}">
                <Coords points="918,761 2911,774 2909,609 2683,665 918,665"/>
                <Baseline points="934,740 978,740 1023,743 1068,743 1113,743 1158,743 1202,746 1247,746 1292,746 1337,746 1381,743 1426,746 1471,746 1516,746 1560,746 1605,746 1650,749 1695,749 1739,749 1784,749 1829,749 1874,749 1919,749 1963,749 2008,749 2053,749 2098,749 2142,752 2187,752 2232,749 2277,749 2321,749 2366,749 2411,749 2456,752 2501,752 2545,752 2590,755 2635,758 2680,755 2724,755 2769,755 2814,752 2859,752 2903,752 2918,752"/>
                <TextEquiv>
                    <Unicode>oder drei Betten schien man auf den späten</Unicode>
                </TextEquiv>
            </TextLine>
            <TextLine id="tr_1_tl_3" custom="readingOrder {index:2;}">
                <Coords points="907,937 2922,921 2922,838 2579,862 2496,788 907,822"/>
                <Baseline points="922,895 966,895 1011,895 1056,895 1101,895 1146,895 1190,898 1235,898 1280,895 1325,898 1369,898 1414,898 1459,898 1504,898 1548,898 1593,901 1638,901 1683,901 1728,901 1772,901 1817,901 1862,901 1907,901 1951,904 1996,901 2041,901 2086,901 2130,901 2175,904 2220,904 2265,904 2310,904 2354,904 2399,904 2444,904 2489,904 2533,907 2578,907 2623,904 2668,904 2712,904 2757,904 2802,904 2847,904 2892,904 2930,907"/>
                <TextEquiv>
                    <Unicode>Besuch aufmerksam geworden zu sein; die an-</Unicode>
                </TextEquiv>
            </TextLine>
            <TextLine id="tr_1_tl_4" custom="readingOrder {index:3;}">
                <Coords points="915,1059 3002,1134 3002,971 2874,934 915,963"/>
                <Baseline points="931,1050 975,1047 1020,1047 1065,1047 1110,1047 1155,1047 1199,1047 1244,1047 1289,1047 1334,1047 1378,1047 1423,1047 1468,1050 1513,1050 1557,1050 1602,1050 1647,1050 1692,1053 1737,1050 1781,1053 1826,1053 1871,1053 1916,1053 1960,1053 2005,1053 2050,1053 2095,1053 2139,1053 2184,1056 2229,1053 2274,1053 2318,1053 2363,1053 2408,1053 2453,1056 2498,1056 2542,1056 2587,1056 2632,1056 2677,1056 2721,1056 2766,1053 2811,1056 2856,1053 2900,1056 2945,1053 2990,1056 3008,1056"/>
                <TextEquiv>
                    <Unicode>dern Kranken kümmerten sich nicht, schliefen</Unicode>
                </TextEquiv>
            </TextLine>
            <TextLine id="tr_1_tl_5" custom="readingOrder {index:4;}">
                <Coords points="915,1229 971,1253 1235,1219 1363,1275 1517,1269 1615,1222 1735,1253 1823,1237 1820,1107 1514,1107 1461,1134 1307,1107 1163,1139 1001,1118 913,1163"/>
                <Baseline points="928,1199 972,1199 1017,1199 1062,1199 1107,1199 1152,1202 1196,1199 1241,1199 1286,1199 1331,1202 1375,1202 1420,1202 1465,1202 1510,1202 1554,1202 1599,1202 1644,1205 1689,1205 1734,1205 1778,1208 1823,1211 1829,1211"/>
                <TextEquiv>
                    <Unicode>oder litten weiter.</Unicode>
                </TextEquiv>
            </TextLine>
            <TextLine id="tr_1_tl_6" custom="readingOrder {index:5;}">
                <Coords points="1208,1373 2624,1416 2802,1379 2802,1232 1208,1277"/>
                <Baseline points="1223,1346 1268,1351 1313,1351 1357,1354 1402,1354 1447,1354 1492,1357 1537,1357 1581,1357 1626,1360 1671,1357 1716,1357 1760,1357 1805,1357 1850,1357 1895,1357 1939,1357 1984,1357 2029,1357 2074,1357 2119,1360 2163,1360 2208,1363 2253,1363 2298,1363 2342,1363 2387,1363 2432,1363 2477,1360 2521,1357 2566,1357 2611,1357 2656,1360 2701,1363 2745,1369 2790,1375 2805,1378"/>
                <TextEquiv>
                    <Unicode>"Und nun, mein Lieber, vor Allem",</Unicode>
                </TextEquiv>
            </TextLine>
            <TextLine id="tr_1_tl_7" custom="readingOrder {index:6;}">
                <Coords points="910,1538 2997,1554 2997,1448 2898,1413 2113,1458 1363,1381 910,1442"/>
                <Baseline points="925,1510 943,1510 987,1510 1032,1510 1077,1513 1122,1510 1166,1510 1211,1510 1256,1510 1301,1513 1346,1510 1390,1513 1435,1510 1480,1510 1525,1513 1569,1513 1614,1513 1659,1513 1704,1513 1748,1513 1793,1513 1838,1513 1883,1513 1928,1513 1972,1513 2017,1513 2062,1513 2107,1513 2151,1513 2196,1513 2241,1513 2286,1513 2330,1513 2375,1513 2420,1513 2465,1513 2509,1513 2554,1510 2599,1510 2644,1510 2689,1510 2733,1510 2778,1513 2823,1510 2868,1510 2912,1510 2957,1507 3002,1507"/>
                <TextEquiv>
                    <Unicode>sagte Werdenhauser mit einer tiefen Herzlich</Unicode>
                </TextEquiv>
            </TextLine>
            <TextLine id="tr_1_tl_8" custom="readingOrder {index:7;}">
                <Coords points="907,1693 2949,1690 2949,1586 2480,1522 2023,1597 907,1583"/>
                <Baseline points="922,1668 966,1662 1011,1665 1056,1665 1101,1665 1146,1665 1190,1662 1235,1662 1280,1662 1325,1662 1369,1662 1414,1665 1459,1665 1504,1665 1548,1665 1593,1665 1638,1665 1683,1665 1728,1665 1772,1665 1817,1665 1862,1671 1907,1671 1951,1668 1996,1665 2041,1665 2086,1665 2130,1668 2175,1665 2220,1665 2265,1662 2310,1662 2354,1662 2399,1662 2444,1662 2489,1662 2533,1662 2578,1662 2623,1662 2668,1662 2712,1662 2757,1662 2802,1662 2847,1662 2892,1662 2936,1662 2954,1668"/>
                <TextEquiv>
                    <Unicode>keit in der Stimme, "vor Allem: was ist das</Unicode>
                </TextEquiv>
            </TextLine>
            <TextLine id="tr_1_tl_9" custom="readingOrder {index:8;}">
                <Coords points="905,1820 2965,1839 2965,1738 2826,1690 905,1748"/>
                <Baseline points="919,1817 964,1817 1008,1814 1053,1817 1098,1820 1143,1817 1187,1820 1232,1820 1277,1820 1322,1820 1366,1820 1411,1820 1456,1820 1501,1823 1545,1820 1590,1820 1635,1823 1680,1820 1725,1820 1769,1817 1814,1817 1859,1817 1904,1817 1948,1817 1993,1817 2038,1817 2083,1817 2127,1817 2172,1817 2217,1820 2262,1820 2307,1820 2351,1820 2396,1817 2441,1817 2486,1820 2530,1820 2575,1817 2620,1817 2665,1817 2709,1817 2754,1817 2799,1814 2844,1814 2889,1814 2933,1814 2972,1817"/>
                <TextEquiv>
                    <Unicode>für eine Idee, sich daherzulegen - ins Kran-</Unicode>
                </TextEquiv>
            </TextLine>
            <TextLine id="tr_1_tl_10" custom="readingOrder {index:9;}">
                <Coords points="907,2012 1083,2036 1160,1993 1237,2009 1299,1980 1331,1993 1333,1879 1283,1874 1214,1900 1187,1882 1128,1924 1075,1897 1046,1916 979,1900 910,1921"/>
                <Baseline points="922,1975 931,1975 975,1972 1020,1972 1065,1972 1110,1972 1155,1972 1199,1972 1244,1972 1289,1969 1334,1966"/>
                <TextEquiv>
                    <Unicode>kenhaus?“</Unicode>
                </TextEquiv>
            </TextLine>
            <TextLine id="tr_1_tl_11" custom="readingOrder {index:10;}">
                <Coords points="1216,2164 2691,2169 2853,2145 2853,2001 2706,2047 2462,2007 1216,2049"/>
                <Baseline points="1232,2139 1247,2133 1292,2133 1337,2133 1381,2130 1426,2130 1471,2130 1516,2130 1560,2130 1605,2130 1650,2130 1695,2130 1739,2130 1784,2133 1829,2130 1874,2130 1919,2130 1963,2130 2008,2130 2053,2130 2098,2130 2142,2130 2187,2133 2232,2130 2277,2130 2321,2130 2366,2130 2411,2130 2456,2130 2501,2130 2545,2127 2590,2130 2635,2127 2680,2127 2724,2127 2769,2127 2814,2127 2859,2133"/>
                <TextEquiv>
                    <Unicode>"O, ich bin zufrieden, man ist hier</Unicode>
                </TextEquiv>
            </TextLine>
            <TextLine id="tr_1_tl_12" custom="readingOrder {index:11;}">
                <Coords points="910,2313 1160,2329 1355,2297 1413,2329 1538,2307 1639,2337 1892,2297 1892,2209 1823,2235 1706,2182 1581,2219 1466,2188 1392,2225 910,2185"/>
                <Baseline points="925,2289 969,2286 1014,2286 1059,2286 1104,2286 1149,2286 1193,2286 1238,2286 1283,2286 1328,2289 1372,2289 1417,2289 1462,2289 1507,2286 1551,2283 1596,2283 1641,2283 1686,2283 1731,2283 1775,2283 1820,2283 1865,2286 1898,2289"/>
                <TextEquiv>
                    <Unicode>sehr gut aufgehoben."</Unicode>
                </TextEquiv>
            </TextLine>
            <TextLine id="tr_1_tl_13" custom="readingOrder {index:12;}">
                <Coords points="1206,2480 2959,2472 2959,2331 2616,2289 1948,2363 1206,2337"/>
                <Baseline points="1220,2423 1262,2429 1307,2435 1351,2441 1396,2444 1441,2444 1486,2447 1531,2444 1575,2444 1620,2441 1665,2441 1710,2438 1754,2438 1799,2438 1844,2438 1889,2438 1933,2438 1978,2441 2023,2441 2068,2441 2113,2441 2157,2441 2202,2438 2247,2441 2292,2441 2336,2441 2381,2441 2426,2438 2471,2438 2515,2441 2560,2441 2605,2441 2650,2441 2695,2441 2739,2441 2784,2438 2829,2438 2874,2435 2918,2435 2963,2438"/>
                <TextEquiv>
                    <Unicode>"Ja, ja, schon recht, Du bist ja auch</Unicode>
                </TextEquiv>
            </TextLine>
        </TextRegion>
        <TextRegion id="tr_2" custom="readingOrder {index:2;}">
            <Coords points="913,2540 3053,2540 3053,4173 913,4173"/>
            <TextLine id="tr_2_tl_1" custom="readingOrder {index:0;}">
                <Coords points="915,2611 2621,2648 3036,2605 3036,2523 2539,2456 915,2539"/>
                <Baseline points="931,2602 940,2599 984,2596 1029,2596 1074,2593 1119,2593 1163,2593 1208,2593 1253,2593 1298,2593 1343,2593 1387,2593 1432,2596 1477,2596 1522,2593 1566,2593 1611,2593 1656,2596 1701,2593 1745,2593 1790,2593 1835,2593 1880,2596 1925,2596 1969,2593 2014,2596 2059,2593 2104,2593 2148,2593 2193,2593 2238,2590 2283,2590 2327,2593 2372,2593 2417,2593 2462,2593 2507,2593 2551,2593 2596,2593 2641,2593 2686,2593 2730,2593 2775,2593 2820,2590 2865,2593 2909,2593 2954,2590 2999,2590 3044,2590"/>
                <TextEquiv>
                    <Unicode>in den besten Händen; Doktor Winterhalter ist</Unicode>
                </TextEquiv>
            </TextLine>
            <TextLine id="tr_2_tl_2" custom="readingOrder {index:1;}">
                <Coords points="918,2786 3007,2786 3007,2672 2861,2645 1796,2712 1589,2643 918,2664"/>
                <Baseline points="934,2751 955,2751 999,2751 1044,2751 1089,2751 1134,2751 1178,2751 1223,2751 1268,2751 1313,2751 1357,2751 1402,2751 1447,2751 1492,2748 1537,2748 1581,2751 1626,2751 1671,2754 1716,2751 1760,2751 1805,2754 1850,2751 1895,2751 1939,2754 1984,2754 2029,2754 2074,2751 2119,2751 2163,2748 2208,2748 2253,2748 2298,2754 2342,2754 2387,2751 2432,2748 2477,2751 2521,2751 2566,2751 2611,2751 2656,2751 2701,2751 2745,2751 2790,2751 2835,2748 2880,2745 2924,2745 2969,2745 3014,2748"/>
                <TextEquiv>
                    <Unicode>ein sehr tüchtiger junger Arzt, und was noch</Unicode>
                </TextEquiv>
            </TextLine>
            <TextLine id="tr_2_tl_3" custom="readingOrder {index:2;}">
                <Coords points="900,2917 2310,2965 2858,2922 2858,2773 900,2834"/>
                <Baseline points="913,2909 958,2906 1002,2903 1047,2903 1092,2906 1137,2906 1181,2903 1226,2906 1271,2906 1316,2906 1360,2906 1405,2906 1450,2906 1495,2906 1540,2906 1584,2906 1629,2906 1674,2906 1719,2906 1763,2906 1808,2906 1853,2906 1898,2903 1942,2903 1987,2903 2032,2903 2077,2903 2122,2900 2166,2903 2211,2903 2256,2903 2301,2903 2345,2903 2390,2903 2435,2903 2480,2903 2524,2903 2569,2903 2614,2900 2659,2900 2703,2903 2748,2903 2793,2903 2838,2906 2865,2909"/>
                <TextEquiv>
                    <Unicode>mehr ist: ein vortrefflicher Mensch. Aber</Unicode>
                </TextEquiv>
            </TextLine>
            <TextLine id="tr_2_tl_4" custom="readingOrder {index:3;}">
                <Coords points="918,3074 2283,3127 2507,3063 3047,3082 3047,2978 2531,3023 2246,2941 1599,2927 1461,2991 1229,2933 918,2989"/>
                <Baseline points="934,3068 949,3065 993,3062 1038,3062 1083,3065 1128,3065 1172,3065 1217,3065 1262,3065 1307,3065 1351,3065 1396,3065 1441,3068 1486,3068 1531,3068 1575,3065 1620,3065 1665,3065 1710,3065 1754,3062 1799,3065 1844,3062 1889,3065 1933,3065 1978,3062 2023,3062 2068,3062 2113,3065 2157,3065 2202,3065 2247,3065 2292,3065 2336,3065 2381,3062 2426,3062 2471,3062 2515,3062 2560,3062 2605,3062 2650,3062 2695,3062 2739,3062 2784,3062 2829,3062 2874,3062 2918,3062 2963,3062 3008,3059 3053,3065"/>
                <TextEquiv>
                    <Unicode>trotzdem.... ich hätte Dir auf der Zahlabthei-</Unicode>
                </TextEquiv>
            </TextLine>
            <TextLine id="tr_2_tl_5" custom="readingOrder {index:4;}">
                <Coords points="902,3257 2911,3257 2911,3103 902,3119"/>
                <Baseline points="916,3217 961,3217 1005,3220 1050,3220 1095,3220 1140,3220 1184,3217 1229,3217 1274,3217 1319,3217 1363,3220 1408,3220 1453,3220 1498,3217 1543,3220 1587,3217 1632,3217 1677,3217 1722,3220 1766,3217 1811,3217 1856,3214 1901,3217 1945,3217 1990,3217 2035,3217 2080,3214 2124,3214 2169,3214 2214,3217 2259,3217 2304,3214 2348,3214 2393,3214 2438,3214 2483,3214 2527,3217 2572,3214 2617,3214 2662,3214 2706,3214 2751,3214 2796,3214 2841,3214 2886,3217 2918,3217"/>
                <TextEquiv>
                    <Unicode>lung oder in einem Sanatorium ein Bett ver-</Unicode>
                </TextEquiv>
            </TextLine>
            <TextLine id="tr_2_tl_6" custom="readingOrder {index:5;}">
                <Coords points="910,3417 1134,3457 1320,3388 1591,3454 1812,3404 2557,3422 2528,3295 2440,3337 1299,3247 910,3297"/>
                <Baseline points="925,3372 969,3372 1014,3372 1059,3372 1104,3372 1149,3372 1193,3372 1238,3372 1283,3372 1328,3372 1372,3372 1417,3372 1462,3372 1507,3372 1551,3375 1596,3375 1641,3375 1686,3375 1731,3375 1775,3375 1820,3375 1865,3375 1910,3372 1954,3372 1999,3372 2044,3372 2089,3375 2133,3372 2178,3372 2223,3372 2268,3375 2313,3372 2357,3372 2402,3375 2447,3375 2492,3375 2536,3378 2563,3378"/>
                <TextEquiv>
                    <Unicode>schaffen können, zu Bedingungen....</Unicode>
                </TextEquiv>
            </TextLine>
            <TextLine id="tr_2_tl_7" custom="readingOrder {index:6;}">
                <Coords points="1211,3566 1317,3555 1424,3598 1714,3545 2007,3593 2078,3563 2078,3425 1980,3457 1905,3425 1512,3460 1402,3414 1333,3454 1211,3428"/>
                <Baseline points="1226,3527 1271,3521 1316,3524 1360,3524 1405,3527 1450,3527 1495,3527 1540,3530 1584,3530 1629,3527 1674,3527 1719,3524 1763,3527 1808,3524 1853,3524 1898,3524 1942,3524 1987,3524 2032,3527 2077,3530 2086,3530"/>
                <TextEquiv>
                    <Unicode>"O lass' doch das!"</Unicode>
                </TextEquiv>
            </TextLine>
            <TextLine id="tr_2_tl_8" custom="readingOrder {index:7;}">
                <Coords points="1206,3686 1509,3768 1879,3683 2919,3699 2919,3569 2637,3516 2124,3598 1820,3611 1714,3545 1416,3614 1206,3582"/>
                <Baseline points="1220,3682 1265,3679 1310,3679 1354,3682 1399,3685 1444,3685 1489,3685 1534,3685 1578,3685 1623,3685 1668,3682 1713,3682 1757,3682 1802,3682 1847,3682 1892,3685 1936,3685 1981,3685 2026,3682 2071,3679 2116,3682 2160,3682 2205,3679 2250,3682 2295,3682 2339,3679 2384,3679 2429,3679 2474,3679 2518,3679 2563,3676 2608,3679 2653,3679 2698,3679 2742,3679 2787,3682 2832,3682 2877,3682 2921,3685 2927,3685"/>
                <TextEquiv>
                    <Unicode>"Nun ja, bitte - es war nicht bös ge-</Unicode>
                </TextEquiv>
            </TextLine>
            <TextLine id="tr_2_tl_9" custom="readingOrder {index:8;}">
                <Coords points="902,3872 2850,3838 3010,3891 3036,3726 902,3747"/>
                <Baseline points="916,3844 940,3841 984,3841 1029,3841 1074,3841 1119,3841 1163,3841 1208,3838 1253,3838 1298,3838 1343,3838 1387,3838 1432,3838 1477,3838 1522,3838 1566,3838 1611,3838 1656,3835 1701,3835 1745,3835 1790,3835 1835,3835 1880,3835 1925,3835 1969,3835 2014,3835 2059,3838 2104,3838 2148,3838 2193,3841 2238,3838 2283,3838 2327,3838 2372,3838 2417,3835 2462,3835 2507,3835 2551,3835 2596,3835 2641,3835 2686,3835 2730,3832 2775,3835 2820,3835 2865,3835 2909,3832 2954,3832 2999,3829 3044,3832"/>
                <TextEquiv>
                    <Unicode>meint. Immerhin darf ich sagen: warum hast Du</Unicode>
                </TextEquiv>
            </TextLine>
            <TextLine id="tr_2_tl_10" custom="readingOrder {index:9;}">
                <Coords points="910,4013 2800,4040 2930,4005 2933,3912 2382,3856 913,3915"/>
                <Baseline points="925,4002 966,3996 1011,3996 1056,3996 1101,3996 1146,3996 1190,3996 1235,3996 1280,3996 1325,3993 1369,3996 1414,3996 1459,3996 1504,3996 1548,3996 1593,3993 1638,3993 1683,3996 1728,3993 1772,3993 1817,3993 1862,3993 1907,3993 1951,3990 1996,3990 2041,3993 2086,3993 2130,3993 2175,3993 2220,3993 2265,3993 2310,3993 2354,3993 2399,3993 2444,3993 2489,3993 2533,3993 2578,3993 2623,3993 2668,3990 2712,3990 2757,3990 2802,3987 2847,3990 2892,3987 2936,3987"/>
                <TextEquiv>
                    <Unicode>nicht früher an einen alten Freund gedacht?</Unicode>
                </TextEquiv>
            </TextLine>
            <TextLine id="tr_2_tl_11" custom="readingOrder {index:10;}">
                <Coords points="907,4215 2840,4194 2887,4026 2693,4080 2435,4032 907,4080"/>
                <Baseline points="922,4163 925,4163 969,4160 1014,4160 1059,4160 1104,4160 1149,4160 1193,4160 1238,4160 1283,4157 1328,4157 1372,4157 1417,4157 1462,4157 1507,4154 1551,4157 1596,4157 1641,4160 1686,4157 1731,4157 1775,4157 1820,4154 1865,4157 1910,4154 1954,4151 1999,4151 2044,4151 2089,4151 2133,4151 2178,4154 2223,4154 2268,4154 2313,4154 2357,4157 2402,4154 2447,4157 2492,4157 2536,4157 2581,4154 2626,4151 2671,4151 2715,4151 2760,4151 2805,4151 2850,4151 2895,4151"/>
                <TextEquiv>
                    <Unicode>Es ist ja auch jetzt nicht zu spät. Doktor</Unicode>
                </TextEquiv>
            </TextLine>
        </TextRegion>
    </Page>
</PcGts>
