3315 4152
1493 126 2987 461 des slaubend sommelich
22 227 363 407 Le prése
111 344 417 515 over
88 474 2633 780 Ein er im Krankenseer (?) der jungen Seminarien
85 553 2498 919 an ihn vornten. Nachlaesen. Er legt die
76 796 2501 1130 Cizarii auf der Tisch. Frage verhänget
38 966 2387 1364 da u dort weis geht. der ein Krank¬
212 1178 2504 1560 & gern und namillert. Aufsicht. Wie be¬
82 1367 2457 1746 noch. Frage sie mich nicht meinen. Ich
107 1607 2330 2021 wenn ich noch mit jemant zu werks hält.
129 1800 2671 2213 - Mai sich die Sommerlist. Namen? Sie werde
685 2021 2570 2330 kennen. Also ich seit mit jenen
79 2172 654 2422 mit nicht
126 2264 2460 2618 den sich wohlen zu resten. Mitcom¬
111 2422 2517 2782 Uit I.S. - könne. De bissent Kist
442 2611 2498 2949 weit nicht. Um, war könnte ich
196 2835 338 2987 a
142 2826 2447 3208 so schreiben, daß er morgen um ½¼. Der
104 3003 2415 3407 im ½ % bis ich kannseln. ent Todt... Ihr
136 3221 2611 3669 die nicht so belebbenanlass. Dank sie, um
2122 3442 2355 3647 als
152 3476 2084 3858 auf den Todlankst bittet Sie.
894 3770 1083 3994 ihm
177 3805 881 4035 fahren Sie zu
