3480 4200
273 343 3205 656 Verzweiflg, aldreißerken, Mitschluss, und die andere sie jetzt
284 554 952 773 J. B. Spivak
350 634 3190 930 Von trokler... Man wolle Sie noch spreche?... habe Sie nicht
314 758 3099 1160 sein Freund? - Je suis, chez kog... M, d hinforbe
2064 959 2840 1243 ... noch heute.
2855 1025 3056 1225 e
667 1054 1987 1331 Alg. die meist ich sprechen.
299 1324 773 1586 P.S.
361 1324 3143 1699 Mit der all Freund kennt. Aber wann hat ich das meisten und
397 1641 1043 1881 gemeindl?..
350 1736 2837 2046 dei mir nichts großartig ich habe selbst seit gehabt.
383 1878 3198 2188 Uhr Frei’ sein gleich er nicht“ z.k. wahren die in Theil
372 2064 2928 2388 warst. d pommern, u de trop, wahin d Schler
842 2210 3322 2625 Ist je ein Schuckerei! Man best di mir
383 2337 861 2618 in brt
430 2600 835 2837 sti knt.
