3416 4680
2931 252 3070 521 29
945 435 2920 625 eigene Freude schwinden, und er antwortete
918 628 2807 808 langsam: "Ja, da Du nun da bist... Nun,
918 773 2826 982 nach diesem Theaterabend dauerte es etwa
926 929 1897 1111 eineinhalb Jahre....
1224 1098 1965 1269 'So?... Na ja...
1200 1243 3030 1433 "Wir hatten auch eine sehr schöne Zeit,
902 1414 3059 1554 das war im Mai desselben Jahres, Du warst drei
904 1532 2949 1734 Wochen in Berlin.... sie dachte daran, Dich
888 1723 1559 1865 zu verlassen."
1200 1873 2893 2040 "Sie hat es nicht gethan, soviel mir
891 1983 1498 2171 bekannt ist.'
1157 2168 2920 2354 Rademacher lächelte. "Ich durchschaus
880 2348 2939 2493 Dich. Dir wäre ja doch wohler, wenn Du mich
880 2507 2979 2657 jetzt anspucken könntest oder mich erwürgen.
1159 2638 2925 2834 Werdenhauser blieb ruhig sitzen; dann
880 2775 2882 2936 schüttelte er langsam den Kopf. "Die Sache
872 2947 2877 3124 liegt zu fern. Wenn ich es damals erfahren
878 3108 2815 3296 oder nur geshnt hätte.... Im übrigen, wer
870 3247 2850 3430 weiss - zu jener Zeit, als Du der Geliebte
870 3406 2944 3567 meiner Frau warst, hatte ich ein Verhältniss
848 3559 2974 3755 mit der Schauspielerin, die die Anna spielte.
880 3720 2898 3905 ... Was will das Alles heute bedeuten?..Be-
872 3883 2998 4069 trug - Verrath.... mein guter Rademacher, was-
853 4061 2882 4270 für lächerliche Worte und wie leidenschaft-
853 4222 2853 4412 lich ist das Alles! Seit vielen Jahren ist
