3416 4696
1267 379 2077 699 der sterbenden
2184 437 2787 714 Zweite diese
1148 760 2776 938 Doktor Friedrich Winterhalter ging
917 973 2910 1072 ziemlich rasch durch den dunklen und stil-
917 1098 2822 1241 len Garten des Krankenhauses nach seiner
915 1293 2965 1407 Abtheilung. Die Abendmilde duftete nach na¬
912 1430 3006 1520 hem Frühling. Sobald der Doktor in den Kran-
909 1558 2997 1695 kensaal getreten war, erhob sich die Zimmer-
909 1753 2837 1844 wärterin von ihrem Sessel an dem grossen
906 1916 2965 2015 Tisch, auf dem allerlei Papiere lagen, ging
915 2047 2863 2164 ihm entgegen und nahm ihm den Ueberzieher
912 2225 2936 2307 von den Schultern. "Nichts Neues, Herr Dok-
909 2394 2921 2479 tor. Bett einund zwanzig und vierundzwanzig
906 2537 1940 2636 bekommen Injektionen."
1153 2691 2828 2799 "Ja', sagte der Arzt. Er legte seine
894 2854 2921 2956 Cigarre auf den Untersatz des weissen
2749 2939 2912 3044 G.C. P.
903 3012 2880 3090 Tintenfasses. Es war beinahe still in dem
1713 3012 3070 3210 mangen Bittenentfernkosten
903 3186 2982 3361 Saal, nur von irgendeinem Bett im Winkel ge-
227 3143 518 3352 Kurzen
1488 3245 1896 3364 lautered
891 3349 2947 3518 genüber war schweres Athmen vernehmbar. Der
903 3495 2918 3655 Arzt begab sich mit seiner Morphiumspritze
897 3635 2991 3766 zu Bett einundzwanzig, und dann zu Bett vier-
900 3728 3239 4005 undzwanzig und machte die Injektionen. Schon ge¬
894 3981 2918 4080 stand die Wärterin mit dem Ueberzieher und
1086 4048 1442 4142 Sigarre
1701 4054 2007 4153 G.C.F.S.
891 4144 2869 4258 der [bereit, da fiel der Blick des
1806 4203 1890 4302 .8.
