3352 4648
1277 139 1405 249 32
2773 270 2992 543 32
1108 610 2922 811 Rademacher schüttelte nur den Kopf. In
830 739 2821 988 diesem Augenblick trat der Doktor ein, und
819 897 2757 1121 Werdenhauser erhob sich. “Ihr Patent ist
822 1081 2797 1295 sehr folgsam", sagte er. "Wir sind bereits
808 1220 1236 1376 zu Ende.
1116 1373 2821 1584 "Nun, das freut mich", sagte der Dok-
808 1550 2856 1742 tor, "und ich hoffe, Herr Rademacher ist be-
795 1678 1156 1871 ruhigt.
1081 1847 2920 2042 “Auf Wiedersehen, lieber Freund“, sagte
787 1994 2939 2154 Werdenhauser und reichte dem Kranken die Hand.
798 2136 2810 2331 "Ich hoffe, ich höre bald, dass es Dir ganz
763 2296 1236 2411 gut geht."
1068 2433 2711 2652 "Rademacher sah ihnen nach, wie sie
808 2583 2848 2805 durch das Krankenzimmer schritten, sah, wie
755 2746 2821 2971 die Wärterin die Thür öffnete, wie Werdenhau-
752 2920 2786 3126 ser eine Cigarre aus seiner Tasche nahm und
747 3056 2767 3273 von dem Arzt Feuer erhielt. Dann schloss er
1938 3190 2101 3305 Wm.
733 3233 2759 3391 die Augen,- aber er sah noch Mancherlei. Er
731 3399 2727 3557 sah, wie Werdenhauser durch den Garten des
723 3533 2853 3741 Krankenhauses ging, in dem er selbst vor drei
725 3691 2831 3873 Wochen das letzte Mal spazieren gehen durfte,
717 3856 2743 4049 und sah ihn die Alserstrasse hinuntergehen,
701 4028 2679 4199 mit der brennenden Zigarre, und er wusste,
