<?xml version="1.0" encoding="UTF-8" standalone="yes"?>
<PcGts xmlns="http://schema.primaresearch.org/PAGE/gts/pagecontent/2013-07-15" xmlns:xsi="http://www.w3.org/2001/XMLSchema-instance" xsi:schemaLocation="http://schema.primaresearch.org/PAGE/gts/pagecontent/2013-07-15 http://schema.primaresearch.org/PAGE/gts/pagecontent/2013-07-15/pagecontent.xsd">
    <Metadata>
        <Creator>prov=READ-COOP:name=TrHtr:version=2.1.0:model_id=51170:date=28_07_2023_20:23</Creator>
        <Created>2023-05-10T11:53:23.184+02:00</Created>
        <LastChange>2023-07-28T20:23:53.191+02:00</LastChange>
        <TranskribusMetadata docId="1428174" pageId="55393870" pageNr="76" tsid="131375446" status="IN_PROGRESS" userId="64420" imgUrl="https://files.transkribus.eu/Get?id=UCGFYCJLTZNMKUEWCPBEVEZA&amp;fileType=view" xmlUrl="https://files.transkribus.eu/Get?id=NMISXJMSUMAUQVLJWXXXVCWP" imageId="44668755"/>
    </Metadata>
    <Page imageFilename="1428174_0076.jpg" imageWidth="3416" imageHeight="4664">
        <ReadingOrder>
            <OrderedGroup id="ro_1711801838100" caption="Regions reading order">
                <RegionRefIndexed index="0" regionRef="tr_1"/>
                <RegionRefIndexed index="1" regionRef="tr_2"/>
            </OrderedGroup>
        </ReadingOrder>
        <TextRegion id="tr_1" custom="readingOrder {index:0;}">
            <Coords points="779,376 3063,376 3063,2147 779,2147"/>
            <TextLine id="tr_1_tl_1" custom="readingOrder {index:0;}">
                <Coords points="2913,542 2956,534 2978,516 3002,529 3026,510 3058,518 3058,298 3010,287 2988,303 2972,298 2935,322 2913,322"/>
                <Baseline points="2929,429 2973,426 3018,429 3063,426"/>
                <TextEquiv>
                    <Unicode>21</Unicode>
                </TextEquiv>
            </TextLine>
            <TextLine id="tr_1_tl_2" custom="readingOrder {index:1;}">
                <Coords points="787,601 2919,658 2916,537 2604,467 784,486"/>
                <Baseline points="800,573 845,573 889,573 934,576 979,579 1024,579 1068,579 1113,579 1158,582 1203,582 1248,582 1292,585 1337,588 1382,591 1427,588 1472,588 1516,591 1561,591 1606,591 1651,591 1696,591 1740,594 1785,594 1830,594 1875,594 1919,594 1964,597 2009,597 2054,600 2099,600 2143,603 2188,603 2233,603 2278,606 2323,606 2367,606 2412,603 2457,603 2502,603 2546,600 2591,600 2636,603 2681,603 2726,603 2770,606 2815,606 2860,609 2905,609 2926,609"/>
                <TextEquiv>
                    <Unicode>Dich im übrigen nicht lieber legen? Macht es</Unicode>
                </TextEquiv>
            </TextLine>
            <TextLine id="tr_1_tl_3" custom="readingOrder {index:2;}">
                <Coords points="784,760 1547,746 1726,827 2943,763 2889,647 2441,706 784,652"/>
                <Baseline points="800,722 842,725 886,728 931,731 976,731 1021,731 1065,734 1110,734 1155,734 1200,734 1245,737 1289,737 1334,737 1379,737 1424,740 1469,740 1513,740 1558,740 1603,740 1648,743 1693,743 1737,743 1782,746 1827,749 1872,749 1916,749 1961,749 2006,749 2051,749 2096,749 2140,749 2185,755 2230,755 2275,755 2320,755 2364,755 2409,755 2454,755 2499,755 2544,755 2588,755 2633,758 2678,758 2723,758 2767,758 2812,758 2857,758 2902,755 2947,749"/>
                <TextEquiv>
                    <Unicode>Dir denn nicht Mühe, die Hände so auf den Pol-</Unicode>
                </TextEquiv>
            </TextLine>
            <TextLine id="tr_1_tl_4" custom="readingOrder {index:3;}">
                <Coords points="797,916 2613,961 2905,948 2905,873 2387,806 795,811"/>
                <Baseline points="812,877 856,880 901,880 946,883 991,886 1036,886 1080,886 1125,889 1170,886 1215,886 1260,889 1304,889 1349,892 1394,892 1439,892 1484,895 1528,895 1573,895 1618,898 1663,898 1707,901 1752,901 1797,901 1842,901 1887,901 1931,901 1976,901 2021,901 2066,901 2111,904 2155,904 2200,904 2245,904 2290,907 2334,907 2379,910 2424,910 2469,910 2514,910 2558,910 2603,910 2648,910 2693,913 2738,913 2782,913 2827,916 2872,919 2911,922"/>
                <TextEquiv>
                    <Unicode>ster zu stützen?... Mir würde es Mühe machen,</Unicode>
                </TextEquiv>
            </TextLine>
            <TextLine id="tr_1_tl_5" custom="readingOrder {index:4;}">
                <Coords points="797,1069 2728,1112 2725,932 1936,993 1517,932 1356,1004 795,964"/>
                <Baseline points="812,1036 856,1036 901,1036 946,1042 991,1039 1036,1042 1080,1039 1125,1042 1170,1045 1215,1048 1260,1048 1304,1048 1349,1048 1394,1048 1439,1051 1484,1048 1528,1048 1573,1051 1618,1051 1663,1051 1707,1051 1752,1051 1797,1051 1842,1054 1887,1054 1931,1054 1976,1054 2021,1057 2066,1054 2111,1057 2155,1057 2200,1057 2245,1060 2290,1062 2334,1065 2379,1065 2424,1062 2469,1062 2514,1062 2558,1062 2603,1065 2648,1065 2693,1062 2732,1065"/>
                <TextEquiv>
                    <Unicode>wahrhaftig... Warum lächelst Duf.... Oder</Unicode>
                </TextEquiv>
            </TextLine>
            <TextLine id="tr_1_tl_6" custom="readingOrder {index:5;}">
                <Coords points="779,1238 2860,1243 2860,1130 1042,1155 779,1095"/>
                <Baseline points="794,1191 839,1191 883,1194 928,1194 973,1197 1018,1197 1062,1197 1107,1197 1152,1200 1197,1203 1242,1200 1286,1200 1331,1200 1376,1203 1421,1200 1466,1200 1510,1203 1555,1203 1600,1203 1645,1203 1690,1203 1734,1206 1779,1206 1824,1206 1869,1206 1913,1209 1958,1209 2003,1209 2048,1209 2093,1209 2137,1209 2182,1212 2227,1215 2272,1215 2317,1215 2361,1218 2406,1218 2451,1218 2496,1215 2541,1215 2585,1218 2630,1221 2675,1221 2720,1218 2764,1218 2809,1215 2854,1218 2866,1221"/>
                <TextEquiv>
                    <Unicode>nein, es ist der Kerzenschimmer... Nun, ich</Unicode>
                </TextEquiv>
            </TextLine>
            <TextLine id="tr_1_tl_7" custom="readingOrder {index:6;}">
                <Coords points="792,1383 2814,1394 2846,1300 2443,1345 2261,1278 1369,1305 1128,1243 789,1291"/>
                <Baseline points="806,1349 850,1343 895,1343 940,1349 985,1349 1030,1349 1074,1349 1119,1352 1164,1349 1209,1352 1254,1352 1298,1352 1343,1352 1388,1355 1433,1355 1478,1355 1522,1355 1567,1355 1612,1355 1657,1358 1701,1358 1746,1361 1791,1364 1836,1361 1881,1361 1925,1361 1970,1361 2015,1364 2060,1361 2105,1361 2149,1361 2194,1364 2239,1364 2284,1364 2329,1364 2373,1367 2418,1367 2463,1364 2508,1367 2552,1367 2597,1367 2642,1370 2687,1367 2732,1367 2776,1367 2821,1364 2854,1361"/>
                <TextEquiv>
                    <Unicode>warte. Du musst nicht gleich reden; ich wer-</Unicode>
                </TextEquiv>
            </TextLine>
            <TextLine id="tr_1_tl_8" custom="readingOrder {index:7;}">
                <Coords points="781,1555 2900,1536 2897,1420 779,1420"/>
                <Baseline points="794,1498 839,1498 883,1498 928,1501 973,1498 1018,1498 1062,1501 1107,1501 1152,1501 1197,1501 1242,1501 1286,1501 1331,1504 1376,1504 1421,1507 1466,1507 1510,1507 1555,1507 1600,1507 1645,1507 1690,1507 1734,1510 1779,1510 1824,1510 1869,1513 1913,1510 1958,1510 2003,1510 2048,1513 2093,1510 2137,1510 2182,1510 2227,1513 2272,1513 2317,1516 2361,1516 2406,1519 2451,1516 2496,1519 2541,1519 2585,1519 2630,1519 2675,1519 2720,1522 2764,1519 2809,1519 2854,1519 2899,1516 2905,1519"/>
                <TextEquiv>
                    <Unicode>de Doktor Winterhalter erklären, dass Du fünf</Unicode>
                </TextEquiv>
            </TextLine>
            <TextLine id="tr_1_tl_9" custom="readingOrder {index:8;}">
                <Coords points="768,1694 2846,1694 2843,1619 2739,1584 765,1571"/>
                <Baseline points="779,1651 824,1648 868,1651 913,1651 958,1651 1003,1654 1048,1654 1092,1654 1137,1654 1182,1654 1227,1654 1272,1654 1316,1657 1361,1660 1406,1660 1451,1660 1495,1660 1540,1663 1585,1663 1630,1663 1675,1660 1719,1663 1764,1663 1809,1663 1854,1666 1899,1663 1943,1663 1988,1663 2033,1663 2078,1663 2122,1663 2167,1666 2212,1666 2257,1669 2302,1669 2346,1669 2391,1669 2436,1669 2481,1669 2526,1669 2570,1669 2615,1669 2660,1669 2705,1669 2750,1669 2794,1672 2839,1672 2854,1672"/>
                <TextEquiv>
                    <Unicode>Minuten oder zehn garnicht benützt hast. Die</Unicode>
                </TextEquiv>
            </TextLine>
            <TextLine id="tr_1_tl_10" custom="readingOrder {index:9;}">
                <Coords points="768,1826 1026,1901 1353,1815 1581,1909 2151,1815 2757,1826 2757,1751 2680,1735 768,1735"/>
                <Baseline points="782,1803 827,1806 871,1806 916,1806 961,1806 1006,1806 1051,1809 1095,1809 1140,1812 1185,1809 1230,1809 1274,1809 1319,1812 1364,1812 1409,1812 1454,1812 1498,1812 1543,1812 1588,1812 1633,1815 1678,1812 1722,1815 1767,1818 1812,1818 1857,1818 1902,1818 1946,1818 1991,1818 2036,1818 2081,1818 2125,1815 2170,1815 2215,1818 2260,1818 2305,1821 2349,1821 2394,1821 2439,1821 2484,1821 2529,1821 2573,1821 2618,1821 2663,1818 2708,1809 2753,1806 2764,1806"/>
                <TextEquiv>
                    <Unicode>muss er uns noch draufgeben - nicht wahr?“</Unicode>
                </TextEquiv>
            </TextLine>
            <TextLine id="tr_1_tl_11" custom="readingOrder {index:10;}">
                <Coords points="1042,2062 1544,1965 1794,2030 1944,1987 2462,2003 2427,1901 1042,1885"/>
                <Baseline points="1057,1961 1101,1961 1146,1961 1191,1964 1236,1964 1280,1964 1325,1964 1370,1964 1415,1964 1460,1964 1504,1964 1549,1967 1594,1967 1639,1967 1684,1967 1728,1970 1773,1970 1818,1973 1863,1976 1908,1970 1952,1973 1997,1976 2042,1973 2087,1973 2131,1973 2176,1973 2221,1973 2266,1976 2311,1973 2355,1973 2400,1976 2445,1976 2469,1973"/>
                <TextEquiv>
                    <Unicode>Rademacher schwieg noch immer.</Unicode>
                </TextEquiv>
            </TextLine>
            <TextLine id="tr_1_tl_12" custom="readingOrder {index:11;}">
                <Coords points="1074,2121 2833,2153 2811,2059 1074,2043"/>
                <Baseline points="1089,2111 1134,2114 1179,2114 1224,2117 1269,2117 1313,2120 1358,2117 1403,2120 1448,2120 1492,2120 1537,2120 1582,2122 1627,2122 1672,2122 1716,2125 1761,2125 1806,2125 1851,2125 1896,2128 1940,2125 1985,2125 2030,2125 2075,2122 2120,2125 2164,2125 2209,2128 2254,2131 2299,2131 2343,2131 2388,2131 2433,2131 2478,2131 2523,2131 2567,2131 2612,2131 2657,2131 2702,2131 2747,2134 2791,2134 2836,2137 2839,2137"/>
                <TextEquiv>
                    <Unicode>"Also wie ist's Dir immer gegangen?...</Unicode>
                </TextEquiv>
            </TextLine>
        </TextRegion>
        <TextRegion id="tr_2" custom="readingOrder {index:1;}">
            <Coords points="761,2222 2908,2222 2908,4333 761,4333"/>
            <TextLine id="tr_2_tl_1" custom="readingOrder {index:0;}">
                <Coords points="763,2285 1165,2357 1670,2282 2787,2323 2784,2145 2223,2242 760,2186"/>
                <Baseline points="776,2272 821,2272 865,2272 910,2275 955,2275 1000,2275 1045,2275 1089,2275 1134,2275 1179,2275 1224,2275 1269,2275 1313,2275 1358,2275 1403,2275 1448,2275 1492,2275 1537,2278 1582,2278 1627,2278 1672,2278 1716,2278 1761,2278 1806,2281 1851,2284 1896,2281 1940,2281 1985,2281 2030,2281 2075,2281 2120,2281 2164,2284 2209,2284 2254,2287 2299,2287 2343,2287 2388,2287 2433,2290 2478,2287 2523,2287 2567,2287 2612,2284 2657,2287 2702,2287 2747,2290 2791,2296 2794,2296"/>
                <TextEquiv>
                    <Unicode>Na ja, Glück hast Du wol nicht viel gehabt.</Unicode>
                </TextEquiv>
            </TextLine>
            <TextLine id="tr_2_tl_2" custom="readingOrder {index:1;}">
                <Coords points="763,2459 1176,2513 1426,2454 1775,2532 1896,2446 2776,2473 2736,2371 763,2379"/>
                <Baseline points="776,2427 821,2427 865,2427 910,2427 955,2430 1000,2430 1045,2430 1089,2430 1134,2430 1179,2430 1224,2433 1269,2433 1313,2433 1358,2433 1403,2436 1448,2439 1492,2436 1537,2436 1582,2436 1627,2436 1672,2436 1716,2439 1761,2439 1806,2439 1851,2439 1896,2436 1940,2436 1985,2439 2030,2436 2075,2436 2120,2436 2164,2439 2209,2442 2254,2439 2299,2442 2343,2442 2388,2445 2433,2445 2478,2442 2523,2442 2567,2445 2612,2442 2657,2442 2702,2445 2747,2448 2782,2448"/>
                <TextEquiv>
                    <Unicode>So äusserlich genommen, möchte man glauben,</Unicode>
                </TextEquiv>
            </TextLine>
            <TextLine id="tr_2_tl_3" custom="readingOrder {index:2;}">
                <Coords points="763,2631 2809,2629 2809,2527 763,2502"/>
                <Baseline points="776,2579 821,2582 865,2582 910,2582 955,2582 1000,2585 1045,2585 1089,2585 1134,2585 1179,2585 1224,2585 1269,2585 1313,2585 1358,2588 1403,2588 1448,2588 1492,2591 1537,2591 1582,2591 1627,2588 1672,2594 1716,2594 1761,2594 1806,2594 1851,2594 1896,2591 1940,2591 1985,2591 2030,2591 2075,2591 2120,2594 2164,2594 2209,2597 2254,2600 2299,2600 2343,2600 2388,2600 2433,2600 2478,2600 2523,2600 2567,2600 2612,2600 2657,2597 2702,2600 2747,2600 2791,2600 2815,2603"/>
                <TextEquiv>
                    <Unicode>dass ich mehr Glück gehabt habe... Aber ich</Unicode>
                </TextEquiv>
            </TextLine>
            <TextLine id="tr_2_tl_4" custom="readingOrder {index:3;}">
                <Coords points="765,2747 945,2817 1294,2741 2897,2776 2897,2677 765,2653"/>
                <Baseline points="779,2735 824,2738 868,2738 913,2738 958,2741 1003,2741 1048,2744 1092,2741 1137,2741 1182,2741 1227,2741 1272,2741 1316,2741 1361,2741 1406,2744 1451,2744 1495,2744 1540,2744 1585,2747 1630,2747 1675,2747 1719,2750 1764,2747 1809,2747 1854,2750 1899,2747 1943,2750 1988,2750 2033,2747 2078,2747 2122,2747 2167,2750 2212,2750 2257,2750 2302,2750 2346,2753 2391,2753 2436,2753 2481,2756 2526,2758 2570,2758 2615,2758 2660,2761 2705,2758 2750,2758 2794,2758 2839,2756 2884,2756 2902,2756"/>
                <TextEquiv>
                    <Unicode>bitte Dich - Glück... nicht wahr? Nun ja, ich</Unicode>
                </TextEquiv>
            </TextLine>
            <TextLine id="tr_2_tl_5" custom="readingOrder {index:4;}">
                <Coords points="763,2916 1216,2983 1568,2902 2749,2919 2747,2854 2631,2835 760,2833"/>
                <Baseline points="776,2893 821,2893 865,2893 910,2896 955,2896 1000,2896 1045,2899 1089,2899 1134,2899 1179,2899 1224,2899 1269,2899 1313,2899 1358,2899 1403,2899 1448,2899 1492,2902 1537,2902 1582,2902 1627,2905 1672,2905 1716,2905 1761,2905 1806,2905 1851,2905 1896,2905 1940,2902 1985,2905 2030,2905 2075,2908 2120,2908 2164,2908 2209,2908 2254,2908 2299,2908 2343,2908 2388,2908 2433,2908 2478,2908 2523,2911 2567,2911 2612,2911 2657,2911 2702,2914 2747,2908 2756,2908"/>
                <TextEquiv>
                    <Unicode>bin ein bisschen bekannt, habe Kinder, die</Unicode>
                </TextEquiv>
            </TextLine>
            <TextLine id="tr_2_tl_6" custom="readingOrder {index:5;}">
                <Coords points="754,3093 2006,3150 2161,3064 2800,3082 2763,2996 754,2999"/>
                <Baseline points="770,3048 815,3048 859,3051 904,3051 949,3051 994,3051 1039,3051 1083,3051 1128,3051 1173,3054 1218,3054 1263,3054 1307,3054 1352,3057 1397,3057 1442,3057 1486,3060 1531,3060 1576,3060 1621,3060 1666,3057 1710,3060 1755,3060 1800,3060 1845,3057 1890,3060 1934,3060 1979,3060 2024,3063 2069,3063 2114,3063 2158,3063 2203,3063 2248,3063 2293,3063 2337,3063 2382,3063 2427,3063 2472,3066 2517,3066 2561,3066 2606,3069 2651,3066 2696,3066 2741,3063 2785,3063 2806,3066"/>
                <TextEquiv>
                    <Unicode>mir Freude machen, eine Frau, die mich gern</Unicode>
                </TextEquiv>
            </TextLine>
            <TextLine id="tr_2_tl_7" custom="readingOrder {index:6;}">
                <Coords points="749,3230 1128,3303 1257,3209 1584,3292 1732,3217 2787,3233 2747,3144 749,3123"/>
                <Baseline points="764,3203 809,3203 853,3203 898,3203 943,3203 988,3200 1033,3203 1077,3203 1122,3206 1167,3206 1212,3206 1257,3209 1301,3209 1346,3212 1391,3212 1436,3212 1481,3212 1525,3212 1570,3215 1615,3215 1660,3215 1704,3215 1749,3215 1794,3215 1839,3212 1884,3212 1928,3212 1973,3215 2018,3215 2063,3215 2108,3218 2152,3218 2197,3218 2242,3221 2287,3218 2332,3218 2376,3218 2421,3218 2466,3218 2511,3218 2555,3221 2600,3221 2645,3221 2690,3221 2735,3218 2779,3215 2791,3218"/>
                <TextEquiv>
                    <Unicode>hat - aber wer giebt uns die Jugend wieder?</Unicode>
                </TextEquiv>
            </TextLine>
            <TextLine id="tr_2_tl_8" custom="readingOrder {index:7;}">
                <Coords points="1208,3281 1238,3286 1254,3297 1270,3278 1273,3281 1300,3278 1300,3219 1286,3219 1278,3211 1270,3214 1257,3211 1254,3217 1246,3214 1232,3225 1227,3222 1222,3227 1208,3227"/>
                <Baseline points="1224,3269 1269,3269 1307,3272"/>
                <TextEquiv>
                    <Unicode>manx</Unicode>
                </TextEquiv>
            </TextLine>
            <TextLine id="tr_2_tl_9" custom="readingOrder {index:8;}">
                <Coords points="757,3402 1423,3453 1560,3375 2755,3380 2755,3311 2645,3300 757,3292"/>
                <Baseline points="773,3359 818,3362 862,3362 907,3359 952,3362 997,3365 1042,3362 1086,3365 1131,3365 1176,3365 1221,3368 1266,3368 1310,3365 1355,3368 1400,3371 1445,3368 1489,3368 1534,3368 1579,3365 1624,3368 1669,3368 1713,3365 1758,3368 1803,3368 1848,3371 1893,3368 1937,3371 1982,3371 2027,3368 2072,3368 2117,3371 2161,3371 2206,3371 2251,3374 2296,3377 2340,3377 2385,3377 2430,3374 2475,3374 2520,3377 2564,3377 2609,3377 2654,3377 2699,3377 2744,3377 2761,3377"/>
                <TextEquiv>
                    <Unicode>Ja, mein lieber Rademacher - wer giebt uns</Unicode>
                </TextEquiv>
            </TextLine>
            <TextLine id="tr_2_tl_10" custom="readingOrder {index:9;}">
                <Coords points="757,3571 1144,3625 1700,3528 2862,3579 2889,3480 754,3453"/>
                <Baseline points="773,3514 818,3517 862,3517 907,3514 952,3517 997,3520 1042,3520 1086,3520 1131,3520 1176,3520 1221,3520 1266,3520 1310,3520 1355,3523 1400,3523 1445,3523 1489,3526 1534,3526 1579,3526 1624,3526 1669,3526 1713,3526 1758,3526 1803,3526 1848,3526 1893,3526 1937,3529 1982,3529 2027,3529 2072,3526 2117,3529 2161,3529 2206,3535 2251,3535 2296,3538 2340,3535 2385,3538 2430,3535 2475,3535 2520,3535 2564,3538 2609,3538 2654,3538 2699,3535 2744,3535 2788,3535 2833,3538 2878,3538 2893,3541"/>
                <TextEquiv>
                    <Unicode>die Jugend wiedert... Wahrhaftig,-nicht, wenn</Unicode>
                </TextEquiv>
            </TextLine>
            <TextLine id="tr_2_tl_11" custom="readingOrder {index:10;}">
                <Coords points="746,3681 948,3676 1055,3754 1195,3678 2851,3708 2851,3627 2704,3611 746,3619"/>
                <Baseline points="761,3672 806,3672 850,3672 895,3672 940,3675 985,3675 1030,3675 1074,3675 1119,3675 1164,3675 1209,3678 1254,3678 1298,3678 1343,3678 1388,3678 1433,3681 1478,3678 1522,3678 1567,3678 1612,3681 1657,3681 1701,3681 1746,3681 1791,3681 1836,3684 1881,3684 1925,3687 1970,3687 2015,3684 2060,3687 2105,3687 2149,3684 2194,3687 2239,3687 2284,3687 2329,3687 2373,3687 2418,3687 2463,3687 2508,3687 2552,3687 2597,3687 2642,3687 2687,3690 2732,3690 2776,3690 2821,3690 2857,3690"/>
                <TextEquiv>
                    <Unicode>man etwas nicht erreicht, sollte man von Ent-</Unicode>
                </TextEquiv>
            </TextLine>
            <TextLine id="tr_2_tl_12" custom="readingOrder {index:11;}">
                <Coords points="765,3850 2830,3893 2779,3697 2129,3697 1858,3791 765,3746"/>
                <Baseline points="779,3827 824,3827 868,3827 913,3827 958,3827 1003,3830 1048,3830 1092,3830 1137,3833 1182,3833 1227,3833 1272,3836 1316,3833 1361,3836 1406,3836 1451,3833 1495,3836 1540,3836 1585,3836 1630,3839 1675,3839 1719,3836 1764,3836 1809,3836 1854,3836 1899,3836 1943,3839 1988,3836 2033,3836 2078,3836 2122,3839 2167,3839 2212,3836 2257,3839 2302,3839 2346,3839 2391,3842 2436,3842 2481,3839 2526,3839 2570,3842 2615,3842 2660,3845 2705,3845 2750,3848 2794,3851 2836,3854"/>
                <TextEquiv>
                    <Unicode>täuschung sprechen; was Enttänschung heisst,</Unicode>
                </TextEquiv>
            </TextLine>
            <TextLine id="tr_2_tl_13" custom="readingOrder {index:12;}">
                <Coords points="757,4030 1074,4003 1305,4087 1431,4001 2760,4052 2835,4019 2835,3883 757,3942"/>
                <Baseline points="773,3983 818,3983 862,3983 907,3986 952,3986 997,3986 1042,3986 1086,3989 1131,3992 1176,3992 1221,3989 1266,3995 1310,3992 1355,3992 1400,3989 1445,3989 1489,3989 1534,3992 1579,3989 1624,3992 1669,3992 1713,3989 1758,3992 1803,3995 1848,3995 1893,3998 1937,3998 1982,3995 2027,3998 2072,3998 2117,3995 2161,3995 2206,3995 2251,3998 2296,3995 2340,3995 2385,3995 2430,3998 2475,3998 2520,3998 2564,3998 2609,4001 2654,4001 2699,4001 2744,4001 2788,4004 2833,4004 2842,4004"/>
                <TextEquiv>
                    <Unicode>weiss eigentlich nur der, der etwas erreicht</Unicode>
                </TextEquiv>
            </TextLine>
            <TextLine id="tr_2_tl_14" custom="readingOrder {index:13;}">
                <Coords points="752,4178 773,4186 784,4178 830,4207 857,4207 908,4245 945,4226 985,4240 985,4073 948,4089 924,4073 916,4081 886,4076 867,4089 819,4062 795,4065 749,4044"/>
                <Baseline points="767,4141 812,4138 856,4141 901,4144 946,4141 991,4138"/>
                <TextEquiv>
                    <Unicode>hat.“</Unicode>
                </TextEquiv>
            </TextLine>
            <TextLine id="tr_2_tl_15" custom="readingOrder {index:14;}">
                <Coords points="1066,4315 1364,4366 1904,4326 2169,4390 2263,4328 2902,4328 2900,4232 2690,4266 2470,4172 1063,4130"/>
                <Baseline points="1080,4293 1125,4299 1170,4299 1215,4302 1260,4305 1304,4305 1349,4308 1394,4308 1439,4308 1484,4308 1528,4308 1573,4308 1618,4308 1663,4308 1707,4311 1752,4311 1797,4317 1842,4314 1887,4314 1931,4317 1976,4317 2021,4317 2066,4317 2111,4317 2155,4317 2200,4317 2245,4314 2290,4317 2334,4314 2379,4314 2424,4314 2469,4314 2514,4314 2558,4317 2603,4317 2648,4320 2693,4320 2738,4317 2782,4323 2827,4320 2872,4320 2908,4323"/>
                <TextEquiv>
                    <Unicode>„Ich bitte Dich“, sagte Rademacher, “sei</Unicode>
                </TextEquiv>
            </TextLine>
        </TextRegion>
    </Page>
</PcGts>
