3347 4680
2860 445 3028 616 10
825 528 1930 732 ich noch zu reden hab'.
1120 686 2919 911 "Nun, lieber Herr Rademacher, ich kann
815 836 2117 1032 es einfach nicht gestatten.
1096 1013 2541 1206 "Aber warum denn, Herr Doktor?
1096 1206 2838 1348 "Sie sind ja ein vernünftiger Mensch.
788 1308 2752 1536 Die Sache ist überhaupt unmöglich, und
801 1498 2744 1651 wenn es so dringend ist... ja, warum ist
793 1648 2798 1828 Ihnen denn das nicht etwas früher eingefal
785 1804 2937 1964 len, zum Beispiel schon heute Vormittag? - So
785 1948 2932 2115 kann ich Ihnen nur wiederholen: schreiben Sie
791 2112 2752 2206 an Herrn Werdenhauser, er möge morgen....
1088 2254 2747 2383 “Aber Herr Doktor“, rief der Kranke
788 2431 2830 2592 und seitzte sich gerade auf, indem er beide
775 2584 2809 2766 Hände nach rückwärts auf den Polster stütz-
785 2734 2787 2935 "morgen ist's ja zu spät! Ich muss ihn
775 2884 2718 3050 noch heut' sehen, er muss noch heute' kom¬
780 3028 1021 3187 men!"
1048 3181 2696 3358 Der Arzt schüttelte den Kopf. "Ich
785 3329 2830 3519 weiss ja nicht, in welcher Beziehung Sie zu
756 3508 2795 3680 Herrn Werdenhauser stehen, ob Sie das über-
764 3682 2817 3795 haupt verlangen können, dass er zu einer so
772 3811 2876 3953 ungewöhnlichen Stunde... Ja, hat er Sie denn
758 3945 2795 4103 überhaupt während Ihrer Krankheit besucht?“
1072 4133 2768 4272 "O nein, ich hab' ihn xxx schon viele
761 4307 2860 4438 Jahre nicht mehr gesehen... oder wenigsten.
