3379 4712
2874 298 3016 554 15
708 480 2655 648 diese Unterredung nicht länger dauert als
719 659 2732 819 eine Viertelstunde, und dann....“ er zöger-
694 810 2607 975 te......"Also ich gehe noch in die andern
688 966 2754 1137 Zimmer, und wenn ich Herrn Werdenhauser fin-
694 1106 2982 1259 de und wenn er kommen will, bin ich wol in Ihn
699 1239 2183 1438 einer halben Stunde mit ihm da."
929 1418 2706 1586 Er wandte sich rasch ab. Die Wärterin,
688 1543 2626 1740 die sich während der Unterredung entfernt
679 1740 2763 1882 und wieder zu dem Tisch gesetzt hatte, stand
679 1819 2672 2035 jetzt rasch auf, hing dem Arzt den Paletot
688 2024 2769 2209 um die Schultern und öffnete die Thür zu dem
679 2169 1353 2356 nächsten Saal.
907 2356 2726 2561 Rademacher war sehr müde und begann zu
674 2479 2766 2632 husten. Er hatte es die Zeit, während er mit
677 2629 2629 2823 dem Arzte sprach, mit dem ganzen Aufgebot
1404 2740 2047 2845 zurückgehalten
679 2769 2942 2976 seines Willens unterdrückt; jetzt kam ein nu so
668 2905 2763 3149 ärger Anfall. Nachdem er vorüber war, streck-
671 3110 2749 3286 te sich der Kranke aus und sah zur Decke em-
668 3252 2692 3451 por. Nur dort oben, dem Licht entsprechend,
671 3420 2734 3596 das auf dem Tische stand, zitterte ein klei-
662 3584 2706 3738 ner, mattleuchtender Kreis. Rademacher nahm
677 3724 2672 3943 sich vor, immerfort diesen Kreis anzusehen
677 3897 2669 4070 und vor sich hin zu zählen, um die Minuten
665 4042 2555 4247 der Erwartung besser ertragen zu können.
