<?xml version="1.0" encoding="UTF-8" standalone="yes"?>
<PcGts xmlns="http://schema.primaresearch.org/PAGE/gts/pagecontent/2013-07-15" xmlns:xsi="http://www.w3.org/2001/XMLSchema-instance" xsi:schemaLocation="http://schema.primaresearch.org/PAGE/gts/pagecontent/2013-07-15 http://schema.primaresearch.org/PAGE/gts/pagecontent/2013-07-15/pagecontent.xsd">
    <Metadata>
        <Creator>prov=READ-COOP:name=TrHtr:version=2.1.0:model_id=51170:date=27_07_2023_23:29</Creator>
        <Created>2023-05-10T11:11:49.973+02:00</Created>
        <LastChange>2023-07-27T23:29:52.901+02:00</LastChange>
        <TranskribusMetadata docId="1428127" pageId="55384301" pageNr="123" tsid="131308750" status="IN_PROGRESS" userId="64420" imgUrl="https://files.transkribus.eu/Get?id=CQLEMQYDAQCUAXECRLHBKBJO&amp;fileType=view" xmlUrl="https://files.transkribus.eu/Get?id=CTZXSKCJTMRXWFOQHAPULDPU" imageId="44659201"/>
    </Metadata>
    <Page imageFilename="1428127_0123.jpg" imageWidth="5992" imageHeight="4088">
        <ReadingOrder>
            <OrderedGroup id="ro_1711825506842" caption="Regions reading order">
                <RegionRefIndexed index="0" regionRef="tr_1"/>
            </OrderedGroup>
        </ReadingOrder>
        <TextRegion id="tr_1" custom="readingOrder {index:0;}">
            <Coords points="3334,541 5707,541 5707,3548 3334,3548"/>
            <TextLine id="tr_1_tl_1" custom="readingOrder {index:0;}">
                <Coords points="5353,628 5376,631 5396,611 5408,622 5422,613 5454,637 5501,619 5530,628 5518,471 5489,465 5466,488 5449,488 5417,468 5388,491 5376,488 5364,503 5344,503"/>
                <Baseline points="5366,591 5456,597 5534,603"/>
                <TextEquiv>
                    <Unicode> déc.</Unicode>
                </TextEquiv>
            </TextLine>
            <TextLine id="tr_1_tl_2" custom="readingOrder {index:1;}">
                <Coords points="3408,773 5513,776 5510,645 5213,587 4786,657 4393,544 3899,602 3512,547 3405,608"/>
                <Baseline points="3424,711 3514,711 3603,717 3693,717 3783,717 3872,717 3962,723 4052,723 4141,723 4231,723 4321,729 4410,735 4500,735 4590,735 4679,735 4769,741 4858,741 4948,741 5038,747 5127,747 5217,747 5307,753 5396,753 5486,759 5516,759"/>
                <TextEquiv>
                    <Unicode>Albrecht: Denkst du noch immer an das Mädel?</Unicode>
                </TextEquiv>
            </TextLine>
            <TextLine id="tr_1_tl_3" custom="readingOrder {index:2;}">
                <Coords points="3396,925 5495,957 5603,916 5603,805 3393,788"/>
                <Baseline points="3412,866 3502,866 3591,872 3681,872 3771,872 3860,872 3950,878 4040,878 4129,878 4219,878 4309,884 4398,884 4488,890 4578,890 4667,890 4757,896 4847,896 4936,896 5026,902 5115,902 5205,908 5295,902 5384,914 5474,908 5564,908 5606,914"/>
                <TextEquiv>
                    <Unicode>Max: inders als vorher. Sagt ich nicht in jener</Unicode>
                </TextEquiv>
            </TextLine>
            <TextLine id="tr_1_tl_4" custom="readingOrder {index:3;}">
                <Coords points="3390,1058 5635,1087 5603,957 4931,1006 4466,916 3762,983 3387,907"/>
                <Baseline points="3406,1016 3496,1022 3585,1022 3675,1027 3765,1027 3854,1033 3944,1033 4034,1033 4123,1039 4213,1039 4303,1045 4392,1045 4482,1045 4572,1045 4661,1051 4751,1051 4841,1051 4930,1057 5020,1057 5110,1057 5199,1057 5289,1057 5378,1063 5468,1063 5558,1063 5641,1075"/>
                <TextEquiv>
                    <Unicode>Nacht, dass sie zu spät kam? Nein. Es ist besser</Unicode>
                </TextEquiv>
            </TextLine>
            <TextLine id="tr_1_tl_5" custom="readingOrder {index:4;}">
                <Coords points="3384,1207 3826,1285 4539,1215 5548,1279 5521,1082 5085,1163 4899,1070 4411,1160 3695,1082 3381,1125"/>
                <Baseline points="3400,1177 3490,1183 3579,1189 3669,1189 3759,1195 3848,1189 3938,1195 4028,1195 4117,1195 4207,1201 4297,1207 4386,1201 4476,1207 4566,1207 4655,1207 4745,1213 4835,1213 4924,1213 5014,1213 5104,1213 5193,1219 5283,1219 5372,1225 5462,1225 5552,1237"/>
                <TextEquiv>
                    <Unicode>so. Von allen Dingen das herrlichste ist eine</Unicode>
                </TextEquiv>
            </TextLine>
            <TextLine id="tr_1_tl_6" custom="readingOrder {index:5;}">
                <Coords points="3384,1399 5489,1425 5486,1300 5411,1288 3381,1276"/>
                <Baseline points="3400,1344 3490,1338 3579,1344 3669,1350 3759,1344 3848,1350 3938,1350 4028,1356 4117,1356 4207,1356 4297,1356 4386,1362 4476,1362 4566,1368 4655,1362 4745,1368 4835,1368 4924,1374 5014,1374 5104,1374 5193,1374 5283,1380 5372,1380 5462,1380 5498,1386"/>
                <TextEquiv>
                    <Unicode>unerfüllte Sehnsucht. Das wäscht die Seele so</Unicode>
                </TextEquiv>
            </TextLine>
            <TextLine id="tr_1_tl_7" custom="readingOrder {index:6;}">
                <Coords points="3379,1550 3405,1556 3428,1535 3483,1558 3504,1547 3544,1567 3570,1567 3611,1544 3643,1550 3640,1433 3617,1439 3582,1419 3536,1433 3512,1425 3495,1442 3442,1433 3376,1448"/>
                <Baseline points="3394,1494 3484,1494 3574,1500 3651,1500"/>
                <TextEquiv>
                    <Unicode>rein.</Unicode>
                </TextEquiv>
            </TextLine>
            <TextLine id="tr_1_tl_8" custom="readingOrder {index:7;}">
                <Coords points="3370,1736 5556,1707 5553,1631 5018,1628 4794,1538 4437,1617 3367,1599"/>
                <Baseline points="3382,1649 3472,1649 3562,1649 3651,1655 3741,1655 3831,1655 3920,1661 4010,1661 4099,1661 4189,1661 4279,1667 4368,1667 4458,1673 4548,1673 4637,1673 4727,1679 4817,1679 4906,1679 4996,1679 5086,1685 5175,1685 5265,1685 5355,1691 5444,1691 5534,1691 5564,1697"/>
                <TextEquiv>
                    <Unicode>Albrecht: Das ist mir zu fromm gedacht. Oder zu</Unicode>
                </TextEquiv>
            </TextLine>
            <TextLine id="tr_1_tl_9" custom="readingOrder {index:8;}">
                <Coords points="3379,1884 5661,1878 5658,1762 5443,1733 4963,1791 4475,1715 4265,1782 3957,1704 3376,1742"/>
                <Baseline points="3394,1804 3484,1804 3574,1810 3663,1810 3753,1816 3842,1816 3932,1816 4022,1816 4111,1822 4201,1822 4291,1822 4380,1828 4470,1828 4560,1828 4649,1834 4739,1834 4829,1840 4918,1840 5008,1840 5098,1846 5187,1846 5277,1846 5366,1852 5456,1852 5546,1852 5635,1858 5665,1864"/>
                <TextEquiv>
                    <Unicode>töricht. Oder soll es vielleicht eine Sühne sein?</Unicode>
                </TextEquiv>
            </TextLine>
            <TextLine id="tr_1_tl_10" custom="readingOrder {index:9;}">
                <Coords points="3361,2032 3913,2006 4245,2029 4242,1843 3818,1936 3754,1896 3646,1904 3602,1942 3422,1884 3358,1904"/>
                <Baseline points="3376,1978 3466,1972 3556,1972 3645,1978 3735,1972 3825,1978 3914,1978 4004,1978 4093,1978 4183,1984 4249,1990"/>
                <TextEquiv>
                    <Unicode>Max: Lohn am Ende.</Unicode>
                </TextEquiv>
            </TextLine>
            <TextLine id="tr_1_tl_11" custom="readingOrder {index:10;}">
                <Coords points="3361,2169 5306,2218 5606,2184 5606,2102 3358,2050"/>
                <Baseline points="3376,2127 3466,2121 3556,2121 3645,2127 3735,2127 3825,2133 3914,2133 4004,2133 4093,2133 4183,2139 4273,2139 4362,2145 4452,2145 4542,2151 4631,2151 4721,2157 4811,2157 4900,2157 4990,2157 5080,2163 5169,2163 5259,2163 5349,2169 5438,2163 5528,2169 5612,2175"/>
                <TextEquiv>
                    <Unicode>Albrecht: Hör ich dich so, so ist mir doch immer,</Unicode>
                </TextEquiv>
            </TextLine>
            <TextLine id="tr_1_tl_12" custom="readingOrder {index:11;}">
                <Coords points="3370,2352 5702,2381 5658,2239 3367,2213"/>
                <Baseline points="3382,2277 3472,2277 3562,2277 3651,2283 3741,2283 3831,2283 3920,2289 4010,2289 4099,2295 4189,2295 4279,2295 4368,2300 4458,2300 4548,2300 4637,2306 4727,2312 4817,2312 4906,2318 4996,2318 5086,2318 5175,2318 5265,2324 5355,2324 5444,2324 5534,2330 5623,2330 5707,2336"/>
                <TextEquiv>
                    <Unicode>als wäre dein Hirn vergiftet.</Unicode>
                </TextEquiv>
            </TextLine>
            <TextLine id="tr_1_tl_13" custom="readingOrder {index:12;}">
                <Coords points="3376,2480 3431,2480 3463,2500 3524,2492 3565,2524 3617,2492 3803,2489 3800,2381 3765,2390 3698,2367 3675,2390 3655,2375 3629,2390 3521,2364 3483,2393 3405,2373 3373,2384"/>
                <Baseline points="3388,2444 3478,2438 3568,2438 3657,2444 3747,2450 3807,2456"/>
                <TextEquiv>
                    <Unicode>sanktsxx</Unicode>
                </TextEquiv>
            </TextLine>
            <TextLine id="tr_1_tl_14" custom="readingOrder {index:13;}">
                <Coords points="3341,2655 4882,2666 4879,2553 4678,2524 4437,2567 4146,2500 3786,2541 3634,2489 3338,2503"/>
                <Baseline points="3358,2599 3448,2593 3538,2593 3627,2599 3717,2599 3807,2599 3896,2599 3986,2605 4076,2605 4165,2611 4255,2611 4344,2611 4434,2617 4524,2617 4613,2623 4703,2623 4793,2623 4882,2635"/>
                <TextEquiv>
                    <Unicode>Maxi Nie fühlt ich mich so klar.</Unicode>
                </TextEquiv>
            </TextLine>
            <TextLine id="tr_1_tl_15" custom="readingOrder {index:14;}">
                <Coords points="3364,2809 5658,2832 5655,2716 5135,2675 3358,2666"/>
                <Baseline points="3376,2749 3466,2749 3556,2749 3645,2749 3735,2755 3825,2755 3914,2755 4004,2761 4093,2761 4183,2767 4273,2767 4362,2767 4452,2773 4542,2773 4631,2779 4721,2779 4811,2779 4900,2785 4990,2785 5080,2791 5169,2791 5259,2791 5349,2797 5438,2797 5528,2797 5618,2809 5665,2814"/>
                <TextEquiv>
                    <Unicode>Albrecht: Vergiftet von dem Bösen, Ueberheblichen,</Unicode>
                </TextEquiv>
            </TextLine>
            <TextLine id="tr_1_tl_16" custom="readingOrder {index:15;}">
                <Coords points="3355,2925 3559,3001 3908,2910 4172,2980 5641,2983 5638,2861 3352,2838"/>
                <Baseline points="3370,2898 3460,2898 3550,2904 3639,2904 3729,2904 3819,2904 3908,2904 3998,2910 4088,2916 4177,2922 4267,2922 4356,2922 4446,2922 4536,2928 4625,2928 4715,2928 4805,2934 4894,2934 4984,2934 5074,2940 5163,2940 5253,2946 5343,2946 5432,2952 5522,2952 5612,2964 5647,2958"/>
                <TextEquiv>
                    <Unicode>tückischen Geist, der uns alles Verderben schickt,</Unicode>
                </TextEquiv>
            </TextLine>
            <TextLine id="tr_1_tl_17" custom="readingOrder {index:16;}">
                <Coords points="3725,3003 3791,2992 3826,3009 3876,2977 3919,3003 3943,2992 3989,3001 4001,2989 4027,3001 4027,2925 3983,2919 3963,2934 3925,2910 3870,2925 3855,2916 3829,2925 3777,2916 3762,2931 3725,2922"/>
                <Baseline points="3741,2982 3831,2970 3920,2976 4010,2976 4034,2982"/>
                <TextEquiv>
                    <Unicode>sident.</Unicode>
                </TextEquiv>
            </TextLine>
            <TextLine id="tr_1_tl_18" custom="readingOrder {index:17;}">
                <Coords points="3364,3126 5550,3146 5548,3041 5277,2998 3358,2992"/>
                <Baseline points="3376,3060 3466,3054 3556,3060 3645,3060 3735,3071 3825,3066 3914,3071 4004,3071 4093,3071 4183,3071 4273,3071 4362,3077 4452,3077 4542,3083 4631,3083 4721,3089 4811,3089 4900,3095 4990,3095 5080,3095 5169,3101 5259,3101 5349,3101 5438,3107 5528,3107 5558,3113"/>
                <TextEquiv>
                    <Unicode>der uns allen die Wahl lässt und gegen den wir</Unicode>
                </TextEquiv>
            </TextLine>
            <TextLine id="tr_1_tl_19" custom="readingOrder {index:18;}">
                <Coords points="3364,3233 3501,3283 4719,3283 4716,3181 4510,3146 4062,3178 3882,3117 3579,3178 3460,3114 3361,3128"/>
                <Baseline points="3376,3215 3466,3209 3556,3209 3645,3215 3735,3215 3825,3221 3914,3221 4004,3221 4093,3221 4183,3221 4273,3227 4362,3233 4452,3233 4542,3233 4631,3239 4721,3245 4727,3245"/>
                <TextEquiv>
                    <Unicode>doch uns nicht wehren können.</Unicode>
                </TextEquiv>
            </TextLine>
            <TextLine id="tr_1_tl_20" custom="readingOrder {index:19;}">
                <Coords points="3317,3399 5516,3469 5513,3344 5228,3297 3315,3291"/>
                <Baseline points="3334,3364 3424,3358 3514,3364 3603,3358 3693,3364 3783,3364 3872,3370 3962,3370 4052,3370 4141,3370 4231,3376 4321,3382 4410,3382 4500,3382 4590,3388 4679,3388 4769,3394 4858,3394 4948,3394 5038,3400 5127,3400 5217,3400 5307,3412 5396,3406 5486,3412 5522,3412"/>
                <TextEquiv>
                    <Unicode>Max: In den Tod vielleicht, aber doch nicht ins</Unicode>
                </TextEquiv>
            </TextLine>
            <TextLine id="tr_1_tl_21" custom="readingOrder {index:20;}">
                <Coords points="3361,3597 4210,3634 5065,3538 5614,3634 5611,3483 5449,3442 3361,3425"/>
                <Baseline points="3376,3496 3466,3508 3556,3508 3645,3514 3735,3514 3825,3520 3914,3520 4004,3526 4093,3526 4183,3526 4273,3526 4362,3532 4452,3532 4542,3532 4631,3532 4721,3526 4811,3526 4900,3526 4990,3526 5080,3526 5169,3532 5259,3532 5349,3532 5438,3532 5528,3526 5618,3538"/>
                <TextEquiv>
                    <Unicode>Verderben. xxxx ein Opfer. In einen Opfertod.</Unicode>
                </TextEquiv>
            </TextLine>
        </TextRegion>
    </Page>
</PcGts>
