5992 4088
5305 481 5507 619 ja 349
3498 536 3825 763 Marie!
3500 703 5575 947 Marie: Wenn er nicht mehr lebt,so sag es mir
3514 955 3871 1077 gleich.
4014 1001 4255 1142 E. G.
3487 1098 5610 1244 Katharina: Sie leben noch alle. Wir alle sind
3487 1279 5556 1415 noch da. Komm! (Sie f체hrt Marie gegen rechts,
3492 1393 4398 1545 Max ihnen entgegen)
3492 1572 4401 1728 Max: Du,Marie?! Du?!
3492 1720 4217 1845 Katharina: (ab)
3473 1853 5467 2018 Marie; (sinkt vor Max nieder, ergreift seine
3476 2031 5080 2199 H채nde und bedeckt sie mit K체ssen).
3462 2178 5548 2318 Max: Wie kommet du hieher? Warum? Rasch, wenn
3476 2375 5497 2532 du mir was zu sagen hast. Es ist nicht viel
3473 2445 3968 2618 Zeit mehr.
3462 2594 5635 2802 Marie: Beinah schon hatte ich verzweifelt dich
3473 2813 3960 2927 zu finden.
3457 2859 5526 3103 Max: Was f체r ein Wahnsinn mir zu folgen! Wie
3462 3084 5342 3257 du nur aussiehst! Was hat man dir getan?
3438 3268 5605 3479 Marie: Auf geheimen Wegen, auf unwegsamen Pfa-
3449 3422 5518 3598 den - verborgen, so lange die Sonne schien...
