6008 4184
2844 417 3222 672 1.10.51.
5186 500 5389 695 352
3356 818 5572 989 Für diese Stunde hab ich das alles getan. Komm!
3350 958 4320 1126 In deinem Arm, Max...
3373 1129 5652 1286 (Max und Marie gegen den Wald zu, Indessen immer
3356 1261 5486 1421 wieder Signale ferner und näher. Man sieht im
3348 1401 5529 1627 Hintergrund, dass sich Kompagnien ordnen. Ueber
3362 1572 5663 1732 die Wiese Soldaten.- Aus dem Wirtshaus der Oberst
3365 1735 5632 1933 mit dem Major, dem Rittmeister und noch zwei Offi-
3365 1924 3779 2075 zieren.)
3370 2055 5546 2253 Oberst: Sie wissen nun alles, meine Herren, und
3385 2207 5583 2387 Die verstehen die Lage. Ich weiss, es geht ein
3379 2384 5515 2564 Gerücht, dass ich "Siealle in den Tod schicke
3393 2516 5555 2670 leichffertig oder aus Eigensinn, um die Schmach
3388 2693 5640 2819 zu sühnen, die unser Regiment vor dreissig Jahren
3399 2793 5472 2987 auf sich nahm. Ein Gerücht, meine Herren! Ich
3405 2979 5680 3167 kann Ihnen nicht verbieten es zu glauben und noch
3405 3142 5606 3316 weniger nach diesem Glauben zu handeln. In die-
3405 3308 5563 3508 sem Falle würde ich mein Kommando aus der Hand
3408 3453 4288 3636 geben, im andern...
3428 3565 5229 3822 (Die Offiziere stimmen ihm lebhaft zu)
