5864 4312
5072 579 5284 725 333
3175 641 5016 867 Tage haben wir doch nicht mehr vor uns.
3175 864 4925 1042 Max: Ich habe gewählt. Hier bin ich,
3178 1008 3731 1214 Marie: Max!
3158 1160 5430 1408 Max: Lebwohl, Marie! Ich danke dir, dass du gekom-
3178 1369 5343 1496 men bist,die Tage,die noch vor uns liegen, wer-
3172 1507 5385 1679 den hundertfachen Glanz von dir empfangen. Leb-
3170 1634 4079 1837 wohl, ich danke dir.
3164 1784 5335 2035 (Draussen Trompetenzeichen und andere Signale.
3158 1967 4112 2123 Max und Albrecht ab)
3164 2080 4688 2320 Marie: Nun weiss ich meinen Weg.
