4712 4152
4075 483 4253 640 351
2131 525 3604 788 Oberst: Ich bitte,Herr Leutnant,
2824 714 2919 812 a
2128 720 4277 1014 Albrecht: Es ist heut Nacht dort unten auf der
2113 833 3355 1088 Wiese Mustig zugegangen.
2143 1046 4241 1295 Oberst: Diese Nacht war meinen Leuten wohl zu
2125 1221 2466 1381 gönnen.
3571 1313 3856 1455 in 6 Sept
2110 1372 4167 1615 Albrecht: Es sind Frauenzimmer aus der Stadt
2098 1529 3637 1710 gekommen, aus schlechten Häusern.
3355 1672 4437 1849 Es gibt allerth, die wicht erscheit
2092 1657 3222 1852 Oberst: (Warum schlecht?
2101 1811 4253 2033 Albrecht: Frauenzimmer aller Art und nicht aus
2086 2001 3797 2172 der Stadt allein, auch von weiter her.
3788 2063 4410 2223 In Carlastr:-
2552 2116 2650 2214 7.
2739 2119 3702 2235 bitted allerhan pl...
2089 2181 4422 2341 Oberst: Was haben Sie mir zu melden,Herr Leutnant?
2081 2291 4300 2510 Albrecht: Manche haben die Freuden dieser Nacht
2060 2478 4446 2694 schlimm gebüsst, zwei oder drei sind tot, glaube ich.
2057 2611 3720 2795 vielleicht vom Uebermass der Lust.
2086 2759 4318 2964 berst: Bald werden Männer sterben - einen schwe
2042 2913 4369 3198 reren Tod vermutlich. Im übrigen erwarte ich Ihre
2024 3065 3100 3248 Meldung, Herr Leutnant.
2030 3192 4081 3491 Albrecht: Ich habe etwas zu überbringen. Herr
2048 3391 2398 3542 Oberst.
2030 3491 3954 3808 Oberst: Von einer Lebenden, nehme ich an?
