4824 4136
4133 345 4327 515 332.
2714 433 4275 674 Hierauft, eui est toutes
2232 501 2596 676 warth.
2229 649 4012 846 Max: Mit des Obersten Einverständnis?
2232 868 4314 1005 Albrecht: Nur einer von den zwei Deserteuren
2224 1013 4349 1172 ist zurückgekehrt. Ich kompletiere meine Kom-
2246 1153 4300 1337 pagnie. Das ist mein gutes Recht - du kommst
2213 1293 2646 1460 mit mir.
2207 1457 4344 1627 Max: Willst du dem Obersten Gelegenheit geben
2235 1613 4371 1802 mir ins Gesicht vor den gewesenen Kameraden...
2213 1799 4377 1961 Albrecht: Lehr mich ihn kennen. Wenn ihn etwas
2216 1942 4303 2117 an meinem Einfall verdriessen könnte,wäre es
2205 2090 4004 2246 höchstens, dass er ihn nicht vorhersah.
2210 2227 4409 2388 Max: Du könntest dich in ihm täuschen. Der Ein-
2213 2407 4363 2533 fall könnte dich mehr kosten, als ich wert bin.
2210 2520 4371 2700 Albrecht: Ich nehme es auf mich. Und was immer
2216 2692 4324 2824 geschehe, es bleibt immer noch Zeit zu tun, was
2207 2837 4242 2991 Narren wie du und ich in einem solchen Fall
2210 2963 4045 3152 glauben tun zu müssen.
2205 3147 4272 3297 Marie: Nehmen Sie ihn mir nicht wieder fort!
2202 3273 4070 3421 Max: Als hätt' ich dir jemals gehört...
2216 3404 4212 3604 Albrecht: Er hat die Wahl. Mehr als sieben
