<?xml version="1.0" encoding="UTF-8" standalone="yes"?>
<PcGts xmlns="http://schema.primaresearch.org/PAGE/gts/pagecontent/2013-07-15" xmlns:xsi="http://www.w3.org/2001/XMLSchema-instance" xsi:schemaLocation="http://schema.primaresearch.org/PAGE/gts/pagecontent/2013-07-15 http://schema.primaresearch.org/PAGE/gts/pagecontent/2013-07-15/pagecontent.xsd">
    <Metadata>
        <Creator>prov=READ-COOP:name=TrHtr:version=2.1.0:model_id=51170:date=27_07_2023_23:29</Creator>
        <Created>2023-05-10T11:11:50.744+02:00</Created>
        <LastChange>2023-07-27T23:29:54.373+02:00</LastChange>
        <TranskribusMetadata docId="1428127" pageId="55384327" pageNr="128" tsid="131308755" status="IN_PROGRESS" userId="64420" imgUrl="https://files.transkribus.eu/Get?id=BEBONBOQLCCGWWXFWVCSQJGC&amp;fileType=view" xmlUrl="https://files.transkribus.eu/Get?id=UGRTUYURBJPWUPWQFPKGXKGD" imageId="44659227"/>
    </Metadata>
    <Page imageFilename="1428127_0128.jpg" imageWidth="5992" imageHeight="4184">
        <ReadingOrder>
            <OrderedGroup id="ro_1711825514173" caption="Regions reading order">
                <RegionRefIndexed index="0" regionRef="tr_1"/>
            </OrderedGroup>
        </ReadingOrder>
        <TextRegion id="tr_1" custom="readingOrder {index:0;}">
            <Coords points="3581,511 5735,511 5735,3794 3581,3794"/>
            <TextLine id="tr_1_tl_1" custom="readingOrder {index:0;}">
                <Coords points="5395,599 5414,591 5440,607 5499,617 5533,607 5570,628 5605,615 5594,403 5533,411 5491,387 5385,435"/>
                <Baseline points="5407,561 5497,567 5586,572 5610,572"/>
                <TextEquiv>
                    <Unicode>35l</Unicode>
                </TextEquiv>
            </TextLine>
            <TextLine id="tr_1_tl_2" custom="readingOrder {index:1;}">
                <Coords points="3596,726 4057,726 4396,784 4709,750 4706,665 4622,684 4367,628 4134,660 3919,607 3702,660 3596,644"/>
                <Baseline points="3611,716 3700,716 3790,716 3879,716 3969,722 4058,722 4148,722 4237,722 4327,722 4416,722 4506,728 4595,728 4685,728 4715,728"/>
                <TextEquiv>
                    <Unicode>Max: Und bist geflohen?</Unicode>
                </TextEquiv>
            </TextLine>
            <TextLine id="tr_1_tl_3" custom="readingOrder {index:2;}">
                <Coords points="3599,973 4137,893 4600,949 5623,906 5578,795 4876,832 4603,771 4216,840 3596,782"/>
                <Baseline points="3611,871 3700,871 3790,871 3879,877 3969,871 4058,877 4148,877 4237,877 4327,877 4416,877 4506,877 4595,883 4685,883 4774,883 4864,883 4953,883 5043,883 5133,883 5222,883 5312,883 5401,883 5491,889 5580,883 5628,883"/>
                <TextEquiv>
                    <Unicode>Marie: Nicht vor dem Richter. Nicht für im-</Unicode>
                </TextEquiv>
            </TextLine>
            <TextLine id="tr_1_tl_4" custom="readingOrder {index:3;}">
                <Coords points="3604,1089 5668,1073 5666,994 5531,965 3601,970"/>
                <Baseline points="3616,1026 3706,1032 3796,1032 3885,1038 3975,1038 4064,1038 4154,1038 4243,1038 4333,1044 4422,1044 4512,1044 4601,1044 4691,1044 4780,1044 4870,1050 4959,1050 5049,1050 5138,1050 5228,1050 5318,1050 5407,1050 5497,1056 5586,1050 5670,1050"/>
                <TextEquiv>
                    <Unicode>mer. Ich kenne meinen Weg. Aber einmal musste</Unicode>
                </TextEquiv>
            </TextLine>
            <TextLine id="tr_1_tl_5" custom="readingOrder {index:4;}">
                <Coords points="3604,1230 5523,1256 5536,1092 4526,1163 3601,1124"/>
                <Baseline points="3616,1181 3706,1187 3796,1193 3885,1193 3975,1193 4064,1193 4154,1193 4243,1199 4333,1193 4422,1193 4512,1193 4601,1199 4691,1199 4780,1199 4870,1199 4959,1199 5049,1199 5138,1199 5228,1205 5318,1205 5407,1205 5497,1211 5544,1217"/>
                <TextEquiv>
                    <Unicode>ich dich noch sehen. Diese letzte Stunde,</Unicode>
                </TextEquiv>
            </TextLine>
            <TextLine id="tr_1_tl_6" custom="readingOrder {index:5;}">
                <Coords points="3601,1386 5735,1415 5732,1296 5544,1240 3601,1301"/>
                <Baseline points="3616,1336 3706,1342 3796,1342 3885,1342 3975,1348 4064,1348 4154,1348 4243,1348 4333,1348 4422,1348 4512,1348 4601,1354 4691,1354 4780,1354 4870,1354 4959,1360 5049,1354 5138,1360 5228,1360 5318,1360 5407,1360 5497,1366 5586,1366 5676,1366 5735,1360"/>
                <TextEquiv>
                    <Unicode>ehe du in den Tod reitest,die gehört noch uns.</Unicode>
                </TextEquiv>
            </TextLine>
            <TextLine id="tr_1_tl_7" custom="readingOrder {index:6;}">
                <Coords points="3601,1537 4155,1521 4497,1587 4738,1521 5080,1579 5525,1521 5488,1415 3601,1428"/>
                <Baseline points="3616,1492 3706,1492 3796,1498 3885,1498 3975,1498 4064,1504 4154,1504 4243,1504 4333,1504 4422,1504 4512,1504 4601,1504 4691,1504 4780,1510 4870,1510 4959,1510 5049,1510 5138,1510 5228,1510 5318,1510 5407,1516 5497,1516 5532,1510"/>
                <TextEquiv>
                    <Unicode>Lass mich so lange bei dir.Dann mögen sie</Unicode>
                </TextEquiv>
            </TextLine>
            <TextLine id="tr_1_tl_8" custom="readingOrder {index:7;}">
                <Coords points="4640,1601 4656,1603 4675,1590 4741,1601 4871,1603 4868,1526 4831,1532 4810,1518 4791,1521 4773,1540 4751,1524 4701,1534 4638,1518"/>
                <Baseline points="4655,1581 4745,1581 4834,1587 4876,1587"/>
                <TextEquiv>
                    <Unicode>mich</Unicode>
                </TextEquiv>
            </TextLine>
            <TextLine id="tr_1_tl_9" custom="readingOrder {index:8;}">
                <Coords points="3591,1688 5133,1738 5536,1693 5568,1603 3591,1614"/>
                <Baseline points="3605,1647 3694,1647 3784,1653 3873,1653 3963,1653 4052,1653 4142,1659 4231,1659 4321,1659 4410,1659 4500,1659 4589,1659 4679,1665 4768,1665 4858,1659 4947,1665 5037,1665 5127,1665 5216,1665 5306,1671 5395,1671 5485,1671 5574,1671 5580,1665"/>
                <TextEquiv>
                    <Unicode>mich haben, dann mögen sie richten, dann ist</Unicode>
                </TextEquiv>
            </TextLine>
            <TextLine id="tr_1_tl_10" custom="readingOrder {index:9;}">
                <Coords points="3593,1868 3699,1844 3824,1903 3948,1900 4229,1823 4343,1887 4418,1874 4415,1786 4221,1730 4113,1765 3874,1730 3591,1757"/>
                <Baseline points="3605,1796 3694,1802 3784,1808 3873,1808 3963,1808 4052,1808 4142,1808 4231,1814 4321,1814 4410,1814 4422,1814"/>
                <TextEquiv>
                    <Unicode>mein Los erfüllt.</Unicode>
                </TextEquiv>
            </TextLine>
            <TextLine id="tr_1_tl_11" custom="readingOrder {index:10;}">
                <Coords points="3591,2046 5576,1990 5520,1866 4889,1929 3588,1892"/>
                <Baseline points="3605,1957 3694,1957 3784,1957 3873,1957 3963,1963 4052,1963 4142,1963 4231,1963 4321,1969 4410,1969 4500,1969 4589,1969 4679,1969 4768,1969 4858,1969 4947,1975 5037,1975 5127,1975 5216,1975 5306,1981 5395,1981 5485,1981 5574,1981 5580,1981"/>
                <TextEquiv>
                    <Unicode>Max: Geh! Hier darfst du nicht bleiben. In</Unicode>
                </TextEquiv>
            </TextLine>
            <TextLine id="tr_1_tl_12" custom="readingOrder {index:11;}">
                <Coords points="3601,2170 5048,2136 5348,2221 5480,2192 5480,2056 3599,2056"/>
                <Baseline points="3616,2124 3706,2118 3796,2118 3885,2118 3975,2118 4064,2118 4154,2124 4243,2124 4333,2124 4422,2124 4512,2124 4601,2124 4691,2130 4780,2130 4870,2130 4959,2130 5049,2130 5138,2130 5228,2130 5318,2136 5407,2136 5485,2130"/>
                <TextEquiv>
                    <Unicode>jeder Sekunde können sie dich von meiner</Unicode>
                </TextEquiv>
            </TextLine>
            <TextLine id="tr_1_tl_13" custom="readingOrder {index:12;}">
                <Coords points="3596,2329 5663,2321 5660,2213 3593,2197"/>
                <Baseline points="3611,2268 3700,2274 3790,2274 3879,2274 3969,2280 4058,2280 4148,2280 4237,2285 4327,2285 4416,2285 4506,2285 4595,2285 4685,2285 4774,2285 4864,2285 4953,2291 5043,2291 5133,2291 5222,2291 5312,2291 5401,2291 5491,2291 5580,2297 5670,2303"/>
                <TextEquiv>
                    <Unicode>Seite reissen. Flieh! Wer weiss,ob sie dich</Unicode>
                </TextEquiv>
            </TextLine>
            <TextLine id="tr_1_tl_14" custom="readingOrder {index:13;}">
                <Coords points="3609,2504 5517,2480 5515,2366 5438,2353 3607,2385"/>
                <Baseline points="3622,2423 3712,2429 3802,2435 3891,2429 3981,2435 4070,2435 4160,2441 4249,2441 4339,2441 4428,2441 4518,2441 4607,2441 4697,2441 4786,2441 4876,2447 4965,2447 5055,2447 5144,2447 5234,2453 5324,2453 5413,2453 5503,2453 5520,2447"/>
                <TextEquiv>
                    <Unicode>verfolgen? Wer weiss, ob sie dich für eine</Unicode>
                </TextEquiv>
            </TextLine>
            <TextLine id="tr_1_tl_15" custom="readingOrder {index:14;}">
                <Coords points="3580,2684 3694,2647 3909,2647 3975,2602 4108,2663 4367,2621 4365,2539 4312,2563 4227,2518 3967,2504 3816,2536 3684,2494 3578,2504"/>
                <Baseline points="3593,2572 3682,2578 3772,2584 3861,2584 3951,2590 4040,2590 4130,2590 4219,2590 4309,2596 4374,2590"/>
                <TextEquiv>
                    <Unicode>Mörderin halten.</Unicode>
                </TextEquiv>
            </TextLine>
            <TextLine id="tr_1_tl_16" custom="readingOrder {index:15;}">
                <Coords points="3578,2825 5486,2801 5501,2716 4850,2655 4555,2708 4452,2647 4327,2706 3575,2687"/>
                <Baseline points="3593,2739 3682,2745 3772,2745 3861,2745 3951,2745 4040,2745 4130,2745 4219,2751 4309,2751 4398,2751 4488,2751 4577,2751 4667,2751 4756,2751 4846,2751 4936,2757 5025,2757 5115,2757 5204,2757 5294,2757 5383,2757 5473,2763 5509,2763"/>
                <TextEquiv>
                    <Unicode>Marie: Ich geh nicht fort. Ich könnte gar</Unicode>
                </TextEquiv>
            </TextLine>
            <TextLine id="tr_1_tl_17" custom="readingOrder {index:16;}">
                <Coords points="3596,2984 5549,2963 5549,2886 5313,2820 3596,2828"/>
                <Baseline points="3611,2894 3700,2894 3790,2894 3879,2900 3969,2900 4058,2900 4148,2900 4237,2906 4327,2900 4416,2900 4506,2900 4595,2906 4685,2906 4774,2906 4864,2912 4953,2912 5043,2912 5133,2912 5222,2912 5312,2912 5401,2912 5491,2912 5556,2918"/>
                <TextEquiv>
                    <Unicode>nicht mehr. Meine Füsse tragen mich nicht.</Unicode>
                </TextEquiv>
            </TextLine>
            <TextLine id="tr_1_tl_18" custom="readingOrder {index:17;}">
                <Coords points="3588,3111 3909,3098 4054,3169 4513,3093 5001,3164 5292,3077 5621,3111 5584,2984 3585,2979"/>
                <Baseline points="3599,3038 3688,3049 3778,3049 3867,3055 3957,3055 4046,3055 4136,3061 4225,3055 4315,3055 4404,3055 4494,3055 4583,3055 4673,3055 4762,3055 4852,3055 4942,3061 5031,3061 5121,3061 5210,3061 5300,3061 5389,3061 5479,3061 5568,3067 5628,3073"/>
                <TextEquiv>
                    <Unicode>Nur dass ich jetzt deinen Atem trinke macht,</Unicode>
                </TextEquiv>
            </TextLine>
            <TextLine id="tr_1_tl_19" custom="readingOrder {index:18;}">
                <Coords points="3588,3281 4725,3307 4884,3252 5104,3307 5578,3249 5560,3143 4023,3175 3585,3098"/>
                <Baseline points="3599,3205 3688,3211 3778,3211 3867,3211 3957,3217 4046,3217 4136,3217 4225,3217 4315,3217 4404,3217 4494,3217 4583,3217 4673,3217 4762,3217 4852,3217 4942,3217 5031,3223 5121,3223 5210,3223 5300,3223 5389,3223 5479,3223 5568,3217 5586,3223"/>
                <TextEquiv>
                    <Unicode>dass ich noch lebe. Lässt du mich jetzt al-</Unicode>
                </TextEquiv>
            </TextLine>
            <TextLine id="tr_1_tl_20" custom="readingOrder {index:19;}">
                <Coords points="3578,3421 5634,3429 5634,3302 5576,3291 3578,3289"/>
                <Baseline points="3593,3348 3682,3360 3772,3360 3861,3360 3951,3360 4040,3360 4130,3360 4219,3360 4309,3360 4398,3360 4488,3360 4577,3360 4667,3360 4756,3366 4846,3366 4936,3366 5025,3366 5115,3366 5204,3366 5294,3366 5383,3372 5473,3372 5562,3372 5640,3366"/>
                <TextEquiv>
                    <Unicode>lein, so hört mein Herz zu schlagen auf. Eine</Unicode>
                </TextEquiv>
            </TextLine>
            <TextLine id="tr_1_tl_21" custom="readingOrder {index:20;}">
                <Coords points="3585,3591 5509,3540 5478,3437 5154,3493 4746,3418 4380,3474 3583,3424"/>
                <Baseline points="3599,3503 3688,3509 3778,3515 3867,3509 3957,3515 4046,3515 4136,3515 4225,3515 4315,3515 4404,3515 4494,3515 4583,3515 4673,3515 4762,3515 4852,3521 4942,3521 5031,3521 5121,3527 5210,3527 5300,3527 5389,3527 5479,3521 5515,3527"/>
                <TextEquiv>
                    <Unicode>Stunde nur... ein paar Minuten nur, ehe sie</Unicode>
                </TextEquiv>
            </TextLine>
            <TextLine id="tr_1_tl_22" custom="readingOrder {index:21;}">
                <Coords points="4378,3599 4418,3612 4545,3599 4584,3630 4706,3593 4762,3617 4900,3620 4900,3556 4826,3530 4765,3564 4645,3519 4606,3540 4539,3530 4505,3551 4463,3530 4375,3548"/>
                <Baseline points="4392,3581 4482,3587 4571,3587 4661,3587 4751,3593 4840,3593 4906,3593"/>
                <TextEquiv>
                    <Unicode>et a fait une</Unicode>
                </TextEquiv>
            </TextLine>
            <TextLine id="tr_1_tl_23" custom="readingOrder {index:22;}">
                <Coords points="3567,3734 3713,3694 3978,3803 4200,3805 4627,3705 5592,3702 5589,3620 5168,3593 3564,3591"/>
                <Baseline points="3581,3664 3670,3664 3760,3664 3849,3664 3939,3670 4028,3670 4118,3670 4207,3670 4297,3670 4386,3670 4476,3670 4565,3670 4655,3670 4745,3670 4834,3670 4924,3676 5013,3676 5103,3676 5192,3676 5282,3682 5371,3682 5461,3682 5550,3682 5598,3682"/>
                <TextEquiv>
                    <Unicode>kommen, eh sie mich finden - komm. Für diese</Unicode>
                </TextEquiv>
            </TextLine>
            <TextLine id="tr_1_tl_24" custom="readingOrder {index:23;}">
                <Coords points="3623,3856 3662,3842 3681,3853 3702,3837 3744,3853 3752,3845 3766,3853 3776,3842 3795,3840 3792,3731 3776,3736 3752,3729 3713,3694 3689,3699 3665,3721 3641,3713 3617,3718"/>
                <Baseline points="3634,3778 3724,3778 3802,3784"/>
                <TextEquiv>
                    <Unicode>Th</Unicode>
                </TextEquiv>
            </TextLine>
        </TextRegion>
    </Page>
</PcGts>
