6024 4088
5416 396 5622 548 332
3384 597 4305 815 und ich gehöre dir.
3401 812 5611 953 Max: Es wäre besser, du gingst noch ehe Albrecht
3395 979 3981 1145 wiederkommt.
3401 1076 4469 1294 Marie: Ichst liebe dich!
3384 1223 5525 1406 Max: Das Wort hat keinen Klang mehr für mich.
3410 1424 5482 1587 So wenig wie das, was wir von draussen hören,
3398 1581 5611 1777 Der Schall der Trompeten, das Traben der Pferde,
3401 1705 5611 1937 deine Stimme, Marie.-Wie ist das alles stumm (wie
3410 1897 5536 2066 weit bin ich schon. Wie bin ick allein, nichts
3415 2041 4787 2219 mehr und niemand ist mehr da.
3401 2170 5711 2376 Marie: Ich bin da, du weisst es und alles ist laut
3410 2351 5089 2528 und alles klingt und wir sind frei!
3395 2523 5505 2638 Max: Du sollst nachhause gehen,man soll dich
3410 2681 5533 2899 hier nicht finden. Versperr dir den Rückweg
3421 2830 3740 2988 nicht.
3415 2947 5485 3177 Marie: Rückweg? Ich habe keinen. Ich nicht.
3398 3131 5594 3323 Max: Er ist vorgezeichnet. Dein Vater erwartet
3421 3321 3691 3464 dich.
3421 3450 5361 3622 Marie: Ich habe keinen Vater. Er ist tot.
