4728 4232
3984 465 4141 748 307
2057 724 4262 920 tung wo hundert Mann sich bequem in drei Reihen
2042 845 4346 1065 ausbreiten können. Und dort beginnt eine Schlucht
4015 884 4147 986 fly
2039 1013 4144 1249 von der sonderbarer Weise die Karte überhaupt
4153 1071 4455 1231 nichts
3209 1161 3393 1258 beno
2027 1137 4340 1397 weiss. Wenn die Lichtung geschützt ist müsste man
2015 1303 4368 1602 den Wald umreiten von Osten her, um in die Schlucht
2000 1478 4346 1713 zu gelangen. Das könnte für eine Weile wenigstens
2006 1596 4171 1870 von Bedeutung sein. Merken Sie sichs gut, Herr
1970 1789 3834 1964 Leutnant. Sie werden die Vorhut führen.
3846 1777 4431 1945 son sié volle.
4012 1897 4413 2045 41 in R.Y.
1985 1924 3909 2132 Albrecht: Wann -Herr Oberst?
1535 1924 1813 2111 (die mich
1547 2066 1876 2229 hove un
1988 2036 4392 2298 Oberst: In jedem Augenblick muss die Ordre da sein.
1605 2190 1897 2365 pords.
1933 2220 3387 2491 Albrecht: Befehl zum Angriff?
1970 2383 2868 2561 oberst: Vielleicht.
1976 2479 4304 2814 (Die beiden Offiziere von früher erscheinen an der
1958 2687 2238 2859 Türe)
1952 2835 4380 3074 Oberst: Sie erwarten mich, meine Herren? Ich stehe
1942 3007 4368 3270 zur Verfügung. (zu Albrecht) (Halten Sie sich bereit.
1939 3197 2561 3318 (ab ins Haus)
1912 3354 4039 3604 (Albrecht eine Weile allein. Max kommt aus der
4087 3429 4247 3653 Ge¬
1915 3502 2754 3710 gend des Waldes.)
1897 3656 3402 3867 Max: Guten Morgen, Hefr Leutnant.
