4888 4136
4017 531 4209 669 325
2152 690 2429 878 Ende.
2155 870 4395 1073 Oberst: Was verlangen Sie von mir? Vorbedachter
2146 1061 2756 1220 Mord - nein.
2143 1191 4374 1359 Max: Wenn Herr Oberst befehlen,kann es ja nach
2152 1356 4421 1527 den Regeln geschehen. Noch ist Zeit bis Sonnen-
2149 1539 4516 1662 aufgang = wie und wo es Ihnen beliebt,Herr Oberst
2152 1600 4415 1848 Oberst: (Sie sehen die Sache nicht richtig.) Ich
2143 1813 4427 1984 habe mich für anderes aufzubewahren. Ob auch Sie,
2137 1993 4303 2152 Herr Leutnant- das werden Sie mit sich selbst -
3186 2090 3584 2190 F.M.S.
3917 2107 4197 2211 I know
2140 2119 4356 2346 auszumachen haben.-Das Kommando Ihres Zugs wird
2149 2326 4421 2523 ein Anderer übernehmen. Für Sie.Max.führt vom Tor
2140 2479 4359 2626 dieser Kaserne der Weg wohin es Ihnen beliebt.
2128 2591 4351 2756 Max: Es wäre menschlicher gewesen es gleich ab-
2122 2762 2449 2903 zutun.
2163 2877 4356 3113 Oberst: Menschlicher, ja. Aber das lag nicht in
2152 3065 3393 3254 meiner Absicht. (Er geht)
2225 3219 3572 3369 Max: (bleibt allein zurück. )
2237 3393 4542 3655 (Draussen Schritte, Rufe, Signale und dergleichen.)
