5992 4216
5047 579 5232 724 355
3422 643 4482 894 Wiese übel zugegangen.
3430 856 5635 1052 Oberst: Warum übel? Diese Nacht war meinen Leu-
3430 1029 4335 1196 ten wohl zu gönnen.
3430 1208 5667 1369 Albrecht: Es sind Frauenzimmer aus der Stadt ge-
3422 1378 4992 1533 kommen - aus schlechten Häusern.
3442 1525 4526 1689 Oberst: Warum schlecht?
3430 1660 5624 1833 Albrecht: Frauenzimmer aller Art und nicht aus
3422 1810 4967 1969 der Stadt allein, auch von weiter.
3430 1949 5742 2133 Oberst: Was haben Sie mir zu melden,Herr Leutnant?
3407 2150 5627 2289 Albrecht: Manche haben die Freuden dieser Nacht
3422 2271 5612 2450 schlimm gebüsst. Zwei oder drei sind tot,glaube
4134 2418 4298 2537 vom
3433 2436 5200 2617 ich.-vielleicht xxx Uebermass der Lust.
3410 2588 5696 2793 Oberst: Bald werden Männer sterben - einen schwe-
3410 2741 5485 2932 reren Tod vielleicht. Im übrigen erwarte ich
3430 2900 4696 3096 Ihre Meldung, Herr Leutnant.
3396 3041 5572 3254 Albrecht: Ich habe Ihnen etwas zu überbringen,
3404 3223 3998 3401 Herr Oberst,
3410 3387 5353 3560 Oberst: Von einer Lebenden nehme ich an?
3404 3517 5618 3695 Albrecht: Vor einer Viertelstunde hat sich noch
3404 3707 3779 3894 gelebt.
