6024 4072
5354 406 5541 596 330
3410 613 3735 818 kennt.
3419 804 5460 1005 Albrecht: Partner - ein übler Vergleich. Er
3424 991 5628 1131 allein ist der Spieler. Wir sind Figuren, die er
3419 1103 5636 1268 hin und her rückt,wie es ihm passt,die er unter
5270 1232 5673 1338 D. Mutter
3430 1263 5586 1434 den Tisch wirft,wie es ihm behagt,so wie er es
3688 1403 4043 1509 letr wild
3430 1473 5673 1604 jetzt mit dir versucht. Gehorchen meinethalben -
3441 1610 5603 1778 das it unser Beruf, das ist unser Schwur. (Aber
3430 1747 5639 1912 uns zu Marionetten machen - nein. Komm zu dir!
3441 1898 5678 2097 Der Oberst kann seinen Leutnant davonjagen.damit
3427 2058 5681 2237 aber endet seine Macht. Du bist in diesem Augen-
3441 2215 5524 2366 blick ein freier Mensch, freier als du jemals
3447 2349 5561 2526 warst. Zum ersten Male wirklich frei. Fühl es
3438 2556 5611 2708 doch. Du kannst mit deinem Dasein anfangen was
3444 2660 5617 2856 du willst. Wir Andern haben nichts mehr zu tun
3441 2808 5611 2999 als zu sterben. Du darfst leben, Max!
3436 2971 4323 3158 Marie: Du musstlet
3416 3128 4768 3318 Max: aber ich kann es nicht.
3450 3279 4494 3458 (Eine Ordonnanz kommt)
4850 3226 5127 3452 Leutnant
3433 3408 5477 3626 Ordonnanz: Befehl an den Herrn Kadetten von
