5888 4168
451 48 693 151 peutre
5020 496 5206 653 ii 554
3121 639 5194 856 Rittmaister) Sie, Herr Rittmeister, haften für
3129 810 4835 950 den Herrn Major und für sich selbst,
3129 973 5160 1164 Major Wilhem; (versucht noch einmal) Es kann
3129 1155 4778 1301 nur ein Irrtum sein. Diese Ordre...
2621 1189 3081 1395 Viellen selber
4630 1267 4838 1361 nicht
3135 1281 5231 1500 Oberst: Es ist meine Sache sie zu verstehen.
2701 1378 3038 1572 sricht. -
3143 1435 4279 1617 Ich bitte, meine Herren.
3115 1586 4119 1743 Albrecht: (tritt auf).
3126 1749 5357 1923 (Major Wilhelm: und der Rittmeister in das Haus,
3158 1934 5388 2122 die andern Offiziere nach rückwärts, xxx zwei
3172 2074 5465 2273 Poldaten ausserdem ins Haus. Albrecht bleibt ein
3169 2265 4958 2393 paar Schritte vor dem Oberst stehen).
3166 2382 4307 2584 Oberst: Herr Leutnant...
3132 2544 5283 2730 Albrecht: Ich habe eine Meldung zu erstatten.
3146 2684 3845 2847 Oberst: Bitte.
3132 2847 5286 3044 Albrecht: Keine dienstliche Herr Oberst. Eine
3135 2998 4561 3203 Meldung völlig privater Natur.
3149 3166 5437 3312 Oberst: (gibt den zwei Offizieren.die noch in sei-
3118 3317 5314 3537 ner Nähe sind, ein Zeichen, die gleichfalls ver-
3115 3474 4384 3654 schwinden) Herr Leutnant -
3101 3614 5343 3854 Albrecht: Es ist heute Nacht dort unten auf der
