4872 4168
4260 420 4462 599 329
2219 692 4435 908 frei! Fühl es doch! Du kannst mit deinem Da¬
2155 882 4325 1086 sein anfangen was du willst. Wir Andern haben
2155 1028 4453 1264 nichts mehr zu tun als zu sterben. Du darfst le-
2170 1188 2567 1367 ben, Max.
2149 1334 3250 1521 Max: Ich darf es nicht.
2167 1489 3194 1667 (Eine Ordonnanz kommt)
2158 1653 4438 1807 Ordonnanz: Befehl an den Herrn Leutnant von Holz-
2143 1825 4485 2035 warth. Der Herr Oberst befiehlt den Herrn Leutnant
2137 1974 2862 2132 sofort zu sich.
2132 2108 3089 2292 Albrecht: Ich komme.
2129 2260 2873 2450 Ordonnanz: (ab).
2117 2421 4365 2610 Albrecht: Du wartest, Max, um unserer Freundschaft
2126 2587 4333 2754 willen. Und wenn es meine letzte Bitte wäre. In
2105 2756 4190 2949 zwei Minuten bin ich wieder zurück. So lange
2943 2844 3288 2984 R id
2114 2894 2654 3057 wartest du.
2117 3034 4313 3265 (In dem Augenblick, wie er geht, tritt Marie ein)
2091 3186 2792 3346 Max: Du,Marie?
2099 3338 4357 3533 Albrecht: Sie kommen zu rechter Zeit. Halten Sie
2099 3524 4027 3708 ihn mir fest. Auf Wiedersehen! (rasch ab)
