5880 4440
5265 490 5461 677 358
3319 557 5528 893 Oberst : (reicht ihm die Hand) Sie reiten in der
3307 808 4241 1062 nächsten Minute ab,
3278 905 3952 1176 Albrecht:(ab)
3249 1095 5537 1378 Richtiger,wenn Max noch während dieses Gesprächs
3275 1217 3613 1489 kommt.
3214 1521 3806 1705 Max, Oberst.
3193 1684 5537 1976 Auf das Signal, das dem Zug des Leutonts Albrecht
3234 1836 5531 2139 gilt, müsste Max erscheinen,so dass der Oberst ihn
3240 2020 4002 2236 aufhalten kann.
3205 2157 4547 2402 Oberst: (zu Max) Sie bleiben!
3184 2297 5370 2598 Max: Herr Oberst, ich melde gehorsamst, dass ich
3181 2458 5443 2747 der Compagnie des Leutnant von Holzwarth zugehö-
3161 2612 4883 2895 re,die sich eben in Bewegung setzt,
3167 2767 5476 3059 Oberst: Nicht für Sie. Ich wollte es Ihnen nicht
3164 2963 5493 3231 verbieten. Max mit uns einen Spasierritt zu machen.
3138 3062 5484 3371 Nun ist der Spass zu Ende. In meinem Regiment
3117 3222 5426 3555 werden Sie nicht sterben, an meiner Seite nicht.
3114 3383 5315 3718 Für Sie habe ich einen andern Auftrag. Hier im
