4728 4168
4188 399 4365 598 könte.
2081 618 2460 815 bleiben.
2062 767 4317 961 Marie: Ich geh nicht fort - ich könnte gar nicht
2064 924 4149 1115 mehr. Meine Füsse tragen mich nicht. Der Weg
1702 1050 1882 1194 Mr
2073 1104 4196 1264 war furchtbar. Nur dass ich jetzt deinen Atem
2081 1258 3856 1449 trinke macht, dass ich noch lebe. Lässt
3893 1270 4241 1416 du mich
2090 1388 4323 1564 jetzt allein, so hört mein Herz zu schlagen auf.
2073 1556 2584 1730 Max: Geh!
2081 1716 4269 1873 Marie: Eine Stunde nur... ein paar Minuten nur.
2078 1896 4250 2022 Schicksalswink. Komm mit mir zurück. Alleskann
2098 2000 4165 2188 gut werden. - R.M. inicht  -   M. ile
2399 2109 4171 2295 di plte - wie das de tober - in
2913 2230 3834 2385 Tuan uffost
2444 2250 2812 2382 Mr.
2109 2348 4151 2480 (Vielleicht erst jetzt die Stelle aus dem 2.
2090 2486 2354 2643 Akt:)
2090 2626 4345 2817 Max;Du sollst nach Hause. Versperr dir den Rück-
2112 2806 2556 2974 weg nicht
2194 2941 3306 3140 Marie: Ich habe keinen.
2115 3123 4222 3328 Max: Er ist vorgezeichnet, dein Vater erwartet
2112 3261 2390 3429 dich.
2104 3396 4042 3573 Marie: Ich habe keinen Vater. Er ist tot!
2101 3486 4188 3736 Max: Du hast ein Haus, ein Heim,ein Bett, eine
2121 3609 4233 3893 Jugend, ein Leben - die ganze Welt gehört dir.
