5992 4072
5371 425 5551 597 335
3472 507 5455 758 Max: Du könntest dich in ihm täuschen. Der
3472 760 5545 948 Einfall könnte dich mehr kosten als ich wert
3469 943 3698 1106 bin.
3472 1093 5616 1245 Albrecht: Ich nehme es auf mich. Und was immer
3474 1237 5510 1422 geschehe - es bleibt immer noch Zeit zu tun
3474 1406 5660 1567 für das, was Narren wie du und ich in einem sol-
3477 1567 5480 1717 chen Fall glauben tun zu müssen. Komm! Mehr
3466 1698 5559 1905 als sieben Tage haben wir doch nicht mehr vor
3458 1867 4180 2044 uns, so oder so.
3455 1970 5349 2172 Marie: Saxnehmen Staatxxxxwiederfort
3466 2185 5199 2338 Nehmen Sie ihn mir nicht wieder fort.
4085 2278 4319 2365 of nd
3450 2327 5357 2504 Albrecht: Er hat die Wahl.
3442 2469 5611 2621 Marie:xxx Hat der Oberst auch Sie wieder zum
3447 2632 4205 2837 Narren gemacht?)
3442 2747 5554 2959 Max: Lebwohl, Marie. Ich danke dir, dass du ge-
3436 2938 5554 3098 kommen bist. Die sieben Tage, die noch vor uns
3439 3098 5633 3267 sind werden xxx hundertfachem Glanz von dir em-
3444 3251 4960 3384 pfangen. Lebwohl. Ich danke dir.
3444 3363 5545 3562 (Draussen Trompetenzeichen u.s.w. Max und Al-
3439 3493 3989 3660 brecht ab).
4202 3542 5330 3810 Minorship in Weg..
3665 3676 5148 3905 (h. woll, wofe s. Lelegen mit
