5784 4264
4979 608 5191 753 320
3137 681 5369 911 berst: Sie also! (zu Max) Sie werden diese Frau-
3134 886 5291 1068 ensperson im Gefängnis abliefern und sind nach
2650 892 2837 1080 Maié
3116 1013 5312 1240 Ablauf dieses Geschäfts aus der Armee
4640 1028 5170 1146 amtat seine
3122 1192 5321 1376 entlassen. Dies ist mein letzter Befehl. Ehr
3122 1343 3923 1525 (Weitere Signale.
4565 1346 5152 1509 & at the
5227 1364 5457 1537 Hrn
4713 1467 4988 1588 da¬
3104 1491 4946 1712 Aus dem Wirtshaus die zwei Offiziere.)
3098 1679 5512 1839 Oberst: (zu dem einen Offizier) In der nächsten Minu-
3092 1812 5384 2024 te reite ich ab. Sie mit mir. (Zu dem Andern) Sie
3079 1996 5433 2157 bleiben noch so lange bis die letzte Kompagnie ab-
2632 2027 3019 2269 Weil ist die
3086 2133 5518 2356 geritten ist, dann lassen Sie den Major frei. Er kann
2647 2229 2916 2356 wach
3067 2278 4168 2480 uns nicht mehr schaden.
2589 2344 2952 2493 Ausjey-
3067 2411 5378 2623 Offizier: Herr Oberst, der Major hat bis zu dieser
2556 2468 2925 2602 ahein
2553 2568 4063 2747 nach jemorden: Sekunde behauptet -
3055 2716 5439 2937 Oberst: Ohne Zweifel - die Wahrheit! Wir aber, meine
3031 2874 5454 3110 Herren,haben einen Schwur getan. (Ab mit dem ersten
3049 3061 4873 3315 Offizier, der andere wieder ins Haus.)
3019 3225 5384 3485 Marie: (zu Max) (Da bin ich.) Du brauchst mir nicht
3022 3391 4362 3557 einmal die Hände zu fesseln.
4710 3424 5318 3654 E. W. Achthofe
2989 3524 5285 3778 Max: Flieh! Ich komme noch zurecht. Er soll ver-
