<?xml version="1.0" encoding="UTF-8" standalone="yes"?>
<PcGts xmlns="http://schema.primaresearch.org/PAGE/gts/pagecontent/2013-07-15" xmlns:xsi="http://www.w3.org/2001/XMLSchema-instance" xsi:schemaLocation="http://schema.primaresearch.org/PAGE/gts/pagecontent/2013-07-15 http://schema.primaresearch.org/PAGE/gts/pagecontent/2013-07-15/pagecontent.xsd">
    <Metadata>
        <Creator>prov=READ-COOP:name=TrHtr:version=2.1.0:model_id=51170:date=27_07_2023_23:29</Creator>
        <Created>2023-05-10T11:11:44.709+02:00</Created>
        <LastChange>2023-07-27T23:29:33.958+02:00</LastChange>
        <TranskribusMetadata docId="1428127" pageId="55384112" pageNr="87" tsid="131308712" status="IN_PROGRESS" userId="64420" imgUrl="https://files.transkribus.eu/Get?id=RICQGUBBUGAUZACGWJJECIZH&amp;fileType=view" xmlUrl="https://files.transkribus.eu/Get?id=GZFBBFFXFBBTGSQZTUINFNOT" imageId="44659012"/>
    </Metadata>
    <Page imageFilename="1428127_0087.jpg" imageWidth="5848" imageHeight="4296">
        <ReadingOrder>
            <OrderedGroup id="ro_1711825452956" caption="Regions reading order">
                <RegionRefIndexed index="0" regionRef="tr_1"/>
            </OrderedGroup>
        </ReadingOrder>
        <TextRegion id="tr_1" custom="readingOrder {index:0;}">
            <Coords points="763,146 5429,146 5429,3685 763,3685"/>
            <TextLine id="tr_1_tl_1" custom="readingOrder {index:0;}">
                <Coords points="748,226 764,229 781,215 817,220 848,206 898,212 923,229 937,220 960,240 985,234 988,109 865,103 845,92 829,95 790,137 748,137"/>
                <Baseline points="763,202 853,196 942,202 996,202"/>
                <TextEquiv>
                    <Unicode>F.D.</Unicode>
                </TextEquiv>
            </TextLine>
            <TextLine id="tr_1_tl_2" custom="readingOrder {index:1;}">
                <Coords points="5095,703 5134,711 5148,703 5159,714 5181,709 5195,717 5284,698 5287,552 5251,541 5220,555 5170,536 5100,550"/>
                <Baseline points="5113,620 5202,614 5292,614"/>
                <TextEquiv>
                    <Unicode>330</Unicode>
                </TextEquiv>
            </TextLine>
            <TextLine id="tr_1_tl_3" custom="readingOrder {index:2;}">
                <Coords points="3147,773 3348,790 3457,753 3552,787 3747,781 3744,580 3571,619 3546,600 3448,650 3225,642 3144,675"/>
                <Baseline points="3162,763 3251,763 3341,763 3430,763 3520,769 3609,763 3699,769 3753,769"/>
                <TextEquiv>
                    <Unicode>Marie - Max.</Unicode>
                </TextEquiv>
            </TextLine>
            <TextLine id="tr_1_tl_4" custom="readingOrder {index:3;}">
                <Coords points="3147,946 3365,926 3510,960 3705,932 3808,957 3856,943 3856,792 3702,831 3440,815 3273,879 3208,840 3147,859"/>
                <Baseline points="3162,912 3251,918 3341,918 3430,918 3520,918 3609,918 3699,918 3788,918 3860,918"/>
                <TextEquiv>
                    <Unicode>Max: Du,Marie?</Unicode>
                </TextEquiv>
            </TextLine>
            <TextLine id="tr_1_tl_5" custom="readingOrder {index:4;}">
                <Coords points="3153,1141 4218,1080 5332,1155 5329,960 4210,951 4023,1049 3914,974 3150,990"/>
                <Baseline points="3168,1074 3257,1074 3347,1074 3436,1079 3526,1079 3615,1079 3705,1079 3794,1079 3884,1085 3973,1079 4063,1079 4152,1079 4242,1079 4331,1079 4421,1079 4510,1079 4600,1085 4689,1079 4779,1085 4868,1085 4958,1085 5047,1085 5137,1091 5226,1091 5316,1097 5340,1103"/>
                <TextEquiv>
                    <Unicode>Marie: Ich bin's. Zur rechten Zeit,sagte er.</Unicode>
                </TextEquiv>
            </TextLine>
            <TextLine id="tr_1_tl_6" custom="readingOrder {index:5;}">
                <Coords points="3147,1278 3217,1264 3256,1283 3348,1239 3446,1256 3465,1236 3543,1264 3591,1244 3633,1281 3764,1267 3764,1186 3719,1172 3641,1183 3602,1163 3552,1186 3418,1144 3147,1144"/>
                <Baseline points="3162,1229 3251,1229 3341,1229 3430,1229 3520,1229 3609,1229 3699,1235 3770,1235"/>
                <TextEquiv>
                    <Unicode>Ist es wahr?</Unicode>
                </TextEquiv>
            </TextLine>
            <TextLine id="tr_1_tl_7" custom="readingOrder {index:6;}">
                <Coords points="3153,1442 3474,1454 3529,1420 3633,1462 3825,1406 4174,1409 4171,1292 4129,1306 4020,1236 3688,1303 3465,1258 3337,1295 3150,1261"/>
                <Baseline points="3168,1378 3257,1378 3347,1384 3436,1390 3526,1384 3615,1390 3705,1390 3794,1390 3884,1390 3973,1390 4063,1390 4152,1390 4182,1390"/>
                <TextEquiv>
                    <Unicode>Max: Zu spät, zu Spät!</Unicode>
                </TextEquiv>
            </TextLine>
            <TextLine id="tr_1_tl_8" custom="readingOrder {index:7;}">
                <Coords points="3153,1546 3605,1574 3663,1546 3758,1599 3847,1551 4140,1560 4140,1456 4018,1434 3867,1465 3415,1437 3301,1484 3203,1442 3153,1459"/>
                <Baseline points="3168,1539 3257,1539 3347,1533 3436,1539 3526,1539 3615,1539 3705,1539 3794,1545 3884,1539 3973,1545 4063,1545 4146,1545"/>
                <TextEquiv>
                    <Unicode>Marie: Die Stunde ist</Unicode>
                </TextEquiv>
            </TextLine>
            <TextLine id="tr_1_tl_9" custom="readingOrder {index:8;}">
                <Coords points="4191,1560 4364,1571 4419,1546 4458,1571 4511,1560 4548,1593 4623,1560 4732,1562 4732,1479 4704,1493 4587,1451 4500,1454 4361,1392 4244,1454 4188,1451"/>
                <Baseline points="4206,1545 4296,1545 4385,1545 4475,1545 4564,1545 4654,1551 4737,1557"/>
                <TextEquiv>
                    <Unicode>doch unser.</Unicode>
                </TextEquiv>
            </TextLine>
            <TextLine id="tr_1_tl_10" custom="readingOrder {index:9;}">
                <Coords points="3142,1699 5279,1758 5351,1749 5351,1643 4391,1632 4165,1551 3920,1646 3139,1618"/>
                <Baseline points="3156,1682 3245,1688 3335,1688 3424,1688 3514,1688 3603,1688 3693,1688 3782,1694 3872,1694 3961,1694 4051,1700 4140,1694 4230,1706 4319,1700 4409,1700 4498,1700 4588,1700 4677,1706 4767,1700 4856,1700 4946,1700 5035,1700 5125,1706 5214,1712 5304,1712 5358,1718"/>
                <TextEquiv>
                    <Unicode>Max: Es wäre besser,du gingst,ehe Albrecht wie.</Unicode>
                </TextEquiv>
            </TextLine>
            <TextLine id="tr_1_tl_11" custom="readingOrder {index:10;}">
                <Coords points="3147,1864 3220,1892 3298,1867 3317,1883 3337,1867 3368,1880 3541,1867 3599,1889 3596,1760 3554,1769 3474,1749 3395,1766 3351,1744 3303,1766 3147,1755"/>
                <Baseline points="3162,1843 3251,1843 3341,1843 3430,1843 3520,1843 3603,1855"/>
                <TextEquiv>
                    <Unicode>derkommt.</Unicode>
                </TextEquiv>
            </TextLine>
            <TextLine id="tr_1_tl_12" custom="readingOrder {index:11;}">
                <Coords points="3153,2017 3627,2048 3953,2012 4146,2051 4205,2026 4202,1769 3789,1928 3315,1920 3150,1864"/>
                <Baseline points="3168,1998 3257,1998 3347,1998 3436,1998 3526,1998 3615,1998 3705,2004 3794,2004 3884,2004 3973,2004 4063,2010 4152,2010 4212,2010"/>
                <TextEquiv>
                    <Unicode>Marie: Ich liebe dich.</Unicode>
                </TextEquiv>
            </TextLine>
            <TextLine id="tr_1_tl_13" custom="readingOrder {index:12;}">
                <Coords points="3136,2218 5242,2210 5346,2190 5346,2012 3136,2079"/>
                <Baseline points="3150,2148 3239,2153 3329,2153 3418,2148 3508,2153 3597,2153 3687,2153 3776,2153 3866,2153 3955,2153 4045,2159 4134,2159 4224,2165 4313,2165 4403,2165 4492,2165 4582,2165 4671,2165 4761,2165 4850,2165 4940,2165 5029,2165 5119,2165 5208,2177 5298,2171 5352,2171"/>
                <TextEquiv>
                    <Unicode>Max: Das Wort hat keinen Klang mehr für mich,so</Unicode>
                </TextEquiv>
            </TextLine>
            <TextLine id="tr_1_tl_14" custom="readingOrder {index:13;}">
                <Coords points="3147,2332 5265,2360 5265,2282 5064,2235 4472,2193 3147,2249"/>
                <Baseline points="3162,2303 3251,2303 3341,2309 3430,2309 3520,2309 3609,2309 3699,2309 3788,2309 3878,2315 3967,2315 4057,2315 4146,2315 4236,2315 4325,2315 4415,2315 4504,2315 4594,2315 4683,2321 4773,2321 4862,2321 4952,2321 5041,2321 5131,2321 5220,2332 5268,2338"/>
                <TextEquiv>
                    <Unicode>wenig wie all das, was wir von draussen hören,</Unicode>
                </TextEquiv>
            </TextLine>
            <TextLine id="tr_1_tl_15" custom="readingOrder {index:14;}">
                <Coords points="3139,2503 5326,2500 5270,2355 4735,2419 3320,2327 3136,2397"/>
                <Baseline points="3150,2458 3239,2458 3329,2452 3418,2458 3508,2458 3597,2464 3687,2464 3776,2464 3866,2464 3955,2464 4045,2470 4134,2470 4224,2470 4313,2470 4403,2470 4492,2470 4582,2476 4671,2476 4761,2470 4850,2470 4940,2476 5029,2476 5119,2476 5208,2482 5298,2488 5334,2488"/>
                <TextEquiv>
                    <Unicode>der Schall der Trompeten, das Traben der Pferde,</Unicode>
                </TextEquiv>
            </TextLine>
            <TextLine id="tr_1_tl_16" custom="readingOrder {index:15;}">
                <Coords points="3183,2637 5421,2650 5421,2581 4994,2505 3183,2564"/>
                <Baseline points="3198,2613 3287,2613 3377,2613 3466,2613 3556,2619 3645,2619 3735,2619 3824,2619 3914,2619 4003,2619 4093,2625 4182,2625 4272,2625 4361,2625 4451,2625 4540,2625 4630,2625 4719,2631 4809,2631 4898,2631 4988,2631 5077,2637 5167,2637 5256,2637 5346,2637 5429,2637"/>
                <TextEquiv>
                    <Unicode>wie ist das alles stumm. Wie weit bin ich schon.</Unicode>
                </TextEquiv>
            </TextLine>
            <TextLine id="tr_1_tl_17" custom="readingOrder {index:16;}">
                <Coords points="3225,2846 5357,2835 5354,2662 5005,2737 4193,2637 3697,2729 3222,2656"/>
                <Baseline points="3239,2774 3329,2774 3418,2774 3508,2774 3597,2774 3687,2774 3776,2774 3866,2780 3955,2774 4045,2780 4134,2774 4224,2780 4313,2780 4403,2780 4492,2786 4582,2786 4671,2786 4761,2786 4850,2786 4940,2786 5029,2786 5119,2786 5208,2786 5298,2786 5364,2798"/>
                <TextEquiv>
                    <Unicode>Marie: Was sprichst du denn, Max? Haft du mich</Unicode>
                </TextEquiv>
            </TextLine>
            <TextLine id="tr_1_tl_18" custom="readingOrder {index:17;}">
                <Coords points="3264,2941 5424,2991 5424,2837 5248,2807 4966,2868 4690,2810 3264,2837"/>
                <Baseline points="3281,2923 3371,2923 3460,2929 3550,2929 3639,2929 3729,2929 3818,2929 3908,2929 3997,2929 4087,2929 4176,2935 4266,2929 4355,2935 4445,2935 4534,2941 4624,2935 4713,2941 4803,2935 4892,2941 4982,2941 5071,2947 5161,2947 5250,2953 5340,2953 5429,2965"/>
                <TextEquiv>
                    <Unicode>denn nicht erwartet? Katharina hat mir gesagt,</Unicode>
                </TextEquiv>
            </TextLine>
            <TextLine id="tr_1_tl_19" custom="readingOrder {index:18;}">
                <Coords points="3287,3155 4411,3091 5223,3158 5348,3142 5346,3022 5055,2955 4659,3058 4140,2980 3284,3016"/>
                <Baseline points="3299,3084 3389,3078 3478,3078 3568,3084 3657,3084 3747,3084 3836,3084 3926,3084 4015,3084 4105,3084 4194,3084 4284,3090 4373,3090 4463,3090 4552,3090 4642,3090 4731,3090 4821,3096 4910,3096 5000,3102 5089,3102 5179,3102 5268,3102 5352,3102"/>
                <TextEquiv>
                    <Unicode>dass du mich erwartest. Nunn bin ich ja då,</Unicode>
                </TextEquiv>
            </TextLine>
            <TextLine id="tr_1_tl_20" custom="readingOrder {index:19;}">
                <Coords points="3264,3248 4696,3312 4790,3264 4790,3211 4604,3139 4104,3211 3842,3114 3683,3172 3264,3175"/>
                <Baseline points="3281,3233 3371,3233 3460,3233 3550,3233 3639,3233 3729,3239 3818,3239 3908,3239 3997,3239 4087,3239 4176,3245 4266,3245 4355,3245 4445,3245 4534,3245 4624,3245 4713,3251 4797,3257"/>
                <TextEquiv>
                    <Unicode>Max: Aber ich bin es nicht mehr.</Unicode>
                </TextEquiv>
            </TextLine>
            <TextLine id="tr_1_tl_21" custom="readingOrder {index:20;}">
                <Coords points="3262,3437 5354,3384 5351,3275 5226,3242 4712,3312 3259,3284"/>
                <Baseline points="3275,3371 3365,3359 3454,3359 3544,3359 3633,3359 3723,3359 3812,3359 3902,3359 3991,3359 4081,3359 4170,3365 4260,3365 4349,3359 4439,3359 4528,3365 4618,3365 4707,3365 4797,3365 4886,3365 4976,3371 5065,3371 5155,3371 5244,3371 5334,3371 5358,3371"/>
                <TextEquiv>
                    <Unicode>Marie: Weisst du, was ich alles getan habe, um</Unicode>
                </TextEquiv>
            </TextLine>
            <TextLine id="tr_1_tl_22" custom="readingOrder {index:21;}">
                <Coords points="3278,3527 5156,3574 5326,3529 5326,3412 3278,3429"/>
                <Baseline points="3293,3508 3383,3508 3472,3514 3562,3514 3651,3514 3741,3514 3830,3514 3920,3514 4009,3514 4099,3514 4188,3520 4278,3514 4367,3514 4457,3514 4546,3508 4636,3514 4725,3520 4815,3514 4904,3520 4994,3520 5083,3520 5173,3520 5262,3520 5334,3520"/>
                <TextEquiv>
                    <Unicode>dich noch einmal zu sehen? - ehe du davonrei-</Unicode>
                </TextEquiv>
            </TextLine>
            <TextLine id="tr_1_tl_23" custom="readingOrder {index:22;}">
                <Coords points="3273,3764 3496,3719 3624,3758 3744,3730 3797,3758 3889,3713 4018,3708 4107,3761 4107,3605 3850,3577 3694,3610 3613,3566 3273,3596"/>
                <Baseline points="3287,3669 3377,3663 3466,3669 3556,3669 3645,3669 3735,3669 3824,3669 3914,3669 4003,3669 4093,3669 4111,3675"/>
                <TextEquiv>
                    <Unicode>test in den Tod?</Unicode>
                </TextEquiv>
            </TextLine>
        </TextRegion>
    </Page>
</PcGts>
