5752 4264
3140 569 3624 744 Variante:
3129 706 5331 958 Der Arzt k채me noch. Er hat vermutet, dass Marie
3126 858 5325 1135 noch Max aufgesucht hat, hat ihren Vater tot ge-
3120 1050 5294 1290 funden, will sie zur체ckholen. Sie sagt ihm, dass
3117 1210 5331 1427 sie ihrem Vater Gift ins Glas gegossen hat
3103 1373 5403 1610 und sich bei Gericht selbst angeben will. Er h채lt
3089 1542 5357 1776 sie davor zur체ck und weist ihr einen andern Weg.
