5816 4264
5014 467 5211 679 du 17.
2949 627 5180 818 Nacht war es,Herr Leutnant, das ist gewiss. (Er
2949 788 5111 985 steckt den Shawl während der letzten Worte wie
2949 1028 5202 1185 achtlos zwischen den Knöpfe seines Waffenrocks;
3850 1106 4156 1197 Befehl
2952 1155 5199 1297 in neuem Ton) Der Befhel ist da.Wir haben vorzu-
2943 1276 5286 1464 rücken. Wie ich schon sagte, Sie nehmen die Vorhut,
2931 1425 5199 1610 Herr Leutnant, und führen Ihre Leute bis zum Ein-
2958 1594 5265 1782 gang der Schlucht. Dort stehen Sie, bis weitere Be-
2952 1734 5211 1949 fehle kommen. Unsere Regimenter rücken nach. Es
2937 1888 5144 2092 ist höchste Zeit. In jener Lichtung, von der ich
2937 2086 5259 2255 Ihnen früher sprach, ist heute Nacht eine Kugel an
2968 2228 5320 2410 mir vorbeigepfiffen. Sie halten sich so ruhig Herr
2919 2380 5229 2567 Leutnant, mit Ihren Leuten in der Lichtung als es
2922 2510 3510 2683 möglich ist.
2907 2661 4592 2877 Albrecht: Zu Befehl! (Marmsignale)
2922 2834 5356 3004 Oberst: Sie haben auch Freiwillige in Ihrem Zug,Herr
2907 2977 3365 3162 Leutnant?
2907 3110 5126 3359 Albrecht: Einen, Herr Oberst, (en Sie ja kennen.
3456 3262 3935 3353 blatt zu mir
2904 3322 5259 3471 Oberst: (Er wird nicht mitreiten, verstehen Sie?
2898 3450 4053 3568 ζακκακεκαταόκιλακαχκ
3644 3510 4641 3674 La dernier ou gepreisait jeté
2901 3550 5150 3765 Albrecht: Ich habe heute nicht mehr das Recht es
4180 3728 4544 3916 (luk 1)
2904 3731 3768 3938 ihm zu verbieten.
3986 3850 5059 4059 Ihr künfel nicht. Der
