5864 4456
550 91 714 240 me
5250 505 5439 724 359
3152 620 5311 930 Hause befindet sich der Major Wilhelm. Er ist
3183 869 5344 1061 verhaftet. Sie werden die Wache übernehmen und
3177 1009 5308 1262 tungsset sobald die
3177 1170 5432 1420 letzte Compagnie abgeritten ist,ihn frei lassen.
3177 1377 4253 1587 Kann xässerissäxxist
3183 1532 3864 1724 Max: Und dann?
3177 1611 5484 1830 Oberst: Ist Ihr Dienst zu Ende. In meinem Regi-
3174 1833 5612 1973 ment werden Sie nicht sterben, an meiner Seite nicht.
3183 1988 5451 2171 Ich wollte es Ihnen nicht verbieten, Max, mit uns
3189 2134 5499 2365 einen Spazierritt zu machen. Nun ist der Spass zu
3192 2307 3447 2438 Ende.
3168 2465 5515 2624 Wenn der Major Wilhelm kommt, so könnte der Oberst
3183 2611 5463 2782 sagen: Es ist zwar ein Gegenbefehl, aber ich füge
3189 2751 5551 2940 mich ihm nicht. Denn mein Entschluss. den Feind an-
3189 2931 5472 3086 zugreifen, der ursprünglich nur Eigensinn war, ist
3189 3080 5548 3244 indess vernünftig geworden. Das weiss der General-
3201 3232 5600 3384 stab nicht. Ich werde also angreifen und bei meinem
3198 3365 4520 3566 ursprünglichen Plan bleiben.
3189 3502 5396 3757 Major Wilhelm(will nun die andern Offiziere be-
3268 3733 5445 3912 stimmen dem Befehl des Generalstabs zu folgen.
