5976 4088
5351 375 5538 575 333
3149 534 5657 828 May Du hast ein Haus, ein Heim,ein Bett, eine Jugend.
3408 743 5107 922 ein Leben, Die ganze Welt gehört dir.
3367 912 5617 1134 Marie: Nichts habe ich als dich. Leben und Welt
3399 1109 3711 1287 genug.
3349 1250 5732 1474 Max: So willst du es nicht anders,möge es Albrecht
3380 1390 5595 1652 mir verzeihen. (Er greift nach seinem Revolver)
3399 1565 5132 1749 (In diesem Augenblick kommt Albrecht)
3374 1718 4076 1905 Albrecht: Max!
3364 1831 5538 2059 Max: Ich habe gewartet. Mein Wort habe ich ge-
3371 2012 4186 2190 halten. Lebwohl A
4067 2124 4251 2277 Max
3377 2149 5641 2387 Albrecht: Höre! Was du mir noch zu sagen hättest
3374 2358 5417 2527 hat keinen Sinn mehr für mich. Lassen wir's
3361 2499 3739 2655 lieber.
3383 2646 5704 2877 Albfecht: Mehr Sinn als je ein Wort für dich hatte.
3358 2786 3645 2993 Komm!
3296 2964 4832 3142 Max: Hohn in diesem Augenblick?
3342 3105 4595 3327 Albrecht: Nichts weniger.
4757 3124 4948 3336 the
2933 3236 3321 3383 solele beau
3355 3217 5007 3439 Max: Was wollte der Oberst von dir?
3352 3408 5663 3617 Albrecht: Ich bin zum Führer deiner Compagnie be-
