5864 4440
121 124 994 250 F.T.K
5245 512 5434 678 360
3250 580 5515 828 Das erst veranlasst den Oberst ihn zu verhaften.
3256 759 5276 977 Marie kommt vielleicht erst, wenn der Oberst
3244 931 3997 1101 schon fort ist.
3256 1058 5299 1296 Die Szene Max und Marie ungefähr wie früher.
3224 1213 5351 1457 Da nun Max in gewissem Sinn frei ist,versucht
3216 1379 4837 1592 Marie ihn zur Rückkehr zu bereden.
3227 1558 5520 1793 Albrecht fällt als Erster in der Schlacht. Katha-
3224 1730 4974 1905 rina kommt mit seiner Leiche zurück.
3207 1822 5520 2109 Der Oberst ist als Letzter abgeritten,es ist also
3198 1992 5328 2242 für Max der Koment gekommen Major Wilhelm aus
3184 2132 4256 2359 der Haft zu entlassen.
