4760 4136
4106 496 4287 651 34 9
2211 584 2613 765 Adjutant
2663 543 4399 818 Seiner Exzellenz, des Feldmarschall
2211 762 3944 1003 leutrants Baudisch vom Generalstab,
2229 927 3522 1147 berst: (reicht ihm die Hand)
2196 1009 4487 1320 Major Wilhelm; (gibt ihm eine verschlossene Ordre)
2202 1273 3566 1440 Vom Generalstab,Herr Oberst.
2199 1440 4534 1625 Oberst:/(fliegt den Befehl rasch durch) Ihren Degen,
2179 1554 2730 1739 Herr Major.
2176 1701 3575 1915 Major Wilhelm;(versteht nicht
2194 1856 3498 2073 Oberst: Ihren Degen - - 31.
2179 2018 4493 2252 Major Wilhelm: Herr Oberst, welch ein Missverständ-
2167 2176 4387 2355 nis, ich komme vom Generalstab Seiner Exzellenz.
2757 2299 3035 2416 Befehl
2173 2331 3757 2525 Ich habe den xxxx sofort wieder
2173 2484 4487 2666 Oberst: An dieser Stelle und in diesem Augenblick,
2152 2636 4516 2833 Herr Major, befehle nur ich. Wir stehen fünfhundert
2155 2768 3507 3000 Schritte weit vom Feind - -
2158 2921 4501 3138 Major Wilhelm: Herr Oberst,ich muss bitten - meine
2161 3108 3408 3287 Herren - dieser Befehl —
2158 3246 4399 3487 Oberst: Sie sind verhaftet.Herr Major. (zu eine
3097 3393 3229 3475 th
2158 3416 4408 3660 der Offiziere) Sie, Herr Rittmeister, haften für
