4888 4152
4162 379 4343 578 un 28
2150 563 4377 733 Albrecht: Lässt du dich immer noch von ihm
2172 697 3014 875 zum Narrn machen?
3389 760 3892 921 entrevue
2138 869 4337 1115 Max : Du sollst ihn nicht hassen. Ich ertrag
2153 1009 3919 1227 es nicht. Warum hassest du ihn denn?
2159 1154 4404 1348 Albrecht: Weiler uns nicht als gleichwertige Men-
2159 1354 4437 1557 schen nimmt. Weil er imstande wäre um einer Laune
2159 1496 4401 1648 willen uns zu Affen zu machen, so gut wie zu Hel-
2150 1648 4443 1838 den. Weil er mit uns spielt, darum hasse ich ihn.
2141 1817 4573 2002 Max: Partner am Spieltisch, sagte Eine, die ihn kennt.
2144 1972 4461 2159 Albrecht: Partner? Ein übler Vergleich. Er allein
2150 2138 4355 2335 ist der Spieler. Spieler? Wir sind Figuren, die
2750 2253 2998 2353 schiebt
2141 2253 4398 2456 er hin und her, wie es ihm passt, die er unter den
3628 2408 4264 2514 Besert + c
2147 2429 4395 2644 Tisch wirft, wie es ihm behagt. So versucht es er
2138 2590 4340 2789 jetzt mit dir. Lass es dir noch nicht gefallen.
2147 2753 4377 2908 Gehorchen,meinethalben - das ist unser Beruf, das
2129 2902 4419 3083 ist unser Schwur, Aber seine Marianetten sind wir
2780 3023 3132 3120 n Stein-
3962 3044 4319 3144 t S.d.P.
2135 3068 4380 3210 nicht. Komm zu dir, Max! Der Oberst kann seine
2114 3201 4431 3398 Leute davonjagen, damit aber endet seine Macht. Du
2120 3380 4519 3504 bist in diesem Augenblick ein freier Mensch, freier
2166 3507 4343 3698 als du jemals warst. Zum ersten Mal wirklich
