6024 4072
5076 306 5272 457 B26
3448 466 5636 667 Max:geht zum Tisch, nimmt den Revolver,schaut
3457 690 5609 877 um sich, nach kurzer Ueberlegung) Nicht hier...
3475 856 5618 1066 (Er nimmt Mantel und Kappe, schnallt den Säbel
3451 964 4066 1130 um, zur Türe
3451 1162 4156 1325 ###
3463 1287 5755 1453 (Soldat klopft.Max antwortet nicht. Die Türe öff-
3457 1465 4977 1590 net sich, der Soldat tritt ein)
3440 1622 5781 1750 Soldat: Hier ist das Quartier des Herrn Leutrants.
3489 1812 5426 1916 Herr Leutnant - (er sieht ihn erst jetzt)
3469 1899 5810 2068 (Marie ist hinter dem Soldaten eingetreten. Soldat
3419 2100 3684 2280 ab).
3440 2243 3862 2362 Max: Du?
3422 2374 4322 2540 Marie: Ich bin es.
3422 2508 5589 2680 Max: (Bewegung,die Marie zum Gehen veranlassen
3431 2656 3769 2825 soll).
3434 2796 4322 3023 Marie: Ich bin da.
3440 2974 5129 3140 Max: Verschwinde so rasch du kannst.
3428 3154 5187 3312 Marie: Hast du mich nicht erwartet -?
3411 3297 3891 3480 Max: Geh!
