4760 4136
3048 476 4305 727 Nie heeft wohl ab die 344
3166 573 3570 736 we have -
1987 639 2753 877 Albrecht-Oberst.
1987 829 2967 1034 Albrecht: (salutiert)
2002 980 4357 1149 berst: Guten Morgen, Herr Leutnant. Wie ich vermute
1987 1143 4191 1351 te, die Karte ist ungenau. (Er nimmt eine kleine
1981 1327 4266 1526 Generalstabskarte aus der Brusttasche und breitet
1972 1456 2530 1649 sie auf den
2593 1480 4155 1670 Tisch hin) An dieser Stelle, kaum
1984 1628 4185 1821 fünfhundert Schritte von hier, ist eine Lichtung
1972 1818 4354 1972 und ein Hohlweg führt gegen die Tiefe, von der sonde
1975 1948 4396 2126 barerweise die Karte nichts weiss. Wenn die Lichtung
1984 2107 3944 2273 geschützt ist müsste man den Wald umreiten
3971 2132 4140 2309 von
1972 2228 3877 2439 Osten her, um in die Schlucht zu gelangen.
3916 2267 4218 2418 Achten
1963 2388 3847 2593 Sie darauf, Herr Leutnant. Sie werden die
3913 2406 4182 2623 orhut
2325 2505 2472 2605 de ce
1963 2536 3699 2750 führen - wenn es Ihnen so beliebt.
1486 2505 1791 2807 dicine
1966 2632 3974 2928 Albrecht: Sie haben zu befehlen,Herr Oberst
1508 2762 1815 2922 Kirchln
3114 2825 3464 2928 décembre,
1954 2855 4293 3075 Oberst: (nach einer Pause) In jedem Augenblick muss
1523 2864 1755 3048 hereing
4055 3000 4348 3175 wyge
1957 3024 4022 3238 die ordre  von Generalstab da sein.
1827 3072 2632 3232 une vie de celui sur
2741 3124 3286 3232 in der R W.
1939 3193 3310 3323 Albrecht; Befehl zum Angriff?
3672 3214 4299 3398 Es k- eine
1966 3301 4091 3555 Oberst: Vermutlich. (Er geht durch die Tür ins
1957 3455 2457 3669 Wirtshaus).
