4712 4168
4160 337 4337 526 360
2077 590 4261 777 Es muss etwas gefunden werden, um das Fortgehen
2068 797 4008 957 Max zusammen mit dem Major zu motivieren.
2086 919 4424 1181 Vielleicht benötigt der Major das Zeugnis des Max.
1574 1004 1891 1169 Von 8,
2077 1082 3633 1248 Dann erst Abschied Max von Marie,
1594 1143 1972 1303 Stefehl, J.
2074 1245 4322 1387 Und jetzt erst das Geständnis der Marie, dass sie
1582 1259 1943 1402 en wieder
1542 1376 1998 1530 du l'uppice
2077 1396 3208 1559 ihren Vater getötet hat.
1565 1501 1806 1629 Albe
2074 1556 4360 1757 Vielleicht auch, dass sie sich früher schon selbst
2065 1696 4299 1902 angegeben hat und dass der Richter ihre Selbst-
2059 1891 3339 2080 anzeige nicht geglaubt hat.
2045 2039 4311 2222 Der Arzt hat erklärt, dass es ein natürlicher Tod
2054 2222 2272 2321 war.
2051 2310 4212 2516 Am Ende erfüllt sich doch noch der Todesschwur-
2051 2507 2685 2650 des Obersten.
