4712 4232
4069 396 4235 580 308
3848 525 4201 651 in to the
1969 498 4281 737 Albrecht: Lass die Spässe! Eh die Sonne dort oben
1963 697 4334 931 steht wird es (keine Unterschiede geben. Keine Frei
1959 863 4162 1026 willigen, keine LeutEdts,keine Helden und keine
1956 1007 2525 1158 Narren mehr.
1944 1121 3093 1296 Max: Wann endlich? Wann?!
3437 1241 3814 1400 Mai
1947 1290 4257 1508 Albrecht: Hast du's so eilig? Wenn du vernünftig
1932 1440 3658 1637 wärst - - [aber du bist es ja nicht.
1923 1563 2967 1772 Max: Und hab Gott sei
3007 1606 4238 1803 Dank keine Zeit mehr es zu
1944 1741 2291 1913 werden.
3428 1877 3679 1978 diese
1935 1830 4005 2064 Albrecht: Kast du geschlafen  Nacht?
3409 2036 3722 2128 Tout une
1923 2045 4223 2221 Max: Es war zu unruhig im Lager. Nach Sonnenunter
1935 2168 4303 2414 gang kam allerlei Weibsvolk aus der Stadt. Zweihun-
1920 2331 2669 2558 dert oder mehr.)
3808 2482 3928 2598 no
1916 2482 4180 2746 Albrecht: Hättest dir auch noch einen vergnügten
1898 2626 2865 2819 bend machen können.
1901 2798 4263 2998 Max: Es war schön dort unten im Waldesfrieden. Ich
2813 2933 3209 3034 Dentil N.J.
1892 2985 4306 3173 hab viel zu träumengehabt. Es ist schön und tröst
1895 3093 4214 3338 lich, dass sie im allerletsten Augenblick noch den
1883 3246 4131 3434 Weg zu mir gefungen hat. Zu spät, sagt ich damals
1877 3421 4343 3557 nein. Mit einer unerfüllten Sehnsucht dahin zu gehen,
2135 3510 2254 3603 fait
1880 3510 2912 3738 ist herrlich gesondert, M
3010 3529 3498 3811 a hout
989 3974 1158 4134 G.F.P.
