5784 4248
2659 450 3041 647 9/7. 31
3688 491 3938 716 G.F.P
3031 650 4541 884 an dem ihm weniger liegtals dir,
3728 847 4431 959 Tit.   nach der Gürtzeit
3012 859 4712 1019 Max: Nicht darum, weil ich ihn belog.
3653 1003 4441 1106 Bolas F.Mary is
3025 1062 5325 1238 Albrecht: Warum wollte er die Wahrheit von dir hö-
3019 1153 4400 1366 ren, die ihm doch bekannt war?
4375 1256 5478 1431 Ist schade verfahrt
2994 1306 5412 1500 Max: Verstehst du es nicht? Um mich wieder wert zu
3006 1500 4669 1675 machen an seiner Seite zu sterben.
3006 1619 5241 1841 Albrecht: Und nun wärst du es nicht mehr? (Und
3012 1791 4800 2003 müsste es eben an seiner Seite sein? )
2984 1938 5453 2212 Max: Davongejagt hat er mich. Ich bin ficht Offizier
3012 2159 3278 2322 mehr.
4819 2169 5494 2359 in harm with
2991 2281 5497 2478 Albrecht: Lässt du dich immer noch von ihm verwirren?
3384 2384 3612 2497 Nun
2994 2462 5141 2653 Max: Du hassest ihn. Das macht dich so reden.
3012 2578 5325 2759 Albrecht: Weil er sich über uns allen fühlt, darum
4550 2706 4928 2822 leichwarten
3003 2747 5319 2897 hass ich ihn, weil er uns nicht als Menschen nimmt
3006 2931 5488 3072 oder sich als eine Art von Gott.Weil er imstande wäre
3006 3031 5450 3272 sich um eines Einfalls willen uns zu Affen zu machen
2991 3219 5325 3456 so gut wie zu Helden. Weil er mit uns spielt, darum
2994 3369 3650 3488 hass ich ihn.
2991 3406 5441 3609 Max: Partner am Spieltisch, sagte eine, die ihn kennt.
2981 3603 5444 3816 Albrecht: Partner? Ein übler Vergleich. Figuren, die
3006 3756 5234 3900 er hin und her rückt, wie es ihm passt, unter den
