5848 4312
5053 567 5252 705 348
3272 671 3744 862 Max: (ab).
3298 859 4804 1000 Albrecht, der Wachtmeister kommt.
3296 1021 5255 1188 Wachtmeister: Herr Leutnant, unten auf der
3298 1175 5417 1410 Wiese liegt eine Frauensperson,die möchte ein
3288 1371 4494 1477 Wort mit Ihnen sprechen.
3282 1522 5008 1686 Albrecht: Mich? Von den Weibern eine?
3282 1599 5417 1856 Wachtmeister: Totenblass ist sie,atmet schwer,
3288 1790 4918 1949 ich glaube, es geht zu Ende mit ihr.
3256 1951 5021 2148 Albrecht: Sendet nach dem Feldscheer.
3272 2108 5284 2304 Wachtmeister: Sie hat xxxx was zu beichten,
3261 2280 3945 2407 Herr Leutnant.
3248 2429 4831 2588 Albrecht: Dafür ist der Kurat da.
3258 2598 5332 2786 Wachtmeister: Keinen Kurat und keinen Feld-
3242 2768 5334 2961 scheer hat sie verlangt. Den Herrn Leutnant
3245 2837 5191 3049 Albrecht von Holzwarth und keinen Andern.
3227 3009 4825 3179 Albrecht und der Wachtmeister ab.
3224 3192 5300 3370 Katharina und Marie hinter dem Hause hervor.
3219 3356 4987 3561 Katharina: Ist es möglich, Marie? Du?!
3232 3508 4637 3648 Marie: Wo ist er? Wo is t er?
3224 3630 5350 3828 Katharina: Und wie siehst du denn aus? Marie,
