5976 4088
2870 342 3206 555 28.9.31
5412 454 5591 594 347
4739 420 5047 659 Écoure
3469 555 5541 773 in ein höheres Leben vielleicht. Wie wollt
3469 740 5627 911 ich doch, dass du ihn endlich verstündest. (Und
3467 897 5597 1085 wäre es auch im
3481 1110 4403 1242 letzten tugenblick.
3455 1272 5501 1424 Albrecht: So habe ich nicht mehr lange Zeit
3475 1438 5532 1637 dazu. Keine Stunde mehr und es wird zum An-
3469 1600 4207 1738 griff geblasen.
3450 1763 4554 1861 Max: er Befehl ist da?
3464 1886 5535 2015 Albrecht: Er wird genau so lauten,wie es dem
3506 2060 4235 2203 berst beliebt.)
3444 2164 5697 2332 Max: Endlich, endlich!
3455 2368 5555 2590 unäxigen xxxxxxx
3464 2533 4652 2640 wird mir verziehen haben.
3461 2693 5689 2859 Albrecht: Verziehen? Einer unter tausend Andern
3475 2808 5672 3013 bist du für ihn. Weniger als die Andern, weniger
3464 2979 3960 3158 als Luft.
3439 3116 5538 3327 Max: Wie einen Sohn hat er mich geliebt. Ich
3464 3299 5353 3481 wollte,Abrecht, du könntest es verstehen.
3464 3416 5557 3646 Albrecht: Mach dich bereit, Max, wir werden die
3469 3598 4139 3753 Vorhut führen.
