5976 4104
5222 359 5409 526 348
3468 539 3920 676 Max: (ab).
3473 716 4997 837 Albrecht, der Wachtmeister kommt.
3486 890 5428 1051 Wachtmeister: Herr Leutnant, unten auf der
3486 1030 5599 1167 Wiese liegt eine Frauensperson,die möchte ein
3489 1152 4678 1336 Wort mit Ihnen üsprechen.
3875 1289 4186 1397 his own
3492 1310 5206 1516 Albrecht: Mich? Von den Weibern eine?
3500 1508 5618 1635 Wachtmeister: Totenblass ist sie,atmet schwer,
3500 1656 5124 1809 ich glaube, es geht zu Ende mit ihr.
3471 1778 5227 1960 Albrecht: Sendet nach dem Feldscheer.
3492 1925 5491 2121 Wachtmeister:Sie hat xxxx was zu beichten,
3471 2076 4149 2269 Herr Leutaant
3489 2248 5045 2414 Albrecht: Dafür ist der Kurat da.
3481 2390 5541 2554 Wachtmeister: Keinen Kurat und keinen Feld-
3492 2567 5549 2755 scheer hat sie verlangt. Den Herrn Leutnant
3492 2705 5409 2868 Albrecht von Holzwarth und keinen Andern.
3486 2897 5042 3014 Albrecht und der Wachtmeister ab.
3486 3022 5547 3177 Katharina und Marie hinter dem Hause hervor,
3481 3196 5232 3365 Katharina: Ist es möglich,Marie? Du?!
3500 3328 4868 3494 Marie: Wo ist er? Wo is t er?
3492 3468 5602 3671 Kahharina: Und wie siehst du denn aus? Marie,
924 3579 1091 3772 P.
