5976 4104
5293 382 5487 616 33 4
3357 570 3727 776 stimmt.
3354 776 5515 990 Max: Kommt es dir darauf an meinen Glückwunsch
3354 932 3988 1105 zu empfangen?
3866 1048 4028 1163 st to
3351 1085 5614 1282 Albrecht: Es ist Kriegszeit, Max. Soldaten werden
3354 1233 5597 1441 überall angenommen. Auch Leuten.die Schlimmeres
3354 1406 5550 1618 begangen haben als du,wehrt man nicht den Ein-
3348 1566 4245 1733 tritt in die Armee.
3322 1730 5646 1904 Max : Meine Laune steht nicht nachPossen. Denkst
3339 1864 5414 2066 du, dass ich bei einem fremden Regiment,unter
3336 2011 5527 2254 falschem Namen - - Wir waren einmal Freunde, Al-
3322 2191 3687 2350 brecht.
3310 2353 5533 2532 Albrecht; Nicht unter falschem Namen, bei keinem
3322 2503 5498 2758 fremden Regiment, ich nehme dich in meine Com-
3302 2654 5562 2862 pagnie,ich, der Leutnant Albrecht von Holzwarth.
3299 2830 5463 3010 Max: Willst du dem Obersten Gelegenheit geben
3290 2983 5487 3160 mir ins Gesicht vor den gewesenen Kameraden -
3745 3105 4048 3218 Wunter
3250 3119 5449 3348 Albrecht: Lehr mich ihn kennen. Wenn ihn etwas
3267 3284 5351 3507 an meinem Einfall verdriessen könnte,wäre es
3250 3446 5093 3620 höchstens, dass er ihn nicht vorhersah.
