4712 4232
3966 544 4153 720 305
1987 705 4254 881 Gleich ist die Sonne da. Es wird ein schöner Mor-
1984 851 2520 1065 gen werden.
1919 1006 3026 1223 Albrecht: Wunderschön.
1961 1172 3769 1366 Katharina: Freust du dich nicht drauf?
1972 1333 4341 1482 Albrecht: Ich meine, du glaubst es noch immer nicht.
1966 1502 2466 1657 Katharina.
3204 1488 3555 1791 B. F.
1966 1630 2933 1809 Katharina: Was denn?
1975 1770 4141 1937 Albrecht: Dass du morgen allein beim Frühstück
1969 1934 4150 2160 sitzen wirst. - & alle Tage - mügstens nicht einhen
1964 2091 3731 2249 Katharina: Ach ja, ich weiss es schon.
2008 2243 4177 2398 Albrecht: Was wirst du tun, wenn du wieder nach
1958 2392 2600 2567 Hause kommst?
2484 2520 3079 2698 Weiss nicht.
1972 2538 2445 2728 Katharina:
1969 2663 3802 2883 Albrecht: Es wartet wohl schon Einer?
1961 2850 4159 3058 Katharina: Viele vielleicht oder keiner.
2541 2969 2957 3070 mit der Weise
2035 3029 4266 3177 1brecht: Ich will den Feldgeistlichen kommen las-
1969 3159 4257 3311 sen, Kind, der traut uns und so kommst du als Offi-
1969 3314 3323 3516 zierswitwe heim aus dem Feld.
3043 3427 3326 3510 l. und
1958 3454 3856 3656 Katharina: Ich brauch keinen Trauschein.
1972 3641 4305 3799 Albrecht: (erhebt sich plötzlich) Nun, lass es genug
1595 3704 1830 3915 Yours
1966 3751 4355 4007 sein, Katharina. Es wird ernst. / Umarm mich noch ein-
