5992 4104
5414 401 5624 649 kunen.
3374 467 4732 664 (Albrecht eine Weile allein).
3371 616 5435 847 Albrecht: (für sich) Wenn es mir beliebt...?
3350 799 5411 1068 Max: (kommt aus der Gegend des Waldes) Guten
3362 942 4451 1134 Morgen,Herr Leutnant.
3341 1092 5695 1397 Albrecht: Lass die Spässe! Eh die Sonne im Mittag
3353 1256 5510 1490 steht wird es keine Leutrants geben und keine
3326 1376 5543 1693 Freiwilligen und keine gemeinen Soldaten. Keine
3323 1540 4684 1798 Helden und keine Narren mehr.
3290 1699 4514 1935 Max: Wann endlich - wann?
3302 1840 5719 2196 Albrecht: Ist es dir gar so eilig? Wenn du vernünf-
3308 2013 3945 2214 tig wärst - -
3272 2163 4385 2375 Max: Nichts mehr davon.
3272 2342 5411 2602 Albrecht: Hast du geschlafen in dieser Nacht?
3266 2474 5612 2815 Max: Es war keine Ruhe im Lager. Nach Sonnenunter.
3269 2632 5247 2946 gang kam allerlei Weibsvolk aus der Stadt.
3251 2830 5411 3129 Albrecht: Hättest dir auch noch eine vergnügte
3254 2976 4221 3159 Nacht machen können.
3228 3120 5483 3401 Max: Ich blieb nicht unten. Ich war im Wald. Es
3225 3251 5244 3539 war schön. Ich habe viel zu träumen gehabt.
