5816 4264
5162 581 5361 772 913
3178 577 5519 974 durch den Tod.Ich danke dir, dass du gekommen bist.
3164 848 5400 1057 über nun geh! Hier darfst du nicht bleiben. In
3160 988 5584 1223 jeder Sekunde können sie dich von meiner/ Seite reis
3160 1136 5465 1403 sen. Flieh, flieh weiter! Ichglaube nicht, dass sie
3164 1284 4105 1501 dich verfolgen
4192 1331 5090 1526 Ce toutt huis et
3135 1450 5602 1685 Marie: (Ich geh nicht fort. Ich könnte gar nicht mehr
3131 1609 5429 1843 Meine Füsse tragen mich nicht mehr. Nur, dass ich
3142 1778 5505 2013 jetzt deinen Atem trinke macht, dass ich noch lebe.
3149 1908 5548 2172 Verlässt du mich in diesem Augenblick,so hört mein
3131 2060 5411 2341 Herz zu schlagen auf. Lass mich ruhn, - eine Stunde
2601 2045 3045 2266 mihage ses
2623 2222 3016 2410 join très peu de
3117 2204 5538 2489 nur... ein paar Minuten, ehe sie kommen,che sie mich
3131 2367 4794 2565 finden - komm! In deinem Arm, Max,
2673 2468 2843 2641 oh
3135 2554 4838 2756 (Max mit Marie ab gegen den Wald zu)
2662 2619 2955 2771 oupe.
3139 2673 5422 2915 (Schon vorher Unruhe, ferne Signale.Ueberdte Wiese
2579 2724 3070 2933 M u Keum
2637 2879 3023 3023 Mr. L. -ilt
3153 2875 5447 3110 Poldaten. Eine Ordonnanz kommt, die von einem Solda-
2626 2976 3059 3128 breckin!
3124 3005 5418 3200 ten rasch herbeigeführt wird. Gleich darauf kommt
2623 3081 3095 3225 1.° St. Guillé
2641 3207 5382 3373 der Oberst aus dem Wirtshaus, als wenn er die Or¬
2590 3315 5498 3557 dann anzuschon erwartet hätte, von Offizieren beglei-
2626 3431 2987 3550 intres¬
3492 3485 4762 3662 Wuest. pntle, dest a une tragte  -
3106 3478 3337 3651 tet.
2612 3517 3027 3665 21 wll 1
2626 3608 2973 3752 ntud
3102 3615 5285 3777 Die Ordonnanz, (Adjutant stellt sich vor): Vom
2691 3730 2857 3856 dre
3095 3745 5530 3983 General X. (überreicht ihm den versiegelten Befehl.
