6024 4072
336 572 721 718 pere dans
147 750 555 937 geld dort
1974 1095 2141 1216 .
1819 2808 2127 3012 (fles
2923 296 3322 526 9/9.31.
5334 402 5515 595 327
3365 615 5633 810 Marie: Ich weiss, ich hätte früher kommen sollen,
3382 802 4489 971 aber nun bin ich ja da,
3362 934 3986 1147 Max: Zu spät-
3368 1106 5515 1310 Marie: Es kann nicht zu spät sein. Du lebst -
3397 1259 3914 1417 ich lebe -
3394 1388 4727 1589 Max: Nein, Marie - ich nicht.
3388 1566 4768 1770 Marie: Was ist geschehen,Max?
3394 1851 4960 2095 Marie-Max -Albrecht rasch herein.
3400 2081 5566 2325 Albrecht: Max! Marie -? Was ist geschehen? Der
3420 2331 5704 2517 berst war bei dir - ich ahne. Ich sah Irene über
3411 2474 5098 2684 den Hof gehen. Davonstürzen.-Sprich!
3368 2655 4161 2790 Max: (will davon)
3411 2831 5722 2994 Albrecht: (ergreift seinen Arm) Du lebst - das ist
3394 2969 5020 3164 die Hauptsache. Was ist geschehen?
3374 3135 5618 3351 Max: Lasst mich! Es ist vergeblich mich zurück-
3388 3279 3845 3451 zuhalten.
3382 3423 4173 3618 Albrecht: Rede!
3362 3578 5098 3776 Max: Worte sind Aufschub und Schall.
