5880 4312
3653 592 4312 804 zu haier. Mein
5028 589 5226 754 846
3082 739 5211 952 Albrecht : Denkst du noch immerf an das Mädel?
3070 896 5309 1118 Max: (Anders als vorher. Sagt ich nicht in jener
4572 1026 4877 1127 Ehr sind
3082 1071 5353 1221 Nacht, dass sie zu spät kam? Nein. Es ist besser
3082 1263 5267 1378 so. Von allen Dingen das herrlichste ist eine
3082 1393 5217 1588 unerfüllte Sehnsucht. Das wäscht die Seele so
3067 1535 4102 1718 rein.
3082 1674 5285 1860 Albrecht: Das ist mir zu from gedacht.Oder zu
3082 1854 5380 1999 töricht. Oder soll es vielleicht eine Sühne sein?
3238 1967 3540 2073 F. de R.
3058 2020 3945 2212 Max: Lohn am Ende.
3070 2109 5324 2322 Albrecht: Hör ich dich so, so ist mir doch immer,
3067 2319 5448 2514 als wäre dein Hirn vergiftet.
3067 2490 3487 2644 saxkkarx
3913 2532 4339 2724 mein Jur
3064 2626 4637 2827 Maxä Nie fühlt ich mich so klar.
3871 2765 4067 2854 felut
3055 2821 5377 2996 Albrecht: Vergiftet von dem bösen, Ueberheblichen,
3076 2972 5445 3123 tückischen Geist, der uns alles Verderben schickt,
3058 3138 5303 3292 der uns allen die Wahl lässt und gegen den wir
3058 3262 4442 3440 doch uns nicht wehren können.
3052 3434 5235 3582 Max: In den Tod vielleicht, aber doch nicht ins
3058 3570 5332 3812 Verderben. xxxxin ein Opfer: In einen Opfertod
