5784 4216
3020 503 4394 741 Marie: Du bist nicht allein.
3038 698 5245 948 Max: Versperr dir den Rückweg nicht. Wozu das
3054 865 3398 1045 alles?
3023 1009 5354 1204 Marie: Ich brauche keinen Rückweg - ich habe kei-
3038 1164 3681 1347 nen Rückweg.
3002 1310 5449 1560 Max: Er istlje vorgezeichnet. Dein Vater erwartet
3038 1481 3349 1649 dich.
3026 1609 4980 1819 Marie: Ich habe keinen Vater. Er ist tot.
3014 1789 5461 1984 Max: Du hast ein Haus ein Heim, ein Bett, eine Jugend,
3032 1944 4739 2130 ein Leben, die ganze Welt gehört dir.
5007 2112 5245 2307 Sleut
3023 2112 4910 2298 Marie: Nichts habe ich als dich.-
3834 2237 4260 2331 Sollistär
3023 2264 5330 2472 Max: Glaubst du? (er greift nach seinem Revolver.
3038 2417 4977 2621 In diesem Augenblick kommt Max Albrecht.)
3023 2581 3721 2761 Albrecht: Max!
2999 2728 5376 2916 Max: Ich habe gewartet, wie du es gewünscht hast, zu
2996 2898 5281 3038 mehr bin ich nicht verpflichtet. Was du mir noch
3014 3026 5242 3252 zu sagen hättest, hat keinen Sinn mehr für mich.
4352 3166 4553 3273 Rn
3005 3160 5141 3367 Albrecht: (Vielleicht doch. Du kommst mit mir,
2980 3340 4532 3520 Max: Spott in diesem Augenblick?
2984 3453 4218 3663 Albrecht: Nichts weniger.
2977 3602 4291 3822 Max: Was wollte er von dir?
