5864 4312
779 90 1000 249 Fo:
5104 443 5306 597 331
3202 577 5331 776 Max: Weisst du,was alles geschehen ist - dass
3210 768 5359 936 ich nicht mit ihnen reiten darf? Ich bin kein
3221 888 5334 1087 Offizier mehr,-ich bin ja auch deiner niemals
3219 1053 4972 1247 wert gewesen,-du kommet zu sp채t. Geh!
3233 1213 5308 1401 (In diesem Augenblick kommt Albrecht wieder)
3216 1426 5345 1580 Albrecht: Ich bin zum F체hrer deiner Kompagnie
3233 1605 3670 1714 bestimmt.
3205 1692 5409 1852 Max: Kommt es dir darauf an meinen Gl체ckwunsch
3221 1899 3880 2034 zu empfangen?
3227 1975 5373 2202 Albrecht: Versteh mich gut. Es ist Kriegszeit.
3227 2171 5353 2336 Soldaten werden 체berall gern angenommen. Auch
3227 2364 5339 2476 Leuten, die Schlimmeres begangen haben, als du,
3227 2521 5269 2633 wehrt man nicht den Eintritt in die Armee.
3210 2667 5381 2773 Max: Nach Possen steht meine Laune nicht. Oder
3221 2815 5384 2955 denkst du, dass ich bei einem fremden Regiment,
3238 3006 5205 3101 unter falschem Namen - - Wir waren einmal
3221 3121 4059 3255 Freunde, Albrecht.
3238 3233 5490 3418 Albrecht: Nicht unter falschem Namen - bei kei-
3227 3381 5398 3586 nem fremden Regiment - ich nehme dich in meine
3216 3588 5401 3784 Kompagnie, ich der Leutnant Albrecht von Holz-
