6008 4184
5356 396 5558 629 353
3482 593 5722 816 (Von einem Soldaten geleitet tritt die Ordonnanz
3455 804 5436 926 auf. Adjutant des Generals, xxx ein Major.)
3449 926 5749 1099 Adjutant; (stellt sich vor) Major Wilhelm, Adjutants
3452 1090 5290 1266 Seiner Exzellenz des Generals Baudisch.
3470 1221 4832 1442 berst: (reicht ihm die Hand)
3443 1430 5740 1600 Major Wilhelm:/gibt ihm eine verschlossene Ordre)
3458 1540 4814 1728 Vom Generalstab,Herr Oberst,
3429 1725 5823 1909 Oberst: (fliegt den Befehl rasch durch) Ihren Degen,
3440 1859 4084 2055 Herr Major
3440 2026 4870 2222 Major Wilhelm: (versteht néht)
3443 2180 4549 2383 Oberst: Ihren Degen!
3429 2359 5514 2535 Major Wilhelm: Warum, Herr Oberst? Welch ein
3437 2490 4218 2651 Missverständnis.
3429 2654 4992 2836 Oberst: Leider nicht,Herr Major.
3426 2821 5770 2955 Major: Ich komme vom Generalstab, Seiner Exzellenz -
3434 2964 5171 3149 ich habe den Befehl sofort wieder...
3426 3098 5710 3303 Oberst: In diesem Augenblick befehle nur ich, Herr
3420 3283 5645 3405 Major. Wir stehen fünfhundert Schritte weit vom
3426 3432 5529 3574 Feind,-dreihundert. Sie werden hier im Hause,
3414 3563 5692 3795 Herr Major, meine weiteren Befehle abwarten. (zum
