5992 4200
5203 491 5369 623 354
3311 603 5372 854 Rittmeister) Sie, Herr Rittmeisier,haften für
3319 835 5006 995 den Herrn Major und für sich selbst,
3311 928 5341 1182 Major Wilhem; (versucht noch einmal) Es kann
3325 1145 4963 1337 nur ein Irrtum sein. Diese Ordre...
3311 1289 5417 1492 Oberst: Es ist meine Sache sie zu verstehen.
3336 1458 4450 1636 Ich bitte,meine Herren.
3330 1599 4317 1731 Albrecht; (tritt auf).
3342 1706 5555 1878 (Major Wilhelm) und der Rittmeister in das Haus,
3390 1940 5589 2050 die andern Offiziere nach rückwärts, zwei
3415 2064 5677 2177 oldaten ausserdem ins Haus. Albrecht bleibt ein
3404 2231 5178 2453 paar Schritte vor dem Oberst stehen).
3395 2397 4520 2504 Oberst: Herr Leutnant...
3390 2490 5488 2735 Albrecht: Ich habe eine Meldung zu erstatten.
3390 2710 4069 2890 Oberst: Bitte.
3384 2797 5499 3032 Albrecht: Keine dienstliche,Herr Oberst. Eine
3384 3000 4819 3147 Meldung völlig privater Natur.
3409 3147 5660 3266 Oberst: (gibt den zwei Offizieren, die noch in sei-
3401 3305 5547 3446 ner Nähe sind, ein Zeichen, die gleichfalls ver-
3415 3480 4633 3596 schwinden) Herr Leutnant —
3387 3559 5603 3818 Albrecht: Es ist heute Nacht dort unten auf der
