<?xml version="1.0" encoding="UTF-8" standalone="yes"?>
<PcGts xmlns="http://schema.primaresearch.org/PAGE/gts/pagecontent/2013-07-15" xmlns:xsi="http://www.w3.org/2001/XMLSchema-instance" xsi:schemaLocation="http://schema.primaresearch.org/PAGE/gts/pagecontent/2013-07-15 http://schema.primaresearch.org/PAGE/gts/pagecontent/2013-07-15/pagecontent.xsd">
    <Metadata>
        <Creator>prov=READ-COOP:name=TrHtr:version=2.1.0:model_id=51170:date=27_07_2023_23:29</Creator>
        <Created>2023-05-10T11:11:34.479+02:00</Created>
        <LastChange>2023-07-27T23:29:12.263+02:00</LastChange>
        <TranskribusMetadata docId="1428127" pageId="55383684" pageNr="22" tsid="131308635" status="IN_PROGRESS" userId="64420" imgUrl="https://files.transkribus.eu/Get?id=YGJLCOMZRZQZHWHLJNQIAGJA&amp;fileType=view" xmlUrl="https://files.transkribus.eu/Get?id=GTEQMBZBAHQOIHDWJDRQNKZX" imageId="44658710"/>
    </Metadata>
    <Page imageFilename="1428127_0022.jpg" imageWidth="4760" imageHeight="4120">
        <ReadingOrder>
            <OrderedGroup id="ro_1711825361238" caption="Regions reading order">
                <RegionRefIndexed index="0" regionRef="tr_2"/>
                <RegionRefIndexed index="1" regionRef="tr_1"/>
            </OrderedGroup>
        </ReadingOrder>
        <TextRegion id="tr_2" custom="readingOrder {index:0;}">
            <Coords points="2080,588 4436,588 4436,1771 2080,1771"/>
            <TextLine id="tr_2_tl_1" custom="readingOrder {index:0;}">
                <Coords points="4187,698 4216,695 4251,716 4287,698 4313,716 4328,701 4360,716 4358,483 4322,474 4296,495 4240,489 4225,501 4201,483 4184,483"/>
                <Baseline points="4200,638 4245,638 4290,638 4334,638 4361,641"/>
                <TextEquiv>
                    <Unicode>343</Unicode>
                </TextEquiv>
            </TextLine>
            <TextLine id="tr_2_tl_2" custom="readingOrder {index:1;}">
                <Coords points="2095,810 2510,801 2619,857 2799,801 3132,807 3129,642 3094,625 2934,710 2772,613 2543,616 2401,669 2322,610 2092,636"/>
                <Baseline points="2110,752 2155,749 2200,752 2245,755 2289,758 2334,758 2379,758 2424,761 2469,761 2513,764 2558,764 2603,758 2648,755 2692,755 2737,758 2782,758 2827,758 2872,758 2916,761 2961,764 3006,770 3051,770 3095,767 3140,776"/>
                <TextEquiv>
                    <Unicode>(Signal) (in Saint)</Unicode>
                </TextEquiv>
            </TextLine>
            <TextLine id="tr_2_tl_3" custom="readingOrder {index:2;}">
                <Coords points="2089,949 3724,1025 4204,955 4201,851 3845,807 3353,866 2086,810"/>
                <Baseline points="2104,898 2149,901 2194,904 2239,907 2283,907 2328,907 2373,907 2418,910 2463,913 2507,913 2552,913 2597,913 2642,916 2686,916 2731,916 2776,916 2821,916 2866,919 2910,922 2955,928 3000,928 3045,931 3090,931 3134,931 3179,931 3224,931 3269,931 3313,931 3358,934 3403,934 3448,934 3493,937 3537,934 3582,940 3627,937 3672,937 3716,940 3761,943 3806,943 3851,943 3896,940 3940,943 3985,943 4030,949 4075,946 4120,946 4164,946 4209,949 4212,949"/>
                <TextEquiv>
                    <Unicode>Albrecht: (erhebt sich plötzlich) Nun, lass es</Unicode>
                </TextEquiv>
            </TextLine>
            <TextLine id="tr_2_tl_4" custom="readingOrder {index:3;}">
                <Coords points="4307,1049 4343,1034 4378,1037 4419,1031 4411,902 4384,907 4372,899 4340,919 4296,919"/>
                <Baseline points="4320,1015 4364,1018 4409,1021 4424,1024"/>
                <TextEquiv>
                    <Unicode>be</Unicode>
                </TextEquiv>
            </TextLine>
            <TextLine id="tr_2_tl_5" custom="readingOrder {index:4;}">
                <Coords points="2083,1096 4251,1128 4248,1022 4048,993 2080,996"/>
                <Baseline points="2098,1068 2143,1068 2188,1068 2233,1065 2277,1068 2322,1068 2367,1071 2412,1071 2457,1071 2501,1074 2546,1074 2591,1077 2636,1077 2680,1077 2725,1077 2770,1077 2815,1077 2860,1077 2904,1080 2949,1080 2994,1083 3039,1083 3084,1086 3128,1089 3173,1086 3218,1086 3263,1089 3307,1089 3352,1092 3397,1092 3442,1092 3487,1092 3531,1092 3576,1095 3621,1098 3666,1098 3710,1101 3755,1101 3800,1101 3845,1101 3890,1101 3934,1104 3979,1104 4024,1104 4069,1107 4114,1107 4158,1107 4203,1113 4248,1119 4257,1116"/>
                <TextEquiv>
                    <Unicode>genug sein, Katharina. Umarme mich noch einmal</Unicode>
                </TextEquiv>
            </TextLine>
            <TextLine id="tr_2_tl_6" custom="readingOrder {index:5;}">
                <Coords points="2080,1252 4231,1320 4228,1170 3969,1131 3842,1187 2784,1181 2439,1108 2077,1155"/>
                <Baseline points="2095,1224 2140,1221 2185,1224 2230,1224 2274,1227 2319,1227 2364,1227 2409,1227 2454,1230 2498,1230 2543,1236 2588,1233 2633,1233 2678,1236 2722,1236 2767,1236 2812,1236 2857,1238 2901,1238 2946,1241 2991,1244 3036,1241 3081,1244 3125,1244 3170,1247 3215,1247 3260,1250 3304,1250 3349,1253 3394,1253 3439,1250 3484,1250 3528,1250 3573,1250 3618,1253 3663,1256 3708,1256 3752,1256 3797,1259 3842,1259 3887,1256 3931,1262 3976,1262 4021,1262 4066,1265 4111,1265 4155,1265 4200,1265 4236,1268"/>
                <TextEquiv>
                    <Unicode>dann setz dich auf dein Wägelchen und fahr zu!</Unicode>
                </TextEquiv>
            </TextLine>
            <TextLine id="tr_2_tl_7" custom="readingOrder {index:6;}">
                <Coords points="2065,1438 4428,1473 4405,1311 2062,1308"/>
                <Baseline points="2080,1379 2125,1379 2170,1382 2215,1382 2260,1385 2304,1385 2349,1388 2394,1388 2439,1388 2483,1391 2528,1394 2573,1394 2618,1394 2663,1394 2707,1394 2752,1400 2797,1397 2842,1400 2886,1400 2931,1403 2976,1406 3021,1406 3066,1406 3110,1406 3155,1409 3200,1412 3245,1412 3290,1412 3334,1412 3379,1412 3424,1412 3469,1415 3513,1418 3558,1415 3603,1418 3648,1418 3693,1418 3737,1421 3782,1424 3827,1424 3872,1424 3916,1424 3961,1424 4006,1424 4051,1427 4096,1430 4140,1430 4185,1433 4230,1433 4275,1433 4320,1433 4364,1433 4409,1436 4436,1439"/>
                <TextEquiv>
                    <Unicode>Noch sind die Strassen sicher nach der Hauptstadt</Unicode>
                </TextEquiv>
            </TextLine>
            <TextLine id="tr_2_tl_8" custom="readingOrder {index:7;}">
                <Coords points="3329,1511 3344,1511 3353,1503 3359,1508 3376,1497 3388,1500 3391,1497 3415,1497 3415,1438 3397,1438 3373,1420 3368,1423 3365,1420 3362,1423 3359,1420 3329,1423"/>
                <Baseline points="3346,1498 3391,1495 3421,1498"/>
                <TextEquiv>
                    <Unicode>be</Unicode>
                </TextEquiv>
            </TextLine>
            <TextLine id="tr_2_tl_9" custom="readingOrder {index:8;}">
                <Coords points="2083,1576 4405,1620 4402,1520 3880,1438 3521,1532 2973,1429 2080,1438"/>
                <Baseline points="2098,1531 2143,1534 2188,1534 2233,1537 2277,1537 2322,1540 2367,1540 2412,1543 2457,1543 2501,1543 2546,1546 2591,1549 2636,1549 2680,1549 2725,1552 2770,1552 2815,1552 2860,1555 2904,1555 2949,1558 2994,1558 3039,1558 3084,1558 3128,1558 3173,1561 3218,1564 3263,1564 3307,1567 3352,1567 3397,1567 3442,1567 3487,1570 3531,1573 3576,1573 3621,1573 3666,1576 3710,1576 3755,1579 3800,1579 3845,1579 3890,1579 3934,1582 3979,1582 4024,1585 4069,1585 4114,1588 4158,1588 4203,1588 4248,1591 4293,1585 4337,1588 4382,1588 4409,1594"/>
                <TextEquiv>
                    <Unicode>In drei Tagen kannst du daheim sein. Und grüss mir</Unicode>
                </TextEquiv>
            </TextLine>
            <TextLine id="tr_2_tl_10" custom="readingOrder {index:9;}">
                <Coords points="2062,1759 4319,1774 4316,1673 3901,1609 2059,1629"/>
                <Baseline points="2080,1689 2125,1695 2170,1695 2215,1698 2260,1698 2304,1701 2349,1701 2394,1701 2439,1704 2483,1707 2528,1707 2573,1710 2618,1713 2663,1713 2707,1716 2752,1716 2797,1719 2842,1719 2886,1719 2931,1719 2976,1719 3021,1722 3066,1722 3110,1725 3155,1725 3200,1728 3245,1731 3290,1734 3334,1734 3379,1734 3424,1734 3469,1737 3513,1734 3558,1737 3603,1737 3648,1737 3693,1740 3737,1740 3782,1740 3827,1740 3872,1746 3916,1749 3961,1749 4006,1749 4051,1752 4096,1755 4140,1755 4185,1755 4230,1755 4275,1755 4320,1761 4328,1761"/>
                <TextEquiv>
                    <Unicode>deine Base Marie und alle, die weiter leben. Mach</Unicode>
                </TextEquiv>
            </TextLine>
        </TextRegion>
        <TextRegion id="tr_1" custom="readingOrder {index:1;}">
            <Coords points="2015,1806 4331,1806 4331,3709 2015,3709"/>
            <TextLine id="tr_1_tl_1" custom="readingOrder {index:0;}">
                <Coords points="2059,1891 2104,1880 2198,1915 2322,1868 2372,1889 2445,1874 2516,1903 2554,1891 2604,1915 2602,1794 2557,1768 2463,1803 2381,1765 2239,1780 2139,1744 2054,1771"/>
                <Baseline points="2074,1856 2119,1856 2164,1859 2209,1859 2254,1859 2298,1862 2343,1862 2388,1865 2433,1868 2477,1871 2522,1874 2567,1877 2612,1880"/>
                <TextEquiv>
                    <Unicode>dich fertig</Unicode>
                </TextEquiv>
            </TextLine>
            <TextLine id="tr_1_tl_2" custom="readingOrder {index:1;}">
                <Coords points="2045,2074 4016,2071 4013,1950 3789,1927 3553,1980 2602,1883 2457,1962 2042,1930"/>
                <Baseline points="2057,2003 2101,2006 2146,2009 2191,2009 2236,2012 2280,2015 2325,2015 2370,2018 2415,2021 2460,2021 2504,2021 2549,2024 2594,2027 2639,2024 2683,2024 2728,2027 2773,2027 2818,2027 2863,2030 2907,2033 2952,2033 2997,2036 3042,2036 3087,2039 3131,2039 3176,2045 3221,2045 3266,2045 3310,2045 3355,2048 3400,2048 3445,2051 3490,2051 3534,2051 3579,2051 3624,2054 3669,2057 3713,2057 3758,2057 3803,2057 3848,2060 3893,2060 3937,2060 3982,2060 4024,2062"/>
                <TextEquiv>
                    <Unicode>Katharina: (schütteltden Kopf) Ich bleibe!</Unicode>
                </TextEquiv>
            </TextLine>
            <TextLine id="tr_1_tl_3" custom="readingOrder {index:2;}">
                <Coords points="2045,2224 2607,2248 2914,2192 3035,2260 3188,2204 3497,2245 3603,2210 3600,2112 2039,2077"/>
                <Baseline points="2057,2158 2101,2158 2146,2164 2191,2167 2236,2167 2280,2170 2325,2170 2370,2170 2415,2170 2460,2170 2504,2173 2549,2173 2594,2176 2639,2179 2683,2185 2728,2179 2773,2182 2818,2182 2863,2185 2907,2185 2952,2188 2997,2188 3042,2191 3087,2191 3131,2191 3176,2194 3221,2194 3266,2197 3310,2200 3355,2200 3400,2203 3445,2203 3490,2203 3534,2203 3579,2203 3609,2209"/>
                <TextEquiv>
                    <Unicode>Albrecht: Was fällt dir denn ein?</Unicode>
                </TextEquiv>
            </TextLine>
            <TextLine id="tr_1_tl_4" custom="readingOrder {index:3;}">
                <Coords points="2030,2342 4319,2416 4316,2277 4039,2216 3550,2286 2027,2221"/>
                <Baseline points="2045,2316 2089,2316 2134,2316 2179,2319 2224,2319 2268,2322 2313,2325 2358,2325 2403,2328 2448,2328 2492,2331 2537,2334 2582,2334 2627,2337 2672,2334 2716,2337 2761,2337 2806,2337 2851,2337 2895,2340 2940,2340 2985,2340 3030,2340 3075,2343 3119,2349 3164,2349 3209,2349 3254,2352 3298,2355 3343,2358 3388,2358 3433,2361 3478,2361 3522,2361 3567,2364 3612,2364 3657,2364 3702,2364 3746,2364 3791,2367 3836,2370 3881,2370 3925,2370 3970,2373 4015,2376 4060,2376 4105,2379 4149,2379 4194,2382 4239,2379 4284,2379 4326,2379"/>
                <TextEquiv>
                    <Unicode>Katharina: Ich bleibe so lang bis ich dich davon-</Unicode>
                </TextEquiv>
            </TextLine>
            <TextLine id="tr_1_tl_5" custom="readingOrder {index:4;}">
                <Coords points="2737,2416 2769,2422 2787,2437 2802,2425 2814,2437 2823,2434 2837,2419 2858,2422 2873,2434 2896,2425 2917,2428 2917,2375 2887,2372 2881,2378 2864,2366 2834,2384 2820,2378 2790,2384 2767,2369 2755,2378 2737,2378"/>
                <Baseline points="2752,2409 2797,2412 2842,2409 2886,2409 2925,2412"/>
                <TextEquiv>
                    <Unicode>ever</Unicode>
                </TextEquiv>
            </TextLine>
            <TextLine id="tr_1_tl_6" custom="readingOrder {index:5;}">
                <Coords points="2039,2537 4278,2563 4275,2481 4128,2428 3730,2392 3621,2451 2036,2413"/>
                <Baseline points="2054,2474 2098,2474 2143,2474 2188,2477 2233,2477 2277,2477 2322,2483 2367,2483 2412,2486 2457,2486 2501,2486 2546,2486 2591,2492 2636,2498 2680,2495 2725,2492 2770,2495 2815,2498 2860,2498 2904,2501 2949,2501 2994,2501 3039,2504 3084,2504 3128,2507 3173,2510 3218,2510 3263,2510 3307,2510 3352,2510 3397,2513 3442,2513 3487,2516 3531,2519 3576,2519 3621,2519 3666,2522 3710,2525 3755,2525 3800,2525 3845,2525 3890,2528 3934,2531 3979,2531 4024,2534 4069,2537 4114,2540 4158,2537 4203,2537 4248,2540 4281,2540"/>
                <TextEquiv>
                    <Unicode>reiten sehe. Ich könnt ich doch mit Euch ins Ge-</Unicode>
                </TextEquiv>
            </TextLine>
            <TextLine id="tr_1_tl_7" custom="readingOrder {index:6;}">
                <Coords points="2419,2687 2531,2666 2660,2731 2799,2699 2926,2731 3088,2658 3350,2719 3474,2652 3630,2675 3624,2551 3527,2531 3267,2528 3082,2584 2867,2522 2637,2560 2569,2513 2410,2510"/>
                <Baseline points="2433,2621 2477,2609 2522,2600 2567,2591 2612,2591 2657,2594 2701,2597 2746,2603 2791,2606 2836,2609 2881,2612 2925,2615 2970,2618 3015,2621 3060,2627 3104,2633 3149,2633 3194,2636 3239,2633 3284,2633 3328,2633 3373,2630 3418,2633 3463,2633 3507,2636 3552,2636 3597,2642 3633,2645"/>
                <TextEquiv>
                    <Unicode>– hen, - if she &amp; done de Salle</Unicode>
                </TextEquiv>
            </TextLine>
            <TextLine id="tr_1_tl_8" custom="readingOrder {index:7;}">
                <Coords points="2039,2705 2124,2669 2177,2711 2257,2672 2375,2696 2372,2519 2298,2546 2230,2534 2180,2572 2104,2537 2074,2551 2036,2543"/>
                <Baseline points="2054,2627 2098,2627 2143,2627 2188,2630 2233,2630 2277,2633 2322,2633 2367,2633 2382,2633"/>
                <TextEquiv>
                    <Unicode>tümmel!</Unicode>
                </TextEquiv>
            </TextLine>
            <TextLine id="tr_1_tl_9" custom="readingOrder {index:8;}">
                <Coords points="3860,2649 3977,2658 4033,2681 4057,2672 4107,2693 4175,2666 4266,2669 4257,2563 4148,2575 4125,2596 4107,2584 4066,2619 4016,2607 3916,2540 3854,2578"/>
                <Baseline points="3872,2633 3916,2633 3961,2636 4006,2645 4051,2648 4096,2651 4140,2654 4185,2657 4230,2657 4275,2660"/>
                <TextEquiv>
                    <Unicode>the</Unicode>
                </TextEquiv>
            </TextLine>
            <TextLine id="tr_1_tl_10" custom="readingOrder {index:9;}">
                <Coords points="3397,2713 3432,2731 3536,2719 3677,2740 3721,2722 3877,2793 3969,2737 3966,2663 3910,2669 3883,2649 3830,2669 3656,2658 3624,2681 3583,2655 3527,2681 3477,2649 3394,2678"/>
                <Baseline points="3412,2713 3457,2713 3502,2716 3546,2722 3591,2725 3636,2722 3681,2722 3725,2725 3770,2728 3815,2731 3860,2731 3905,2728 3949,2728 3973,2734"/>
                <TextEquiv>
                    <Unicode>de - de tfl.</Unicode>
                </TextEquiv>
            </TextLine>
            <TextLine id="tr_1_tl_11" custom="readingOrder {index:10;}">
                <Coords points="2024,2799 3786,2890 3780,2746 2021,2690"/>
                <Baseline points="2039,2782 2083,2782 2128,2785 2173,2785 2218,2788 2263,2791 2307,2794 2352,2794 2397,2797 2442,2797 2486,2797 2531,2800 2576,2797 2621,2803 2666,2800 2710,2803 2755,2806 2800,2806 2845,2809 2889,2809 2934,2809 2979,2812 3024,2815 3069,2818 3113,2818 3158,2821 3203,2821 3248,2821 3293,2821 3337,2821 3382,2824 3427,2827 3472,2827 3516,2830 3561,2833 3606,2836 3651,2836 3696,2839 3740,2836 3785,2842 3791,2842"/>
                <TextEquiv>
                    <Unicode>Albrecht: Du bist immer noch im Traum.</Unicode>
                </TextEquiv>
            </TextLine>
            <TextLine id="tr_1_tl_12" custom="readingOrder {index:11;}">
                <Coords points="2003,2999 2498,3038 2775,2961 3480,3026 3568,3008 3568,2929 2923,2911 2613,2843 2001,2864"/>
                <Baseline points="2018,2934 2062,2934 2107,2937 2152,2940 2197,2943 2242,2946 2286,2946 2331,2946 2376,2946 2421,2949 2466,2952 2510,2952 2555,2955 2600,2955 2645,2955 2689,2958 2734,2958 2779,2961 2824,2961 2869,2964 2913,2967 2958,2967 3003,2970 3048,2970 3092,2970 3137,2970 3182,2970 3227,2973 3272,2973 3316,2976 3361,2976 3406,2979 3451,2982 3496,2985 3540,2988 3576,2994"/>
                <TextEquiv>
                    <Unicode>Katharina: Dort kommt der Oberst.</Unicode>
                </TextEquiv>
            </TextLine>
            <TextLine id="tr_1_tl_13" custom="readingOrder {index:12;}">
                <Coords points="2009,3126 4328,3273 4322,3088 3821,3017 2006,3029"/>
                <Baseline points="2027,3090 2071,3092 2116,3095 2161,3095 2206,3098 2251,3101 2295,3101 2340,3107 2385,3107 2430,3110 2474,3110 2519,3110 2564,3110 2609,3116 2654,3119 2698,3119 2743,3119 2788,3119 2833,3119 2878,3122 2922,3122 2967,3122 3012,3122 3057,3125 3101,3128 3146,3131 3191,3131 3236,3131 3281,3131 3325,3134 3370,3137 3415,3137 3460,3143 3504,3149 3549,3149 3594,3149 3639,3152 3684,3152 3728,3152 3773,3152 3818,3155 3863,3155 3908,3155 3952,3158 3997,3161 4042,3161 4087,3164 4131,3164 4176,3167 4221,3170 4266,3170 4311,3173 4331,3173"/>
                <TextEquiv>
                    <Unicode>Albrecht: So geh in dein Zimmer, pack deine Sachen</Unicode>
                </TextEquiv>
            </TextLine>
            <TextLine id="tr_1_tl_14" custom="readingOrder {index:13;}">
                <Coords points="2018,3315 4154,3356 4151,3244 3798,3188 2015,3197"/>
                <Baseline points="2033,3251 2077,3251 2122,3248 2167,3251 2212,3254 2257,3254 2301,3254 2346,3257 2391,3260 2436,3263 2480,3263 2525,3266 2570,3266 2615,3266 2660,3269 2704,3266 2749,3269 2794,3269 2839,3272 2884,3272 2928,3275 2973,3275 3018,3278 3063,3281 3107,3281 3152,3284 3197,3284 3242,3284 3287,3287 3331,3290 3376,3293 3421,3293 3466,3298 3510,3298 3555,3298 3600,3298 3645,3298 3690,3301 3734,3301 3779,3301 3824,3307 3869,3310 3914,3310 3958,3313 4003,3313 4048,3319 4093,3319 4137,3319 4161,3325"/>
                <TextEquiv>
                    <Unicode>zusammen, in einer Stunde musst du fort sein!</Unicode>
                </TextEquiv>
            </TextLine>
            <TextLine id="tr_1_tl_15" custom="readingOrder {index:14;}">
                <Coords points="2001,3488 2434,3459 2613,3521 2666,3485 2764,3518 3129,3491 3123,3359 2881,3365 2578,3288 2177,3350 1995,3312"/>
                <Baseline points="2015,3415 2060,3415 2104,3418 2149,3418 2194,3418 2239,3421 2283,3421 2328,3424 2373,3421 2418,3424 2463,3427 2507,3430 2552,3430 2597,3433 2642,3436 2686,3439 2731,3436 2776,3439 2821,3442 2866,3445 2910,3445 2955,3448 3000,3451 3045,3454 3090,3454 3134,3460 3137,3457"/>
                <TextEquiv>
                    <Unicode>Katharina: (ins Wirtshaus).</Unicode>
                </TextEquiv>
            </TextLine>
            <TextLine id="tr_1_tl_16" custom="readingOrder {index:15;}">
                <Coords points="3421,3524 3471,3544 3527,3494 3712,3497 3804,3438 4098,3497 4122,3488 4119,3376 3954,3356 3877,3382 3533,3338 3480,3371 3412,3359"/>
                <Baseline points="3430,3427 3475,3424 3519,3427 3564,3430 3609,3433 3654,3436 3699,3439 3743,3436 3788,3439 3833,3439 3878,3442 3922,3448 3967,3445 4012,3448 4057,3451 4102,3454 4128,3457"/>
                <TextEquiv>
                    <Unicode>Iuf selb auf der</Unicode>
                </TextEquiv>
            </TextLine>
            <TextLine id="tr_1_tl_17" custom="readingOrder {index:16;}">
                <Coords points="3706,3600 3801,3571 3865,3574 3933,3615 3969,3600 4045,3639 4134,3594 4125,3485 4078,3500 3919,3482 3877,3503 3801,3477 3780,3491 3762,3474 3698,3482"/>
                <Baseline points="3719,3549 3764,3555 3809,3558 3854,3561 3899,3567 3943,3570 3988,3576 4033,3579 4078,3579 4122,3582 4137,3579"/>
                <TextEquiv>
                    <Unicode>all in the</Unicode>
                </TextEquiv>
            </TextLine>
            <TextLine id="tr_1_tl_18" custom="readingOrder {index:17;}">
                <Coords points="2160,3647 2204,3653 2227,3636 2286,3665 2301,3653 2322,3665 2357,3633 2372,3645 2410,3627 2466,3636 2463,3468 2431,3459 2398,3485 2348,3468 2330,3485 2272,3480 2239,3497 2213,3477 2157,3477"/>
                <Baseline points="2176,3564 2221,3564 2266,3567 2310,3567 2355,3570 2400,3570 2445,3570 2469,3564"/>
                <TextEquiv>
                    <Unicode>brecht.</Unicode>
                </TextEquiv>
            </TextLine>
            <TextLine id="tr_1_tl_19" custom="readingOrder {index:18;}">
                <Coords points="2560,3606 2628,3615 2646,3594 2734,3630 2784,3600 2828,3600 2914,3636 2905,3506 2834,3512 2817,3500 2764,3515 2678,3488 2649,3503 2631,3491 2554,3500"/>
                <Baseline points="2576,3573 2621,3576 2666,3579 2710,3585 2755,3585 2800,3585 2845,3591 2889,3594 2916,3597"/>
                <TextEquiv>
                    <Unicode>Oberst.</Unicode>
                </TextEquiv>
            </TextLine>
            <TextLine id="tr_1_tl_20" custom="readingOrder {index:19;}">
                <Coords points="3208,3689 3421,3706 3456,3677 3533,3698 3591,3680 3639,3709 3656,3689 3839,3703 3821,3568 3721,3600 3597,3541 3512,3591 3471,3571 3373,3586 3194,3538"/>
                <Baseline points="3218,3633 3263,3639 3307,3642 3352,3648 3397,3651 3442,3657 3487,3660 3531,3666 3576,3675 3621,3678 3666,3687 3710,3693 3755,3696 3800,3699 3842,3696"/>
                <TextEquiv>
                    <Unicode>so t-f-w des r.</Unicode>
                </TextEquiv>
            </TextLine>
        </TextRegion>
    </Page>
</PcGts>
