4728 4168
4179 411 4354 588 355
2155 437 4264 833 zu machen. Aber in meinem Regiment werden Sie
2141 714 3987 917 nicht sterben, (an meiner Seite nicht.)
2141 894 4386 1098 Max: Herr Oberst - war es noch nicht Sühne genug?
2161 1037 4497 1261 Soll ich nicht einmal sterben dürfen wie ein Mann
2164 1162 4229 1418 Oberst: Daran wird Sie niemand hindern. Aber
2167 1343 4354 1567 muss es denn durchaus im Feld sein und an mei-
2875 1497 3026 1596 it
2155 1514 4348 1707 ner Seite?- Mit dieser Schlacht wird der Krieg
2164 1695 4331 1879 nicht zu Ende sein und die Welt nicht mit die-
2796 1812 3935 2030 du furent. Aussi en Neffe
2173 1858 3562 2042 sen Krieg. - Hu ist St oft -9
2158 2001 3676 2219 (Rittmeister kommt aus dem Hause)
2193 2126 4389 2347 Oberst: Der Leutnant Max.... übernimmt an Ihrer
2225 2286 4308 2516 telle die Wache beim Major Wilhelm. Sie, Herr
2193 2464 4456 2650 hittmeister, kommen mit mir. Leben Sie wohl, Max.
2543 2586 3119 2674 de cette viele
2219 2621 3708 2816 (Oberst mit dem Rittmeister ab).
