6024 4088
5319 414 5520 601 331
3455 646 5598 864 Holzwarth. Der Herr Oberst bfehlen den Herrn
3485 841 4623 1023 Leutnant sofort zu sich.
3474 992 4438 1166 Albrecht: Ich komme!
3477 1132 4176 1342 Ordonnanz: (ab)
3480 1333 5727 1476 Albrecht: Du wartest, Max, um unserer Freundschaft
3480 1445 5534 1638 willen. Und wenn es meine letzte Bitte wäre.
4788 1579 4997 1699 n'est
3480 1610 5615 1794 Wie immer sein Befehl lautet. In zwei Minuten
3480 1752 5503 1937 bin ich wieder zurück. Und so lange wartest
3466 1912 4153 2113 du. (er geht).
3449 2208 3980 2353 Marie-Max.
3480 2384 5593 2543 Marie: Siehst du, wie ich zurecht kam. (Nicht
3469 2518 5422 2722 einmal zu spät. Du musst, du darfst und du
3480 2686 4274 2868 kannst leben.
2907 2750 3348 2977 Ht. Lott.
3469 2879 5640 3021 Max: Nur dass ich entschlossen bin im nächsten
2957 2926 3228 3077 such
3474 2988 5562 3186 Augenblick zu sterben macht, dass ich noch zu
2938 3041 3161 3156 4:-
2831 3130 3086 3343 Mr.
3469 3158 4165 3326 leben scheine.
3463 3262 5593 3452 Marie: Das sind ja nur Worte. Ich halte deine
3471 3446 5428 3631 Hand,dein Puls schlägt, dein Auge leuchtet
