5753 4152
349 43 785 156 G.C.F.P.
4695 539 4907 695 355
3070 584 4150 836 Wiese übel zugegangen.
3093 833 5282 1018 Oberst: Warum übel? Diese Nacht war meinen Leu-
3087 978 4009 1154 ten wohl zu gönnen.
3084 1143 5313 1298 Albrecht: Es sind Frauenzimmer aus der Stadt ge-
3082 1284 4647 1497 kommen - aus schlechten Häusern.
3065 1446 4173 1636 Oberst: Warum schlecht?
3062 1579 5259 1778 Albrecht: Frauenzimmer aller Art und nicht aus
3067 1752 4615 1911 der Stadt allein, auch von weiter.
3053 1894 5333 2084 Oberst: Was haben Sie mir zu melden,Herr Leutnant
3048 2070 5256 2231 Albrecht: Manche haben die Freuden dieser Nacht
3039 2208 5256 2401 schlimm gebüsst. Zwei oder drei sind tot, glaube
3050 2359 4831 2549 ich.-vielleicht am Uebermass der Lust.
3048 2552 5301 2730 Oberst: Bald werden Männer sterben - einen schwe-
3042 2682 5117 2900 reren Tod vielleicht. Im übrigen erwarte ich
3033 2841 4309 3039 Ihre Meldung, Herr Leutnant.
3016 3008 5177 3221 Albrecht: Ich habe Ihnen etwas zu überbringen,
2997 3153 3629 3342 Herr Oberst,
3011 3300 4956 3527 Oberst: Von einer Lebenden nehme ich an?
2988 3462 5219 3700 Albrecht: Vor einer Viertelstunde hat sich noch
2988 3617 3374 3819 gelebt.
