5752 4232
5117 443 5486 616 nicht
3076 458 5170 709 Tisch wirft, wenn es ihm behagt.So wie jetzt d
4990 635 5170 700 que
3063 638 5343 870 Gehorchen - meinethalben, das ist unser Beruf,das
3060 793 5458 1031 ist unser Schwur, aber uns zu Marionetten machen Der
3063 939 5374 1186 Oberst kann seinen Leutnant davonjagen, damit aber
3057 1127 5365 1320 endet seine Macht. Du bist in diesem Augenblick
3067 1316 5427 1493 ein freier Mensch. Fühl es doch. Sagen Sie es ihm
3063 1437 5439 1629 doch, Marie. Du kannst mit deinem Dasein anfangen,
3054 1598 5272 1803 was du willst. Wir Andern haben nichts anderes
3045 1800 5359 2029 mehr zu tun als zu sterben. Du darfst leben, Max.
3036 1911 4169 2125 Marie: Du darfst leben.
4457 1939 4965 2202 de Sainte
3036 2072 4371 2301 Max: Aber ich kann es nicht.
3001 2267 4055 2425 Eine Ordonnanz kommt.
3026 2453 3534 2586 Θκίσκκκακκι
3029 2552 4169 2695 Albrecht: Was willst du?
3020 2670 4801 2837 Ordonnanz: Befehl vom Herrn Obersten.
2983 2803 3698 3026 Max: An mich?
3014 2909 5002 3163 Ordonnanz: An den Herrn Kadetten Holzwart.
2995 3104 4228 3317 Albrecht: Was für Befehl?
2983 3203 5411 3444 Ordonnanz: Der Herr Oberst befiehlt den Herrn Leut-
4485 3423 5009 3602 Auszulässen
3005 3417 4445 3612 nant sofort zu sich.
2983 3531 5470 3782 Albrecht:/ Du wartest, bis ich wiederkomme um unserer
1589 3813 1778 3943 J.
2912 3822 3810 4045 nicht Ihnen. Gen.
