5879 4168
653 14 1055 161 de la riviere et de ses
2677 342 3062 526 1.10.31.
5046 532 5235 733 352
3203 750 5416 978 Für diese Stunde hab ich das alles getan. Komm!
3203 940 4149 1098 In deinem Arm, Max...
3220 1061 5497 1259 (Max und Marie gegen den Wald zu. Indessen immer
3197 1262 5330 1412 wieder Signale ferner und näher. Man sieht im
3191 1392 5373 1567 Hintergrund, dass sich Kompagnien ordnen. Ueber
3203 1552 5491 1742 die Wiese Soldaten.- Aus dem Wirtshaus der Oberst
3191 1708 5480 1860 mit dem Major, dem Rittmeister und noch zwei Offi-
3194 1854 3597 1981 zieren.)
3197 1998 5356 2196 Oberst: Sie wissen nun alles, meine Herren,und
4307 2116 4612 2237 but
3375 2119 3605 2217 kam
3197 2182 5408 2363 Sie verstehen die Lage. Ich weiss, es geht ein
3200 2314 5336 2510 Gerücht, dass ich ‘Siealle in den Tod schicke -
3191 2487 5359 2677 leichffertig oder aus Eigensinn, um die Schmach
3186 2654 5445 2843 zu sühnen, die unser Regiment vor dreissig Jahren
3197 2806 5284 3013 auf sich nahm. Ein Gerücht, meine Herren! Ich
3186 2981 5491 3102 kann Ihnen nicht verbieten es zu glauben und noch
3338 3065 3804 3171 N.S.C.N.
3186 3148 5382 3318 weniger nach diesem Glauben zu handeln. In die-
3191 3280 5368 3441 sem Falle würde ich mein Kommando aus der Hand
3191 3433 4060 3622 geben, im andern...
3191 3579 4971 3812 (Die Offiziere stimmen ihm lebhaft zu)
