<?xml version="1.0" encoding="UTF-8" standalone="yes"?>
<PcGts xmlns="http://schema.primaresearch.org/PAGE/gts/pagecontent/2013-07-15" xmlns:xsi="http://www.w3.org/2001/XMLSchema-instance" xsi:schemaLocation="http://schema.primaresearch.org/PAGE/gts/pagecontent/2013-07-15 http://schema.primaresearch.org/PAGE/gts/pagecontent/2013-07-15/pagecontent.xsd">
    <Metadata>
        <Creator>prov=READ-COOP:name=TrHtr:version=2.1.0:model_id=51170:date=27_07_2023_23:29</Creator>
        <Created>2023-05-10T11:11:51.949+02:00</Created>
        <LastChange>2023-07-27T23:29:56.654+02:00</LastChange>
        <TranskribusMetadata docId="1428127" pageId="55384369" pageNr="136" tsid="131308764" status="IN_PROGRESS" userId="64420" imgUrl="https://files.transkribus.eu/Get?id=KFFCNUDDBJGTQWQFTKDTHRVZ&amp;fileType=view" xmlUrl="https://files.transkribus.eu/Get?id=XPKTEZWFEYNHEWRUZTRCOAPZ" imageId="44659269"/>
    </Metadata>
    <Page imageFilename="1428127_0136.jpg" imageWidth="5992" imageHeight="4232">
        <ReadingOrder>
            <OrderedGroup id="ro_1711825526079" caption="Regions reading order">
                <RegionRefIndexed index="0" regionRef="tr_1"/>
            </OrderedGroup>
        </ReadingOrder>
        <TextRegion id="tr_1" custom="readingOrder {index:0;}">
            <Coords points="3342,725 5789,725 5789,3812 3342,3812"/>
            <TextLine id="tr_1_tl_1" custom="readingOrder {index:0;}">
                <Coords points="3387,798 5496,900 5439,660 3381,636"/>
                <Baseline points="3402,775 3491,781 3581,787 3670,787 3760,787 3849,787 3939,793 4029,799 4118,805 4208,805 4297,811 4387,811 4476,811 4566,817 4655,817 4745,817 4834,823 4924,823 5013,829 5103,829 5193,829 5282,829 5372,835 5461,835 5503,835"/>
                <TextEquiv>
                    <Unicode>Hause befindet sich der Major Wilhelm. Er ist</Unicode>
                </TextEquiv>
            </TextLine>
            <TextLine id="tr_1_tl_2" custom="readingOrder {index:1;}">
                <Coords points="3399,981 5544,1044 5541,930 5442,921 3399,888"/>
                <Baseline points="3414,943 3503,943 3593,949 3682,949 3772,955 3861,955 3951,949 4040,961 4130,961 4220,966 4309,966 4399,966 4488,972 4578,972 4667,978 4757,984 4846,984 4936,984 5025,984 5115,990 5204,990 5294,996 5384,996 5473,996 5551,1002"/>
                <TextEquiv>
                    <Unicode>verhaftet. Sie werden die Wache übernehmen und</Unicode>
                </TextEquiv>
            </TextLine>
            <TextLine id="tr_1_tl_3" custom="readingOrder {index:2;}">
                <Coords points="3393,1122 4002,1134 4281,1236 5505,1176 5505,1098 5223,1038 4830,1095 3390,1050"/>
                <Baseline points="3408,1104 3497,1110 3587,1104 3676,1110 3766,1110 3855,1110 3945,1116 4035,1116 4124,1116 4214,1122 4303,1122 4393,1128 4482,1128 4572,1128 4661,1134 4751,1134 4840,1140 4930,1140 5019,1140 5109,1146 5198,1146 5288,1152 5378,1152 5467,1152 5509,1152"/>
                <TextEquiv>
                    <Unicode>ouwlemassen sobald die</Unicode>
                </TextEquiv>
            </TextLine>
            <TextLine id="tr_1_tl_4" custom="readingOrder {index:3;}">
                <Coords points="3402,1287 4641,1401 4899,1341 5196,1428 5610,1350 5610,1278 5340,1212 3399,1197"/>
                <Baseline points="3414,1259 3503,1259 3593,1265 3682,1265 3772,1271 3861,1277 3951,1271 4040,1271 4130,1277 4220,1277 4309,1277 4399,1283 4488,1283 4578,1289 4667,1289 4757,1295 4846,1295 4936,1295 5025,1301 5115,1301 5204,1307 5294,1307 5384,1313 5473,1313 5563,1313 5616,1319"/>
                <TextEquiv>
                    <Unicode>letzte Compagnie abgeritten ist, ihn frei lassen.</Unicode>
                </TextEquiv>
            </TextLine>
            <TextLine id="tr_1_tl_5" custom="readingOrder {index:4;}">
                <Coords points="3390,1512 3501,1482 3801,1527 3996,1503 4179,1551 4293,1503 4455,1545 4452,1359 3384,1350"/>
                <Baseline points="3402,1408 3491,1414 3581,1414 3670,1414 3760,1420 3849,1426 3939,1426 4029,1426 4118,1432 4208,1432 4297,1432 4387,1432 4458,1432"/>
                <TextEquiv>
                    <Unicode>Kann xässerissät</Unicode>
                </TextEquiv>
            </TextLine>
            <TextLine id="tr_1_tl_6" custom="readingOrder {index:5;}">
                <Coords points="3381,1638 3636,1680 3705,1659 3738,1689 3819,1656 3906,1683 4062,1662 4059,1515 3981,1539 3906,1503 3807,1530 3666,1488 3378,1515"/>
                <Baseline points="3396,1569 3485,1569 3575,1569 3664,1575 3754,1575 3844,1581 3933,1575 4023,1581 4070,1581"/>
                <TextEquiv>
                    <Unicode>Max: Und dann?</Unicode>
                </TextEquiv>
            </TextLine>
            <TextLine id="tr_1_tl_7" custom="readingOrder {index:6;}">
                <Coords points="3384,1812 3747,1833 3981,1734 4971,1854 5640,1785 5664,1680 3378,1659"/>
                <Baseline points="3396,1713 3485,1725 3575,1719 3664,1725 3754,1725 3844,1731 3933,1731 4023,1731 4112,1736 4202,1742 4291,1742 4381,1742 4470,1742 4560,1742 4649,1742 4739,1748 4828,1754 4918,1760 5007,1760 5097,1760 5187,1766 5276,1766 5366,1766 5455,1766 5545,1766 5634,1766 5670,1760"/>
                <TextEquiv>
                    <Unicode>Oberst: Ist Ihr Dienst zu Ende. In meinem Regi-</Unicode>
                </TextEquiv>
            </TextLine>
            <TextLine id="tr_1_tl_8" custom="readingOrder {index:7;}">
                <Coords points="3378,1926 4608,1908 4758,1998 5448,2025 5781,1950 5781,1875 3375,1809"/>
                <Baseline points="3390,1874 3479,1874 3569,1880 3658,1880 3748,1880 3838,1886 3927,1880 4017,1886 4106,1892 4196,1892 4285,1892 4375,1898 4464,1898 4554,1898 4643,1904 4733,1904 4822,1910 4912,1910 5001,1910 5091,1916 5181,1916 5270,1916 5360,1922 5449,1922 5539,1922 5628,1927 5718,1927 5789,1933"/>
                <TextEquiv>
                    <Unicode>ment werden Sie nicht sterben, an meiner Seite nicht.</Unicode>
                </TextEquiv>
            </TextLine>
            <TextLine id="tr_1_tl_9" custom="readingOrder {index:8;}">
                <Coords points="3378,2079 4170,2064 5040,2169 5625,2109 5622,2007 5502,1989 3375,1980"/>
                <Baseline points="3390,2029 3479,2035 3569,2041 3658,2041 3748,2041 3838,2041 3927,2047 4017,2047 4106,2053 4196,2053 4285,2059 4375,2059 4464,2059 4554,2059 4643,2059 4733,2065 4822,2071 4912,2071 5001,2077 5091,2077 5181,2077 5270,2077 5360,2083 5449,2083 5539,2089 5628,2089"/>
                <TextEquiv>
                    <Unicode>Ich wollte es Ihnen nicht verbieten, Max, mit uns</Unicode>
                </TextEquiv>
            </TextLine>
            <TextLine id="tr_1_tl_10" custom="readingOrder {index:9;}">
                <Coords points="3384,2253 4095,2277 4290,2376 4551,2265 5691,2274 5667,2103 5349,2184 3381,2130"/>
                <Baseline points="3396,2190 3485,2196 3575,2196 3664,2196 3754,2196 3844,2202 3933,2202 4023,2202 4112,2208 4202,2208 4291,2214 4381,2214 4470,2214 4560,2220 4649,2220 4739,2220 4828,2226 4918,2226 5007,2226 5097,2226 5187,2232 5276,2232 5366,2238 5455,2238 5545,2244 5634,2244 5694,2244"/>
                <TextEquiv>
                    <Unicode>einen Spazierritt zu machen. Nun ist der Spass zu</Unicode>
                </TextEquiv>
            </TextLine>
            <TextLine id="tr_1_tl_11" custom="readingOrder {index:10;}">
                <Coords points="3378,2385 3402,2388 3432,2358 3471,2379 3495,2367 3522,2370 3549,2388 3570,2385 3588,2367 3609,2376 3621,2364 3645,2364 3639,2298 3603,2310 3570,2295 3549,2298 3522,2280 3483,2289 3462,2274 3402,2271 3372,2286"/>
                <Baseline points="3390,2333 3479,2345 3569,2351 3653,2351"/>
                <TextEquiv>
                    <Unicode>Ende.</Unicode>
                </TextEquiv>
            </TextLine>
            <TextLine id="tr_1_tl_12" custom="readingOrder {index:11;}">
                <Coords points="3357,2559 5652,2571 5631,2436 5265,2496 4824,2400 4560,2469 4314,2394 4017,2460 3354,2406"/>
                <Baseline points="3372,2489 3462,2500 3551,2506 3641,2506 3730,2506 3820,2506 3909,2512 3999,2512 4088,2518 4178,2518 4267,2524 4357,2524 4446,2530 4536,2524 4625,2530 4715,2530 4805,2530 4894,2536 4984,2536 5073,2536 5163,2542 5252,2542 5342,2542 5431,2548 5521,2548 5610,2554 5652,2548"/>
                <TextEquiv>
                    <Unicode>Wenn der Major Wilhelm kommt, so könnte der Oberst</Unicode>
                </TextEquiv>
            </TextLine>
            <TextLine id="tr_1_tl_13" custom="readingOrder {index:12;}">
                <Coords points="3366,2727 3618,2673 5541,2742 5613,2739 5613,2646 4623,2562 3363,2616"/>
                <Baseline points="3378,2650 3467,2656 3557,2662 3647,2662 3736,2662 3826,2668 3915,2674 4005,2674 4094,2674 4184,2674 4273,2674 4363,2680 4452,2680 4542,2680 4631,2680 4721,2686 4810,2686 4900,2686 4990,2692 5079,2692 5169,2692 5258,2697 5348,2697 5437,2703 5527,2703 5616,2697"/>
                <TextEquiv>
                    <Unicode>sagen: Es ist zwar ein Gegenbefehl, aber ich füge</Unicode>
                </TextEquiv>
            </TextLine>
            <TextLine id="tr_1_tl_14" custom="readingOrder {index:13;}">
                <Coords points="3351,2865 5658,2904 5676,2790 3348,2721"/>
                <Baseline points="3366,2811 3456,2817 3545,2817 3635,2817 3724,2817 3814,2823 3903,2823 3993,2829 4082,2829 4172,2829 4261,2835 4351,2835 4440,2841 4530,2841 4619,2841 4709,2841 4799,2841 4888,2841 4978,2847 5067,2847 5157,2847 5246,2853 5336,2853 5425,2859 5515,2865 5604,2859 5682,2853"/>
                <TextEquiv>
                    <Unicode>mich ihm nicht. Denn mein Entschluss, den Feind an-</Unicode>
                </TextEquiv>
            </TextLine>
            <TextLine id="tr_1_tl_15" custom="readingOrder {index:14;}">
                <Coords points="3366,3027 5598,3045 5595,2949 5271,2919 3363,2913"/>
                <Baseline points="3378,2966 3467,2972 3557,2972 3647,2978 3736,2978 3826,2978 3915,2984 4005,2984 4094,2990 4184,2990 4273,2990 4363,2990 4452,2996 4542,2996 4631,2996 4721,3002 4810,2996 4900,3002 4990,3008 5079,3008 5169,3008 5258,3008 5348,3008 5437,3008 5527,3014 5604,3020"/>
                <TextEquiv>
                    <Unicode>zugreifen, der ursprünglich nur Eigensinn war, ist</Unicode>
                </TextEquiv>
            </TextLine>
            <TextLine id="tr_1_tl_16" custom="readingOrder {index:15;}">
                <Coords points="3351,3150 3852,3213 4014,3156 4212,3234 4587,3168 5088,3249 5259,3174 5676,3219 5649,3093 3351,3036"/>
                <Baseline points="3366,3127 3456,3127 3545,3133 3635,3133 3724,3133 3814,3139 3903,3139 3993,3145 4082,3145 4172,3151 4261,3151 4351,3151 4440,3151 4530,3157 4619,3157 4709,3157 4799,3157 4888,3157 4978,3163 5067,3163 5157,3163 5246,3169 5336,3169 5425,3175 5515,3175 5604,3175 5682,3175"/>
                <TextEquiv>
                    <Unicode>indess vernünftig geworden. Das weiss der General-</Unicode>
                </TextEquiv>
            </TextLine>
            <TextLine id="tr_1_tl_17" custom="readingOrder {index:16;}">
                <Coords points="3345,3339 5739,3387 5736,3261 3342,3189"/>
                <Baseline points="3360,3276 3450,3282 3539,3282 3629,3288 3718,3294 3808,3294 3897,3288 3987,3294 4076,3294 4166,3300 4255,3300 4345,3300 4434,3300 4524,3306 4614,3306 4703,3306 4793,3312 4882,3312 4972,3318 5061,3318 5151,3318 5240,3324 5330,3324 5419,3324 5509,3330 5598,3330 5688,3336 5742,3330"/>
                <TextEquiv>
                    <Unicode>stab nicht. Ich werde also angreifen und bei meinem</Unicode>
                </TextEquiv>
            </TextLine>
            <TextLine id="tr_1_tl_18" custom="readingOrder {index:17;}">
                <Coords points="3339,3447 3693,3498 3801,3465 3897,3513 3957,3477 4686,3510 4683,3378 4581,3396 4443,3324 4350,3372 4062,3345 3834,3399 3771,3351 3540,3390 3336,3357"/>
                <Baseline points="3354,3426 3444,3432 3533,3432 3623,3438 3712,3438 3802,3438 3891,3444 3981,3444 4070,3438 4160,3444 4249,3444 4339,3444 4428,3444 4518,3450 4608,3450 4691,3456"/>
                <TextEquiv>
                    <Unicode>ursprünglichen Plan bleiben.</Unicode>
                </TextEquiv>
            </TextLine>
            <TextLine id="tr_1_tl_19" custom="readingOrder {index:18;}">
                <Coords points="3327,3630 5310,3684 5544,3630 5544,3558 3324,3525"/>
                <Baseline points="3342,3593 3432,3599 3521,3599 3611,3605 3700,3605 3790,3605 3879,3605 3969,3605 4058,3611 4148,3611 4237,3611 4327,3617 4417,3617 4506,3617 4596,3623 4685,3623 4775,3623 4864,3623 4954,3623 5043,3629 5133,3629 5222,3629 5312,3629 5401,3629 5491,3629 5551,3629"/>
                <TextEquiv>
                    <Unicode>Major Wilhelm(will nun die andern Offiziere be-</Unicode>
                </TextEquiv>
            </TextLine>
            <TextLine id="tr_1_tl_20" custom="readingOrder {index:19;}">
                <Coords points="3414,3807 5592,3858 5592,3762 5352,3717 3411,3684"/>
                <Baseline points="3426,3754 3515,3760 3605,3760 3694,3766 3784,3766 3873,3766 3963,3772 4052,3772 4142,3772 4232,3778 4321,3778 4411,3778 4500,3778 4590,3784 4679,3784 4769,3784 4858,3790 4948,3790 5037,3796 5127,3796 5216,3802 5306,3802 5395,3802 5485,3802 5575,3802 5598,3802"/>
                <TextEquiv>
                    <Unicode>stimmen dem Befehl des Generalstabs zu folgen.</Unicode>
                </TextEquiv>
            </TextLine>
        </TextRegion>
    </Page>
</PcGts>
