5800 4264
5255 477 5465 761 ¾
3141 657 5517 858 Oberst:/(fliegt den Befehl rasch durch) Ihren Degen,
3128 810 3972 996 Herr Rittmeister!
3122 968 4369 1191 Ordonnanz: (versteht nicht)
3119 1140 5062 1347 Oberst: Ihren Degen! (Sie sind verhaftet!
3104 1253 5343 1518 Ordonannz; (Verhaftet? Herr Oberst!) Was für ein
3113 1411 3975 1595 Missverständnis...
3086 1579 4925 1806 Oberst: Leider nicht, Herr Rittmeister!
3104 1769 5493 1952 Ordonnanz: Ich komm vom General X. Ich habe den Be-
3107 1925 4396 2093 fehl sofort wieder
3666 2029 3990 2132 Mylich
3095 2062 5276 2310 Oberst: Sie irren, Herr Rittmeister. An dieser
3092 2215 5374 2435 Stelle und in diesem Augenblick habe nur ich zu X
3079 2380 5459 2612 befehlen. Ich bedauere selbst - aber es muss sein.
3061 2551 5108 2740 Ordonnanz: Es ist ja vollkommen unmöglich -
3064 2701 5511 2921 Oberst: (zu einem der Offiziere gewendet) Eine Wache
3073 2856 5462 3079 vor die Türe des Herrn Rittmeisters. (Im übrigen ge-
3040 2988 3993 3208 nügt Ihr Ehrenwort.
3061 3153 4103 3357 (Die Offiziere mit der
4152 3165 5041 3394 Ordonnanz ins Haus.
3037 3351 5496 3580 Albrecht von der Wiese her, tritt auf den Oberst zu.)
3043 3467 4130 3645 Albrecht: Herr Oberst -
3046 3608 4155 3825 Oberst! Herr Leutnant
