4712 4216
3932 493 4098 687 304
2890 567 3080 736 avec
1946 656 3684 889 Wachtmeister: Ihr solltet Euch hüten!
1949 824 4291 999 Erster:Sollte der Herr Wachtmeister die Geschichte
3384 953 3586 1051 Herr
1937 993 4248 1205 nicht kennen; warum unser früherer Leutnant als ge¬
1934 1186 3083 1358 meiner Soldat mitreitet?
1949 1284 4205 1502 Wachtmeister. Die Geschichte kenn ich.) Am letzten
1952 1490 4248 1612 Abend vor dem Abmarsch war Spielpartie beim Herrn
1986 1634 4239 1759 bersten. Der Herr Leutnant hatte falsche Karten.
1955 1784 4282 1949 Sie wollten ihn davonjagen, da bat er auf den Knie
1962 1955 4426 2084 en als gemeiner Soldat mitziehen zu dürfen. So war's.
1949 2050 4217 2283 Und wer es anders erzählt ist ein verdammter Lüg
1949 2225 2688 2400 ner und Schuft.
1986 2391 2633 2572 (Alle rei ab)
1992 2673 4325 2857 (Albrecht und Katharina kommen aus dem Wirtshaus.)
1955 2817 4178 3010 Katharina: Komm, Liebster, wir wollen uns hier ins
1974 3010 4276 3194 Freie setzen. Es ist so schwül im Haus. Sieh, was
1977 3139 2841 3326 ich für dich habe.
1983 3264 4316 3448 Albrecht:Du bist eine Zauberin. Wo bekommst du das
2109 3402 2198 3500 N
1971 3439 3050 3629 schmackhafte Zeug her?
1971 3586 4193 3807 Katharina: Es gibt immer noch was zu
2382 3712 2734 3804 wir nicht ich
1977 3736 4276 3911 finden. Sieh, wie dort die grauen Wölkchen ziehen.
