5864 4296
775 93 1037 243 Seiten
5083 530 5288 718 332
3197 669 3519 860 warth.
3189 854 4952 1026 Max: Mit des Obersten Einverständnis?
3183 1005 4087 1166 Albrecht: Nur eine
4155 1021 5261 1198 von den zwei Deserteuren
3183 1188 5310 1384 ist zurückgekehrt. Ich kompletiere meine Kom-
3194 1349 5261 1523 pagnie. Das ist mein gutes Recht - du kommst
3183 1485 3609 1646 mit mir.
3194 1638 5310 1807 Max: Willst du dem Obersten Gelegenheit geben
3183 1821 5340 1996 mir ins Gesicht vor den gewesenen Kameraden...
3178 1949 5334 2138 Albrecht: Lehr mich ihn kennen. Wenn ihn etwas
3183 2140 5269 2271 an meinem Einfall verdriessen könnte, wäre es
3183 2290 4974 2443 höchstens, dass er ihn nicht vorhersah.
3189 2435 5384 2539 Max: Du könntest dich in ihm täuschen. Der Ein-
3183 2585 5337 2727 fall könnte dich mehr kosten, als ich wert bin.
3189 2697 5334 2886 Albrecht: Ich nehme es auf mich. Und was immer
3189 2907 5296 3017 geschehe,es bleibt immer noch Zeit zu tun,was
3172 3025 5206 3221 Narren wie du und ichin einem solchen Fall
3189 3194 4242 3358 glauben tun zu müssen.
3161 3320 5244 3492 Marie: Nehmen Sie ihn mir nicht wieder fort!
3202 3459 5040 3647 Max: Als hätt' ich dir jemals gehört...
3180 3595 5187 3838 Albrecht: Er hat die Wahl. Mehr als sieben
