6008 4200
5335 489 5512 682 elkönissä.
3474 651 5398 836 Oberst: Was haben Sie mir zu überbringen?
3485 878 4807 981 Albrecht: Hier,Herr Oberst,
3496 1035 4994 1160 Oberst: Ich bin nicht bewandert.
3485 1163 5492 1387 Albrecht: Es ist ein Stück, ein abgerissenes
3485 1313 5762 1501 Stück von dem perischen Shawl, den die Frau Oberst
3479 1512 5273 1683 am Abend unseres Abschiedsfestes trug.
3491 1649 5725 1839 Oberst : (kalt) Sie wissen, dass sie es selbst war?
3479 1816 5583 1981 Albrecht: Ein Schleier verhüllte ihr Antlitz.
3496 1964 5696 2175 Oberst: Nur dieses Stück Shawl und kein Wort da-
3482 2123 3684 2283 zu?
3485 2243 4301 2453 Albrecht: Keines
3496 2382 5486 2612 Oberst: Ich danke Ihnen, Herr Leutnant. (Er
3479 2615 5708 2717 schiebt das Stück Shawl zwischen die Knöpfe sei-
3479 2746 5765 2874 nes Waffenrocks) Der Befehl ist da,Herr Leutnant.
3479 2894 5685 3024 Sie nehmen die Vorhut und führen Ihre Leute bis
3479 3059 5628 3240 zum Eingang des Hohlwegs und halten sich voll-
3479 3198 5600 3394 kommen ruhig, bis weitere Befehle kommen. Die
3479 3357 4912 3536 andern Kompagnien rücken nach.
3479 3493 4991 3698 Albrecht: Zu Befehl,Herr Oberst.
3496 3658 5725 3874 Oberst: Sie haben auch Freiwillige in Ihrem Zug,
