5800 4360
5211 538 5402 747 à 15
3216 636 5361 889 Albrecht: Ich habe eine Meldung zu erstatten -
3207 836 3890 1015 Oberst: Bitte.
3210 1027 5317 1183 Albrecht: Keine dienstliche, Herr Oberst. Eine
3193 1162 4634 1371 Meldung völlig privater Natur.
3196 1248 5308 1518 Oberst: (gibt den zwei Offizieren, die noch da
3181 1480 5526 1724 sind, ein Zeichen, die nun gleichfalls verschwinden)
3181 1615 3925 1798 Herr Leutnant!
3169 1771 5388 1980 Albrecht:Es ist heute Nachts dort unten auf der
3181 1930 4364 2098 Wiese schlimm zugegangen.
3207 2089 5435 2269 berst: Warum schlimm? Es war meinen Leuten wohl
3175 2254 3669 2398 zu gönnen.
3154 2428 5452 2592 Albr/echt: Es sind Frauenzimmer aus der Stadt ge-
3163 2572 4579 2745 kommen aus schlechten Häusern.
3160 2675 4643 2848 Oberst: Warum schlecht?
3134 2840 5408 3025 Albrecht: Vielleichtnicht alle. Jedenfalls haben
3137 3028 5388 3198 einige die Freuden dieser Nacht schlimm gebüsst.
4158 3151 5232 3287 erst nicht u. St für einzeln.
3134 3157 4334 3334 Drei oder vier sind/tot.
4640 3216 5367 3343 auf s. w. wyl
4305 3275 4867 3399 eut pas beau
3119 3299 5488 3472 Oberst: Heut werden Männer sterben. Vielleicht ei-
3125 3446 4102 3622 nen schwereren Tod.
3084 3563 5435 3772 (Albrecht: Alle mit freiem Willen oder wenigstens
3140 3761 4202 3972 bilden sie sich's ein.
