4888 4136
4316 398 4509 585 327
2311 547 4492 775 Recht wäre ihm zugestanden. Aber dich einfach
2322 723 4348 922 verurteilen - das wäre doch -
2299 867 3400 1075 Max: Albrecht!
2296 1057 4501 1259 Albrecht: Schurkerei wäre es. Dich verurteilen
2296 1204 4564 1409 um etwas, das ihm bekannt war,ehe er es entdecken
2285 1374 4391 1628 musste. Um ein Weib, an dem ihm weniger liegt
3659 1527 3890 1631 wth
2296 1530 4613 1703 als an jeder Dirne. Und darum-kein Offizier mehr.
2291 1686 4503 1902 Max: Wie wenig kennst du ihn. Nicht darum, weil
2291 1841 2971 2014 ich ihn belog.
3192 1928 4163 2086 "En un pe don - es belass
2273 1988 4466 2207 Albrecht: Du belogst ihn doch nicht,da er doch
2282 2135 4348 2345 wusste. Warum wollte er die Wahrheit aus dir
2273 2319 4106 2504 herauszwingen, die ihm doch bekannt war.
2250 2466 4299 2645 Max: Nicht die Wahrheit wollte er ans Licht
3489 2605 3700 2708 Lesd.
2259 2631 4380 2818 zwingen mich selbst, mein besseres Wesen. Ver-
2247 2760 4426 2950 stehst du es wirklich nicht? (Hätte ich ihm die
2268 2950 4463 3126 Wahrheit gesagt, so wäre ich wieder wert gewesen
2247 3106 4469 3262 an seiner Seite zu sterben. (Hätte ich die Wahr-
2256 3244 4541 3374 heit gesagt, so dürfte ich leben bis zu dem Augen-
2253 3365 4380 3564 blick, der unser Aller Tod sein wird. Doch ein
2239 3501 3656 3723 ersehntes, ein herrliches Ende.
