5976 4264
5362 489 5552 632 360
3392 618 5629 791 Das erst veranlasst den Oberst ihn zu verhaften.
3381 799 5405 963 Marie kommt vielleicht erst,wenn der Oberst
3381 903 4120 1090 schon fort ist.
3392 1081 5448 1251 Die Szene Max und Marie ungefähr wie früher.
3390 1282 5494 1386 Da nun Max in gewissem Sinn frei ist,versucht
3387 1417 4997 1576 Marie ihn zur Rückkehr zu bereden.
3378 1550 5667 1714 Albrecht fällt als Erster in der Schlacht. Katha-
3375 1711 5129 1860 rina kommt mit seiner Leiche zurück.
3375 1872 5690 2044 Der Oberst ist als Letzter abgeritten, es ist also
3375 2038 5494 2194 für Max der Moment gekommen Major Wilhelm aus
3375 2182 4439 2404 der Haft zu entlassen.
