4776 4152
4147 354 4320 507 331
2245 499 4359 657 Max: Weisst du,was alles geschehen ist - dass
2259 635 4370 836 ich nicht mit ihnen reiten darf?-Ich bin kein
2250 797 4350 1022 Offizier mehr,-ich bin ja auch deiner niemals
2236 986 3985 1153 wert gewesen, -du kommst zu sp채t. Geh!
2259 1142 4300 1320 (In diesem Augenblick kommt Albrecht wieder)
2245 1289 4347 1490 Albrecht: Ich bin zum F체hrer deiner Kompagnie
2239 1448 2674 1607 bestimmt
2640 1468 3278 1657 Sigt du nel de
2231 1579 4395 1788 Max: Kommt es dir darauf an meinen Gl체ckwunsch
2236 1738 2877 1927 zu empfangen?
2231 1894 4470 2072 Albrecht: (Versteh mich gut.) Es ist Kriegszeit.
2214 2075 4350 2214 Soldaten werden 체berall gern angenommen. Auch
2209 2197 4333 2384 Leuten, die Schlimmeres begangen haben, als du,
2222 2362 4247 2598 wehrt man nicht den Eintritt in die Armee.
2220 2523 3815 2718 Max: Nach Possen steht meine Laune
3852 2543 4367 2718 nicht. Oder
2214 2665 4367 2838 denkst du, dass ich bei einem fremden Regiment,
2220 2857 3231 2986 unter falschem Namen
3306 2843 4194 3064 - Wir waren einmal
2228 2994 3036 3153 Freunde, Albrecht.
2217 3128 4423 3370 Albrecht: Nicht unter falschem Namen - bei kei
2206 3272 3169 3439 nem fremden Regiment
3261 3286 4389 3476 ich nehme dich in meine
2197 3431 4347 3662 Kompagnie,ich der Leutnant Albrecht von Holz-
