5943 4120
580 46 1008 165 de la riviere de
5393 420 5580 642 350
3398 583 5488 835 Max: Warum? Warum gehetzt und verborgen? Tö-
3428 775 5496 1024 richt war es,wahnwaitzig mir zu folgen! Aber
3436 1005 4677 1192 ein Verbrechen doch nicht!
3436 1065 5564 1301 Marie: Stehif es mir denn nicht auf der Stirn
3436 1271 5523 1493 geschrieben? Weisst du es denn nicht? Mein
3453 1420 5406 1645 Vater ist tot. Ich habe meinen Vater umge-
3447 1645 3799 1786 bracht!
3423 1721 5504 1946 Max: Komm zu dir, Marie. Dein Vater war krank
3436 1859 5428 2106 und alt. Er lag ja im Sterben. Du hast ihn
3442 2070 5420 2266 nicht umgebracht, Marie. Komm zu dir, Marie!
3442 2211 4732 2415 Marie: Ich hab ihn getötet!
3434 2352 5371 2569 Max: Warum denn hättest du's getan?
3444 2512 4610 2724 Er lag doch auf den Tod,
4864 2588 5087 2737 Max:
3442 2642 5618 2864 Marie: Ich hatte keine Zeit. Er hätte nicht
3436 2829 5209 3035 die Kraft gehabt dich zurüeksuhalten.
3447 3024 4924 3214 Max: Hätteer dich haben können?
3455 3114 5569 3333 Marie: Mit seinen Händen nicht. Aber xxxx
3466 3255 5507 3461 sein Rlick, sein Wille,sein Fluch -
3455 3415 5531 3623 Rudxxxxx
3461 3564 4509 3810 goss ich ihm ins Glas.
