<?xml version="1.0" encoding="UTF-8" standalone="yes"?>
<PcGts xmlns="http://schema.primaresearch.org/PAGE/gts/pagecontent/2013-07-15" xmlns:xsi="http://www.w3.org/2001/XMLSchema-instance" xsi:schemaLocation="http://schema.primaresearch.org/PAGE/gts/pagecontent/2013-07-15 http://schema.primaresearch.org/PAGE/gts/pagecontent/2013-07-15/pagecontent.xsd">
    <Metadata>
        <Creator>prov=READ-COOP:name=TrHtr:version=2.1.0:model_id=51170:date=27_07_2023_23:29</Creator>
        <Created>2023-05-10T11:11:46.986+02:00</Created>
        <LastChange>2023-07-27T23:29:45.870+02:00</LastChange>
        <TranskribusMetadata docId="1428127" pageId="55384183" pageNr="102" tsid="131308729" status="IN_PROGRESS" userId="64420" imgUrl="https://files.transkribus.eu/Get?id=NPMWEDLXOTUJPMGLFYMZPUEO&amp;fileType=view" xmlUrl="https://files.transkribus.eu/Get?id=NJFHRUJCWHBMMLZHQXQVGOXR" imageId="44659083"/>
    </Metadata>
    <Page imageFilename="1428127_0102.jpg" imageWidth="5864" imageHeight="4520">
        <ReadingOrder>
            <OrderedGroup id="ro_1711825475455" caption="Regions reading order">
                <RegionRefIndexed index="0" regionRef="tr_1"/>
            </OrderedGroup>
        </ReadingOrder>
        <TextRegion id="tr_1" custom="readingOrder {index:0;}">
            <Coords points="417,158 5529,158 5529,3891 417,3891"/>
            <TextLine id="tr_1_tl_1" custom="readingOrder {index:0;}">
                <Coords points="401,228 516,251 562,216 623,245 761,216 813,239 908,225 928,242 960,213 1049,225 1049,112 819,107 712,167 591,161 548,127 510,159 401,170"/>
                <Baseline points="417,208 507,208 597,208 686,214 776,214 865,214 955,208 1044,208 1056,208"/>
                <TextEquiv>
                    <Unicode>de la rivreurieur</Unicode>
                </TextEquiv>
            </TextLine>
            <TextLine id="tr_1_tl_2" custom="readingOrder {index:1;}">
                <Coords points="5027,649 5067,649 5079,657 5105,640 5125,651 5139,643 5163,651 5180,640 5214,640 5206,525 5174,519 5163,533 5145,530 5125,539 5116,530 5099,539 5088,527 5085,533 5070,525 5018,527"/>
                <Baseline points="5039,620 5129,626 5218,632"/>
                <TextEquiv>
                    <Unicode>elbst</Unicode>
                </TextEquiv>
            </TextLine>
            <TextLine id="tr_1_tl_3" custom="readingOrder {index:2;}">
                <Coords points="3179,920 5108,920 5114,735 4874,773 4387,669 3917,798 3182,804"/>
                <Baseline points="3194,913 3236,913 3325,913 3415,913 3504,913 3594,907 3684,901 3773,901 3863,895 3952,895 4042,895 4131,889 4221,889 4311,889 4400,883 4490,883 4579,883 4669,877 4758,877 4848,877 4937,871 5027,871 5117,859"/>
                <TextEquiv>
                    <Unicode>Oberst: Was haben Sie mir zu überbringen?</Unicode>
                </TextEquiv>
            </TextLine>
            <TextLine id="tr_1_tl_4" custom="readingOrder {index:3;}">
                <Coords points="3165,1087 4514,1067 4500,957 4044,1003 3874,911 3171,943"/>
                <Baseline points="3182,1074 3266,1074 3355,1068 3445,1068 3534,1068 3624,1068 3713,1062 3803,1062 3893,1056 3982,1056 4072,1056 4161,1050 4251,1044 4340,1044 4430,1044 4520,1038"/>
                <TextEquiv>
                    <Unicode>Albrecht: Hier,Herr Oberst,</Unicode>
                </TextEquiv>
            </TextLine>
            <TextLine id="tr_1_tl_5" custom="readingOrder {index:4;}">
                <Coords points="3197,1231 3698,1283 3819,1228 3952,1286 4698,1231 4701,1162 4416,1124 3197,1176"/>
                <Baseline points="3212,1230 3272,1235 3361,1230 3451,1230 3540,1224 3630,1224 3719,1218 3809,1218 3899,1218 3988,1218 4078,1212 4167,1212 4257,1206 4346,1206 4436,1206 4525,1200 4615,1200 4705,1194"/>
                <TextEquiv>
                    <Unicode>Oberst: Ich bin nicht bewandert.</Unicode>
                </TextEquiv>
            </TextLine>
            <TextLine id="tr_1_tl_6" custom="readingOrder {index:5;}">
                <Coords points="3188,1398 5010,1381 5240,1352 5243,1283 3845,1263 3191,1332"/>
                <Baseline points="3206,1385 3278,1391 3367,1391 3457,1385 3546,1385 3636,1379 3725,1379 3815,1373 3904,1373 3994,1367 4084,1373 4173,1367 4263,1367 4352,1367 4442,1361 4531,1361 4621,1361 4711,1355 4800,1355 4890,1349 4979,1349 5069,1343 5158,1343 5248,1337"/>
                <TextEquiv>
                    <Unicode>Albrecht: Es ist ein Stück, ein abgerissenes</Unicode>
                </TextEquiv>
            </TextLine>
            <TextLine id="tr_1_tl_7" custom="readingOrder {index:6;}">
                <Coords points="3185,1557 3802,1640 4145,1531 4649,1614 4932,1505 5468,1510 5491,1418 3185,1479"/>
                <Baseline points="3200,1528 3260,1534 3349,1540 3439,1540 3528,1534 3618,1534 3707,1534 3797,1534 3887,1528 3976,1528 4066,1528 4155,1522 4245,1522 4334,1516 4424,1516 4514,1516 4603,1510 4693,1510 4782,1510 4872,1504 4961,1504 5051,1498 5140,1498 5230,1492 5320,1492 5409,1492 5499,1492"/>
                <TextEquiv>
                    <Unicode>Stück von dem perischen Shawl, den die Frau Oberst</Unicode>
                </TextEquiv>
            </TextLine>
            <TextLine id="tr_1_tl_8" custom="readingOrder {index:7;}">
                <Coords points="3202,1732 4275,1764 4736,1672 4889,1718 5007,1695 5010,1580 4249,1626 4044,1554 3932,1631 3381,1600 3202,1649"/>
                <Baseline points="3218,1701 3224,1695 3313,1695 3403,1695 3492,1701 3582,1695 3672,1695 3761,1689 3851,1683 3940,1683 4030,1683 4119,1683 4209,1677 4299,1677 4388,1677 4478,1671 4567,1671 4657,1665 4746,1665 4836,1659 4926,1665 5015,1665"/>
                <TextEquiv>
                    <Unicode>am Abend unseres Abschiedsfestes trug,</Unicode>
                </TextEquiv>
            </TextLine>
            <TextLine id="tr_1_tl_9" custom="readingOrder {index:8;}">
                <Coords points="3208,1877 5442,1845 5465,1686 3208,1781"/>
                <Baseline points="3224,1856 3230,1856 3319,1856 3409,1856 3498,1850 3588,1850 3678,1845 3767,1845 3857,1845 3946,1845 4036,1839 4125,1839 4215,1839 4305,1839 4394,1833 4484,1827 4573,1827 4663,1821 4752,1821 4842,1821 4931,1815 5021,1815 5111,1815 5200,1809 5290,1809 5379,1809 5469,1803"/>
                <TextEquiv>
                    <Unicode>Oberst:-kalt) Sie wissen, dass sie es selbst war?</Unicode>
                </TextEquiv>
            </TextLine>
            <TextLine id="tr_1_tl_10" custom="readingOrder {index:9;}">
                <Coords points="3211,2098 3863,2012 4134,2055 4266,1989 5203,2003 5315,1977 5318,1900 3217,1946"/>
                <Baseline points="3230,2006 3266,2012 3355,2012 3445,2012 3534,2012 3624,2006 3713,2000 3803,2000 3893,1994 3982,1994 4072,1988 4161,1988 4251,1988 4340,1982 4430,1982 4520,1982 4609,1976 4699,1976 4788,1970 4878,1970 4967,1970 5057,1964 5146,1964 5236,1964 5326,1964"/>
                <TextEquiv>
                    <Unicode>Albrecht: Ein Schleier verhüllte ihr Antlitz.</Unicode>
                </TextEquiv>
            </TextLine>
            <TextLine id="tr_1_tl_11" custom="readingOrder {index:10;}">
                <Coords points="3211,2240 5448,2147 5451,1986 5266,2052 3217,2098"/>
                <Baseline points="3230,2167 3301,2167 3391,2167 3481,2161 3570,2161 3660,2155 3749,2155 3839,2149 3928,2149 4018,2149 4108,2143 4197,2143 4287,2143 4376,2137 4466,2137 4555,2131 4645,2131 4734,2131 4824,2125 4914,2125 5003,2125 5093,2119 5182,2119 5272,2119 5361,2113 5451,2107"/>
                <TextEquiv>
                    <Unicode>Oberst: Nur dieses Stück Shawl und kein Wort da-</Unicode>
                </TextEquiv>
            </TextLine>
            <TextLine id="tr_1_tl_12" custom="readingOrder {index:11;}">
                <Coords points="3208,2338 3254,2352 3295,2335 3341,2369 3373,2378 3401,2375 3401,2257 3373,2263 3341,2243 3332,2251 3306,2251 3286,2271 3251,2260 3208,2266"/>
                <Baseline points="3224,2322 3313,2322 3403,2322 3409,2322"/>
                <TextEquiv>
                    <Unicode>zu?</Unicode>
                </TextEquiv>
            </TextLine>
            <TextLine id="tr_1_tl_13" custom="readingOrder {index:12;}">
                <Coords points="3223,2574 3318,2531 3419,2560 3551,2528 3600,2548 3646,2516 3730,2525 3788,2479 4050,2496 4053,2381 3762,2343 3707,2369 3580,2352 3433,2401 3228,2392"/>
                <Baseline points="3242,2477 3254,2477 3343,2477 3433,2477 3522,2471 3612,2471 3701,2471 3791,2465 3881,2465 3970,2460 4060,2460"/>
                <TextEquiv>
                    <Unicode>Albrecht: Keines.</Unicode>
                </TextEquiv>
            </TextLine>
            <TextLine id="tr_1_tl_14" custom="readingOrder {index:13;}">
                <Coords points="3205,2681 4494,2609 4730,2658 4926,2597 5088,2655 5223,2637 5226,2528 4586,2485 3208,2560"/>
                <Baseline points="3224,2633 3260,2633 3349,2633 3439,2627 3528,2627 3618,2627 3707,2621 3797,2621 3887,2615 3976,2609 4066,2609 4155,2609 4245,2609 4334,2609 4424,2603 4514,2597 4603,2597 4693,2597 4782,2591 4872,2591 4961,2591 5051,2585 5140,2585 5230,2585"/>
                <TextEquiv>
                    <Unicode>Oberst: Ich danke Ihnen, Herr Leutnant. (Er</Unicode>
                </TextEquiv>
            </TextLine>
            <TextLine id="tr_1_tl_15" custom="readingOrder {index:14;}">
                <Coords points="3217,2871 5399,2828 5480,2813 5483,2686 5197,2632 3220,2715"/>
                <Baseline points="3236,2794 3248,2794 3337,2794 3427,2788 3516,2782 3606,2782 3696,2776 3785,2776 3875,2776 3964,2776 4054,2776 4143,2770 4233,2764 4322,2764 4412,2764 4502,2758 4591,2758 4681,2758 4770,2752 4860,2752 4949,2752 5039,2752 5129,2746 5218,2746 5308,2740 5397,2740 5487,2728"/>
                <TextEquiv>
                    <Unicode>schiebt das Stück Shawl zwischen die Knöpfe sei-</Unicode>
                </TextEquiv>
            </TextLine>
            <TextLine id="tr_1_tl_16" custom="readingOrder {index:15;}">
                <Coords points="3205,3015 5526,2940 5529,2831 3208,2888"/>
                <Baseline points="3224,2943 3289,2943 3379,2943 3469,2937 3558,2937 3648,2937 3737,2931 3827,2925 3916,2925 4006,2925 4096,2925 4185,2919 4275,2919 4364,2919 4454,2919 4543,2913 4633,2913 4723,2907 4812,2907 4902,2907 4991,2901 5081,2901 5170,2901 5260,2901 5349,2895 5439,2895 5529,2901"/>
                <TextEquiv>
                    <Unicode>nes Waffenrocks) Der Befehl ist da,Herr Leutnant.</Unicode>
                </TextEquiv>
            </TextLine>
            <TextLine id="tr_1_tl_17" custom="readingOrder {index:16;}">
                <Coords points="3228,3159 4197,3142 4272,3081 5105,3153 5275,3053 5434,3102 5436,2946 3231,3032"/>
                <Baseline points="3248,3092 3289,3098 3379,3098 3469,3092 3558,3092 3648,3086 3737,3086 3827,3086 3916,3081 4006,3081 4096,3081 4185,3075 4275,3075 4364,3075 4454,3075 4543,3069 4633,3069 4723,3063 4812,3063 4902,3063 4991,3057 5081,3051 5170,3051 5260,3051 5349,3051 5439,3051"/>
                <TextEquiv>
                    <Unicode>Sie nehmen die Vorhut und führen Ihre Lante bis</Unicode>
                </TextEquiv>
            </TextLine>
            <TextLine id="tr_1_tl_18" custom="readingOrder {index:17;}">
                <Coords points="3237,3312 4263,3326 4572,3231 5030,3295 5402,3220 5405,3136 4540,3099 4211,3179 3762,3116 3240,3182"/>
                <Baseline points="3254,3254 3260,3260 3349,3260 3439,3254 3528,3254 3618,3254 3707,3254 3797,3242 3887,3242 3976,3236 4066,3236 4155,3230 4245,3230 4334,3230 4424,3230 4514,3224 4603,3224 4693,3224 4782,3218 4872,3218 4961,3212 5051,3212 5140,3206 5230,3206 5320,3206 5409,3200"/>
                <TextEquiv>
                    <Unicode>zum Eingang des Hohlwegs und halten sich voli-</Unicode>
                </TextEquiv>
            </TextLine>
            <TextLine id="tr_1_tl_19" custom="readingOrder {index:18;}">
                <Coords points="3231,3476 4090,3482 4422,3384 5364,3445 5370,3249 4900,3321 4762,3246 4361,3335 3234,3315"/>
                <Baseline points="3248,3415 3313,3415 3403,3409 3492,3409 3582,3409 3672,3409 3761,3409 3851,3403 3940,3403 4030,3391 4119,3391 4209,3391 4299,3385 4388,3385 4478,3385 4567,3379 4657,3379 4746,3379 4836,3379 4926,3373 5015,3373 5105,3373 5194,3367 5284,3367 5373,3367"/>
                <TextEquiv>
                    <Unicode>kommen ruhig, bis weitere Befehle kommen. Die</Unicode>
                </TextEquiv>
            </TextLine>
            <TextLine id="tr_1_tl_20" custom="readingOrder {index:19;}">
                <Coords points="3226,3609 3554,3652 3779,3603 4526,3623 4684,3577 4687,3456 3228,3496"/>
                <Baseline points="3242,3564 3260,3570 3349,3564 3439,3564 3528,3558 3618,3564 3707,3564 3797,3558 3887,3558 3976,3558 4066,3552 4155,3546 4245,3546 4334,3546 4424,3540 4514,3540 4603,3540 4693,3534"/>
                <TextEquiv>
                    <Unicode>andern Kompagnien rücken nach.</Unicode>
                </TextEquiv>
            </TextLine>
            <TextLine id="tr_1_tl_21" custom="readingOrder {index:20;}">
                <Coords points="3208,3779 4033,3776 4419,3707 4526,3776 4782,3767 4785,3641 4456,3583 4399,3626 3208,3658"/>
                <Baseline points="3224,3719 3266,3719 3355,3719 3445,3719 3534,3713 3624,3713 3713,3713 3803,3713 3893,3707 3982,3707 4072,3707 4161,3701 4251,3701 4340,3696 4430,3690 4520,3690 4609,3690 4699,3696 4788,3690"/>
                <TextEquiv>
                    <Unicode>Albrecht: Zu Befehl,Herr Oberst.</Unicode>
                </TextEquiv>
            </TextLine>
            <TextLine id="tr_1_tl_22" custom="readingOrder {index:21;}">
                <Coords points="3240,3984 4794,3880 5410,3992 5500,3978 5506,3759 3243,3796"/>
                <Baseline points="3260,3881 3272,3875 3361,3875 3451,3875 3540,3875 3630,3875 3719,3875 3809,3875 3899,3869 3988,3863 4078,3863 4167,3863 4257,3857 4346,3857 4436,3851 4525,3851 4615,3851 4705,3851 4794,3845 4884,3845 4973,3839 5063,3839 5152,3839 5242,3839 5332,3839 5421,3845 5511,3839"/>
                <TextEquiv>
                    <Unicode>Obernt: Sie haben auch Freiwillige in Ihrem Zug.</Unicode>
                </TextEquiv>
            </TextLine>
        </TextRegion>
    </Page>
</PcGts>
