4760 4120
4102 470 4256 616 Adels 1339
2117 605 4220 770 Katharina: Wollt Ihr nicht stille sein? Gönnt
2120 834 4169 927 Ihr meinem Leutnant nicht die gute Schlummer
2125 916 4183 1196 stunde vor dem xxx Erwachen? Still sag ich Euch!
2150 1131 3290 1319 (Wieder zurück ins Haus)
2145 1310 4284 1484 1.Kür.: Zum ersten Mal.dass ich ihre Stimme
2131 1434 4326 1644 höre. Eine süsse Stimme und ein süsses Gesicht.
2142 1560 2288 1646 wäl
2128 1596 4306 1792 ich der Leutnant, es tät mir leid, dass ich
3489 1697 3794 1845 he will
3861 1722 3959 1901 e
2136 1764 3354 1935 sie Andern lassen müsste.
2120 1868 4368 2108 2.Kür.: Schade, dass sie nicht ganz bei Verstan-
2148 2075 2498 2268 de ist.
2136 2215 3514 2402 1. Kür.: Ein Glück vielleicht.
2148 2386 4287 2576 Wachtmeister: Wer sagt Euch, dass sie nicht bei
2150 2540 2814 2671 Verstande ist?
4035 2551 4270 2719 isten
2139 2640 4348 2808 2. Kür.: Nun hören Sie, Herr Wachtmeister, so ver¬
2142 2786 4298 2960 nünftig ist es eben nicht, dass Eine hinter dem
2145 2934 4301 3144 Regiment herfährt mit einem kleinen Wagelchen.
2148 3105 4267 3268 dem Hiebsten nach in Kriegsfahr und Tod. Ihre
2150 3256 3839 3433 Braut, Herr Wachtmeister, zum Exempel,
2170 3427 3861 3609 Wachtmeister: Schert Euch zum Teufel:
2156 3587 4172 3760 1. Kür.: Auch meine ist daheim geblieben. Al
