5800 4264
5132 524 5328 644 ad 322
3170 518 5379 825 Katharina: Ja, da bring ich ihn meinen Albrecht.
3182 756 5412 975 Die erste Kugel - sie wollte es noch gar nicht -
3182 924 5382 1177 vor der Schlacht - hat ihn getroffen. Hier will
3164 1087 4042 1240 ich ihn eingraben.
3145 1270 5484 1448 Max: (zu Marie) Rette dich, Marie, du kannst es noch.
3127 1400 4825 1643 Ich glaube an den Haftbefehl nicht.
3073 1535 4340 1734 Marie: Kommst du mit mir?
3121 1704 5328 1935 Max: Dort gehör ich hin. (nach rechtsrückwärts)
3121 1839 4184 2059 Marie: Und ich zu dir?
3124 2023 5487 2303 Katharina: Was tust du, Marie? Wohin? Ach, lasst mich
3121 2158 3997 2351 doch nicht allein!
3097 2465 5412 2676 Max: (schwingt sich auf das Pferd von Albrecht und
3085 2634 5484 2853 Marie zu ihm. Er hebt sie zu sich in den Sattel.
3103 2805 5433 2962 Das könnte natürlich auf der Bühne nicht tatsäch-
3103 2941 3865 3112 lich geschehen.
3091 3103 5511 3281 Es ist die Frage,ob die Ordonnanz noch auf der Szene
3091 3272 5412 3480 bleiben sollte, so dass das Gespräch zwischen Offi-
3073 3431 5186 3591 zier und Ordonannz den Schluss bilden sollte.
3076 3534 4849 3787 Oder Katharina beobachtet den Vorgang.
