5816 4216
4785 466 4998 625 B26
3116 579 5218 838 Max; (geht zum Tisch, nimmt den Revolver, schaut
3149 810 5248 986 um sich. Nach kurzer Ueberlegung) Nicht hier.
3143 973 5254 1152 (Er nimmt Mantel und Kappe, schnallt den Sabel
3149 1108 3711 1292 um, zur T端re
3108 1251 3923 1427 Albrecht herein.
3127 1391 5246 1609 Albrecht: Wohin willst du? Was ist geschehen?
3119 1559 5334 1766 Der Oberst war bei dir? Ich ahne.. Ich sah Irene
3108 1725 5080 1931 端ber den Hof gehen, davon st端rzen. Sprich!
3127 1901 5171 2097 Max: Lass mich! Es ist vergeblich mich zu-
3127 2022 3780 2221 r端ckzuhalten.
3132 2176 3868 2391 Albrecht: Rede!
3119 2342 4830 2557 Max: Worte sind Aufschub und Schall.
3113 2507 5122 2700 Albrecht: Du warst mein Freund, du bist es.
3102 2648 5290 2849 Max: Nichts bin ich mehr, also auch dein Freund
3113 2807 5141 3011 nicht mehr. Nicht Offizier mehr, also nichts
3119 2951 3918 3141 mehr. Lass mich!
3127 3061 5276 3339 Albrecht: Du bist nicht bei dir. Nicht Offizier
3132 3278 5155 3477 mehr? Wiese? Wenn er dein Ende wolite, warum
3127 3397 5336 3631 hat er dich nicht einfach niedergeschossen? Das
