5816 4280
2578 263 2928 437 13.7.31
4793 386 4994 563 318
3030 581 5413 760 Oberst: So werden Sie es mir vielleicht augestehen,
3030 760 4871 970 Herr Leutnant. Schicken Sie ihn mirher.
3057 946 5131 1111 (Aus dem Walde rechts kommen Marie und Max.
3063 1084 5149 1233 Vorher Signale. Die Soldaten formieren sich.
3027 1266 4066 1392 Albrecht sieht Max und
4131 1254 4772 1458 Marie zuerst.
3018 1416 4080 1578 Albrecht: Er hat Ihren
4146 1419 5413 1611 Wunsch geshnt,Herr Oberst.
3033 1584 5083 1727 Oberst: (versteht,wendet sich aber nicht um.)
3018 1736 5137 1886 Max: (nähert sich, während Marie zurückbleibt.)
3021 1898 5179 2048 Oberst: Rufen Sie mir den Mann her. Ihre Leute
3015 2066 3829 2194 warten. Vorwärts!
3012 2158 3961 2341 Albrecht : (ruft) Max!
3003 2323 3838 2488 Max: (tritt näher)
3009 2521 5416 2670 Oberst: (wendet sich jetzt zu ihm, ohne ihn noch ganz
3012 2667 3955 2808 ins Auge zu fassen.)
3021 2793 5269 2937 Albrecht: (auf Max zuumarmt ihn, dann salutiert er
3003 2988 5239 3099 stramm, der Oberst reicht ihm die Hand. Albrecht
2997 3128 3251 3239 ab.)
3021 3233 4245 3353 (Max will Albrecht folgen)
3015 3398 3961 3587 Oberst: Sie bleiben!
2979 3527 5215 3709 Max: Herr Oberst, ich melde gehorsamst, dass ich
