4728 4168
3950 364 4129 477 352
2199 469 4181 741 Albrecht & Vor einer Viertelstunde hat sie
2205 739 2781 882 noch gelebt.
2213 846 4134 1034 Oberst: Was haben Sie mir zu überbringen?
2263 1031 3547 1235 1brecht: Hier, Herr Oberst.
2235 1180 3735 1417 Oberst: Ich bin nicht bewandert.
2238 1329 4206 1566 Albrecht: Es ist ein Stück, ein abgerissenes
2252 1519 4261 1659 tück von dem persischen Schal, den die Frau
2263 1610 4336 1841 berst am Abend unseres Abschiedsfestes trug.
2255 1797 4275 2037 Oberst: (kalt) Sie wis sen, dass sie es selbst
2255 2018 2464 2144 war?
2255 2081 4399 2296 Albrecht: Ein Schleier verhüllte ihr Antlitz -
2266 2249 4374 2514 Oberst: Nur dieses Stück Schal und kein Wort
2274 2464 2525 2616 dazu?
2263 2555 3784 2803 Albrecht: Keines. Sie ist tot.
2296 2624 4258 2966 berst: Ich danke Ihnen, Herr Leutnant. (Er
2293 2927 4269 3090 schiebt das Stück Schal zwischen dieKnöpfe
2288 3070 4371 3258 seines Waffenrocks.- ) Sie führen Ihre Leute
2279 3126 4504 3385 bis zum Eingang des Hohlwegs und xxxhalten sich
2296 3349 4347 3591 vollkommen ruhig, bis weitere Befehle kommen.
