4728 4136
4268 380 4442 542 341
2143 551 4439 793 Spielpartie beim Herrn Obersten.Der Herr Leutnant
3855 707 4442 917 Karten nicht
2155 734 3817 943 gewann immerfort.es stimmte mit den
2155 890 3835 1099 recht sie wollten ihn davonjagen. Da
3876 917 4359 1117 bat er auf
2158 1076 4527 1253 den Knieen als gemeiner Soldat mitreiten zu dürfen.
2140 1200 4365 1385 So war's! Und wer es anders erzählt ist ein ver-
2143 1365 3366 1550 dammter Lügner und Shhuft.
2166 1521 2821 1733 (Alle rei ab)
2116 1748 2544 2013 (Albrecht
2576 1783 4421 2025 und Katharina kommen aus dem Wirtshaus.)
2146 1995 4430 2163 Katharina: Es ist so schwül im Haus. Komm, Lieb-
1270 1990 1362 2228 me
2149 2158 3790 2334 ster, wir wollen uns hier ins Freie
3814 2163 4468 2346 setzen. Schau,
2146 2302 3042 2488 was ich alles habe.
2827 2361 3953 2517 Man daß sei ein Erben für
2137 2452 2567 2635 Albrecht
2656 2446 4351 2670 Du bist wahrhaftig eine Zauberin. Wo
2152 2638 4141 2809 bekommst du das schmackhafte Zeug nur her?
2827 2723 3068 2827 P.S. del
2134 2774 4312 2986 Katharina: Es gibt immer noch was im Dorf.)Vor
2140 2950 4356 3127 mir können sie nichts verstecken, die Krämer und
2152 3092 4404 3275 Wirte. (Sie macht einen Imbiss zurecht) Sieh, wie
3189 3189 3342 3292 dan
2143 3239 4312 3425 dort die grauen Wölkchen ziehen, gleich ist die
2609 3363 4244 3549 Das wird ein schöner Morgen werden.
2158 3404 2570 3578 Sonne da.
