<?xml version="1.0" encoding="UTF-8" standalone="yes"?>
<PcGts xmlns="http://schema.primaresearch.org/PAGE/gts/pagecontent/2013-07-15" xmlns:xsi="http://www.w3.org/2001/XMLSchema-instance" xsi:schemaLocation="http://schema.primaresearch.org/PAGE/gts/pagecontent/2013-07-15 http://schema.primaresearch.org/PAGE/gts/pagecontent/2013-07-15/pagecontent.xsd">
    <Metadata>
        <Creator>prov=READ-COOP:name=TrHtr:version=2.1.0:model_id=51170:date=27_07_2023_23:29</Creator>
        <Created>2023-05-10T11:11:36.018+02:00</Created>
        <LastChange>2023-07-27T23:29:15.602+02:00</LastChange>
        <TranskribusMetadata docId="1428127" pageId="55383756" pageNr="33" tsid="131308655" status="IN_PROGRESS" userId="64420" imgUrl="https://files.transkribus.eu/Get?id=TNISDBHIUJPZAIVQDZCEVFSG&amp;fileType=view" xmlUrl="https://files.transkribus.eu/Get?id=JXDXNOAMAGECTFWGOYNMKNRY" imageId="44658758"/>
    </Metadata>
    <Page imageFilename="1428127_0033.jpg" imageWidth="4728" imageHeight="4168">
        <ReadingOrder>
            <OrderedGroup id="ro_1711825375601" caption="Regions reading order">
                <RegionRefIndexed index="0" regionRef="tr_2"/>
                <RegionRefIndexed index="1" regionRef="tr_1"/>
            </OrderedGroup>
        </ReadingOrder>
        <TextRegion id="tr_2" custom="readingOrder {index:0;}">
            <Coords points="2200,520 4353,520 4353,1825 2200,1825"/>
            <TextLine id="tr_2_tl_1" custom="readingOrder {index:0;}">
                <Coords points="4004,603 4024,601 4035,612 4061,603 4081,618 4107,623 4144,612 4164,595 4187,598 4181,463 4164,466 4136,446 4087,469 4070,458 4033,458 4013,440 3998,440"/>
                <Baseline points="4021,570 4066,570 4111,570 4156,573 4194,579"/>
                <TextEquiv>
                    <Unicode> Maje.</Unicode>
                </TextEquiv>
            </TextLine>
            <TextLine id="tr_2_tl_2" custom="readingOrder {index:1;}">
                <Coords points="2208,769 4350,764 4347,618 4184,601 2205,629"/>
                <Baseline points="2221,707 2266,710 2310,713 2355,713 2400,713 2445,713 2490,713 2534,713 2579,713 2624,713 2669,713 2713,713 2758,713 2803,713 2848,716 2893,716 2937,716 2982,716 3027,716 3072,719 3117,716 3161,719 3206,722 3251,722 3296,722 3340,722 3385,722 3430,722 3475,722 3520,725 3564,725 3609,725 3654,725 3699,728 3744,731 3788,731 3833,728 3878,728 3905,731 3932,731 3976,731 4021,731 4066,731 4111,731 4156,734 4200,734 4245,737 4290,740 4335,743 4353,746"/>
                <TextEquiv>
                    <Unicode>Albrecht: Der Oberst wünscht dich zu sprechen,</Unicode>
                </TextEquiv>
            </TextLine>
            <TextLine id="tr_2_tl_3" custom="readingOrder {index:2;}">
                <Coords points="2191,921 4033,915 4030,789 3721,752 3569,807 3452,758 2614,832 2477,764 2188,795"/>
                <Baseline points="2203,853 2248,859 2292,859 2337,865 2382,868 2427,868 2472,868 2516,868 2561,868 2606,871 2651,868 2696,871 2740,871 2785,868 2830,868 2875,871 2919,871 2964,871 3009,871 3054,874 3099,874 3143,877 3188,877 3233,877 3278,880 3323,883 3367,880 3412,880 3457,880 3502,880 3546,880 3591,880 3636,883 3681,883 3726,883 3770,880 3815,883 3860,883 3905,883 3950,886 3994,889 4036,892"/>
                <TextEquiv>
                    <Unicode>Max. (er umarmt ihn und geht rasch ab.)</Unicode>
                </TextEquiv>
            </TextLine>
            <TextLine id="tr_2_tl_4" custom="readingOrder {index:3;}">
                <Coords points="2216,1070 2391,1133 2465,1081 3269,1127 3586,1044 3584,950 3501,941 3298,972 2568,927 2451,975 2214,932"/>
                <Baseline points="2233,1021 2278,1021 2322,1021 2367,1021 2412,1024 2457,1027 2501,1027 2546,1024 2591,1024 2636,1024 2681,1027 2725,1024 2770,1027 2815,1027 2860,1030 2905,1030 2949,1033 2994,1036 3039,1033 3084,1033 3128,1033 3173,1033 3218,1033 3263,1033 3308,1036 3352,1036 3397,1036 3442,1036 3487,1036 3532,1036 3576,1036 3591,1036"/>
                <TextEquiv>
                    <Unicode>(Entsprechende Signale.-)Mxxx</Unicode>
                </TextEquiv>
            </TextLine>
            <TextLine id="tr_2_tl_5" custom="readingOrder {index:4;}">
                <Coords points="2191,1270 2640,1190 4319,1247 4319,1090 3984,1147 3524,1070 2191,1113"/>
                <Baseline points="2206,1164 2251,1170 2295,1173 2340,1176 2385,1179 2430,1179 2475,1179 2519,1179 2564,1179 2609,1179 2654,1179 2699,1179 2743,1182 2788,1185 2833,1185 2878,1191 2922,1194 2967,1191 3012,1188 3057,1188 3102,1191 3146,1191 3191,1188 3236,1188 3281,1188 3326,1185 3370,1185 3415,1188 3460,1188 3505,1191 3549,1191 3594,1191 3639,1191 3684,1191 3729,1194 3773,1194 3818,1194 3863,1194 3908,1200 3953,1200 3997,1197 4042,1197 4087,1197 4132,1200 4176,1197 4221,1197 4266,1197 4311,1197 4326,1200"/>
                <TextEquiv>
                    <Unicode>Max: (unschlüssig, als wollte er dem Signal fol-</Unicode>
                </TextEquiv>
            </TextLine>
            <TextLine id="tr_2_tl_6" custom="readingOrder {index:5;}">
                <Coords points="2196,1373 2214,1370 2245,1390 2297,1376 2339,1381 2354,1396 2405,1393 2411,1384 2434,1396 2454,1390 2448,1267 2417,1278 2380,1247 2365,1247 2299,1276 2268,1278 2228,1261 2194,1273"/>
                <Baseline points="2212,1337 2257,1334 2301,1334 2346,1337 2391,1340 2436,1343 2457,1343"/>
                <TextEquiv>
                    <Unicode>gen).</Unicode>
                </TextEquiv>
            </TextLine>
            <TextLine id="tr_2_tl_7" custom="readingOrder {index:6;}">
                <Coords points="2196,1550 3512,1536 3509,1379 3283,1436 3032,1387 2806,1441 2525,1361 2194,1379"/>
                <Baseline points="2212,1477 2257,1480 2301,1480 2346,1483 2391,1486 2436,1483 2481,1483 2525,1486 2570,1489 2615,1489 2660,1489 2705,1489 2749,1489 2794,1489 2839,1489 2884,1492 2928,1492 2973,1492 3018,1495 3063,1495 3108,1495 3152,1495 3197,1492 3242,1492 3287,1492 3332,1495 3376,1498 3421,1498 3466,1501 3511,1504 3520,1507"/>
                <TextEquiv>
                    <Unicode>Oberst: (zu Max) Sie bleiben!</Unicode>
                </TextEquiv>
            </TextLine>
            <TextLine id="tr_2_tl_8" custom="readingOrder {index:7;}">
                <Coords points="2185,1693 4336,1696 4333,1570 4173,1536 3795,1593 3421,1530 3255,1587 2182,1562"/>
                <Baseline points="2200,1630 2245,1630 2290,1630 2334,1633 2379,1633 2424,1633 2469,1633 2513,1633 2558,1636 2603,1636 2648,1639 2693,1639 2737,1636 2782,1636 2827,1639 2872,1642 2917,1645 2961,1645 3006,1642 3051,1642 3096,1642 3140,1645 3185,1645 3230,1642 3275,1642 3320,1645 3364,1645 3409,1648 3454,1651 3499,1648 3543,1648 3588,1651 3633,1651 3678,1651 3723,1651 3767,1651 3812,1651 3857,1654 3902,1657 3947,1660 3991,1657 4036,1657 4081,1660 4126,1660 4170,1660 4215,1663 4260,1663 4305,1660 4344,1663"/>
                <TextEquiv>
                    <Unicode>Max: Herr Oberst, ich melde gehorsamst, dass ich</Unicode>
                </TextEquiv>
            </TextLine>
            <TextLine id="tr_2_tl_9" custom="readingOrder {index:8;}">
                <Coords points="2191,1848 3884,1819 4216,1888 4247,1710 3672,1670 2823,1762 2714,1699 2580,1750 2188,1696"/>
                <Baseline points="2206,1785 2251,1785 2295,1785 2340,1785 2385,1788 2430,1788 2475,1791 2519,1794 2564,1797 2609,1797 2654,1797 2699,1794 2743,1794 2788,1794 2833,1797 2878,1797 2922,1794 2967,1797 3012,1797 3057,1797 3102,1800 3146,1800 3191,1800 3236,1797 3281,1800 3326,1797 3370,1800 3415,1800 3460,1800 3505,1803 3549,1803 3594,1806 3639,1806 3684,1806 3729,1806 3773,1806 3818,1806 3863,1806 3908,1806 3953,1806 3997,1809 4042,1812 4087,1812 4132,1812 4176,1812 4221,1815 4251,1812"/>
                <TextEquiv>
                    <Unicode>der Kompagnie des Leutnant von Holzwarth zu-</Unicode>
                </TextEquiv>
            </TextLine>
        </TextRegion>
        <TextRegion id="tr_1" custom="readingOrder {index:1;}">
            <Coords points="1594,1893 4445,1893 4445,3706 1594,3706"/>
            <TextLine id="tr_1_tl_1" custom="readingOrder {index:0;}">
                <Coords points="2191,2013 4010,2008 4010,1893 3749,1845 3626,1902 2829,1845 2700,1913 2191,1845"/>
                <Baseline points="2206,1949 2251,1943 2295,1943 2340,1943 2385,1943 2430,1943 2475,1946 2519,1949 2564,1949 2609,1952 2654,1952 2699,1952 2743,1952 2788,1952 2833,1952 2878,1955 2922,1955 2967,1955 3012,1955 3057,1958 3102,1955 3146,1958 3191,1958 3236,1958 3281,1961 3326,1961 3370,1961 3415,1958 3460,1961 3505,1961 3549,1964 3594,1964 3639,1964 3684,1964 3729,1964 3773,1964 3818,1964 3863,1967 3908,1967 3953,1970 3997,1976 4018,1976"/>
                <TextEquiv>
                    <Unicode>gehöre, die sich eben in Bewegung setzt.</Unicode>
                </TextEquiv>
            </TextLine>
            <TextLine id="tr_1_tl_2" custom="readingOrder {index:1;}">
                <Coords points="2188,2171 4327,2171 4344,2079 2185,2025"/>
                <Baseline points="2203,2101 2248,2098 2292,2101 2337,2101 2382,2101 2427,2104 2472,2104 2516,2104 2561,2104 2606,2104 2651,2107 2696,2107 2740,2107 2785,2110 2830,2110 2875,2107 2919,2110 2964,2110 3009,2110 3054,2110 3099,2113 3143,2113 3188,2116 3233,2119 3278,2119 3323,2113 3367,2116 3412,2116 3457,2116 3502,2119 3546,2119 3591,2119 3636,2122 3681,2122 3726,2122 3770,2122 3815,2122 3860,2125 3905,2125 3950,2128 3994,2128 4039,2131 4084,2131 4129,2131 4173,2128 4218,2128 4263,2131 4308,2131 4350,2140"/>
                <TextEquiv>
                    <Unicode>Oberst: Bicht für Sie. Für Sie habe ich einen</Unicode>
                </TextEquiv>
            </TextLine>
            <TextLine id="tr_1_tl_3" custom="readingOrder {index:2;}">
                <Coords points="1616,2148 1696,2171 1770,2148 1805,2162 1919,2122 1999,2159 2074,2151 2076,2013 1991,2039 1913,2016 1899,2028 1839,1973 1750,2002 1725,1985 1670,1999 1619,1979"/>
                <Baseline points="1633,2125 1677,2125 1722,2122 1767,2122 1812,2119 1857,2119 1901,2119 1946,2119 1991,2119 2036,2116 2081,2116"/>
                <TextEquiv>
                    <Unicode>So one is 8</Unicode>
                </TextEquiv>
            </TextLine>
            <TextLine id="tr_1_tl_4" custom="readingOrder {index:3;}">
                <Coords points="1659,2251 1693,2262 1759,2257 1788,2274 1836,2248 1856,2257 1876,2248 1908,2265 1951,2248 1999,2254 2002,2188 1965,2191 1933,2174 1893,2194 1848,2185 1810,2202 1770,2199 1710,2225 1659,2214"/>
                <Baseline points="1674,2248 1692,2248 1737,2245 1782,2245 1827,2242 1872,2239 1916,2239 1961,2236 2006,2236"/>
                <TextEquiv>
                    <Unicode>in wohl</Unicode>
                </TextEquiv>
            </TextLine>
            <TextLine id="tr_1_tl_5" custom="readingOrder {index:4;}">
                <Coords points="2179,2299 4387,2314 4387,2196 4150,2222 3881,2136 3727,2211 2179,2196"/>
                <Baseline points="2194,2260 2239,2260 2284,2257 2328,2257 2373,2260 2418,2260 2463,2260 2507,2263 2552,2263 2597,2263 2642,2263 2687,2266 2731,2266 2776,2272 2821,2272 2866,2272 2911,2272 2955,2272 3000,2272 3045,2272 3090,2272 3134,2272 3179,2272 3224,2272 3269,2272 3314,2275 3358,2275 3403,2275 3448,2278 3493,2278 3538,2278 3582,2278 3627,2281 3672,2281 3717,2284 3761,2284 3806,2284 3851,2284 3896,2284 3941,2287 3985,2287 4030,2287 4075,2290 4120,2290 4165,2292 4209,2292 4254,2292 4299,2290 4344,2292 4388,2290 4394,2290"/>
                <TextEquiv>
                    <Unicode>andern Auftrag,einen wichtigeren vielleicht. / In</Unicode>
                </TextEquiv>
            </TextLine>
            <TextLine id="tr_1_tl_6" custom="readingOrder {index:5;}">
                <Coords points="1579,2420 1676,2422 1745,2397 1767,2408 1839,2371 1956,2385 1962,2337 1930,2325 1905,2291 1870,2291 1842,2268 1799,2265 1762,2285 1736,2274 1659,2325 1627,2294 1596,2299"/>
                <Baseline points="1594,2412 1606,2412 1651,2403 1695,2394 1740,2379 1785,2376 1830,2373 1875,2370 1919,2364 1964,2367"/>
                <TextEquiv>
                    <Unicode>in Rein</Unicode>
                </TextEquiv>
            </TextLine>
            <TextLine id="tr_1_tl_7" custom="readingOrder {index:6;}">
                <Coords points="2162,2471 3907,2437 4096,2540 4422,2474 4419,2342 4321,2322 2159,2314"/>
                <Baseline points="2179,2406 2224,2409 2269,2409 2313,2409 2358,2409 2403,2412 2448,2415 2493,2415 2537,2415 2582,2415 2627,2415 2672,2418 2716,2418 2761,2418 2806,2421 2851,2421 2896,2421 2940,2421 2985,2421 3030,2421 3075,2424 3120,2424 3164,2427 3209,2430 3254,2427 3299,2427 3343,2430 3388,2427 3433,2430 3478,2430 3523,2433 3567,2433 3612,2433 3657,2433 3702,2433 3747,2436 3791,2436 3836,2436 3881,2436 3926,2436 3970,2439 4015,2442 4060,2442 4105,2442 4150,2442 4194,2445 4239,2445 4284,2445 4329,2445 4374,2442 4418,2445 4430,2445"/>
                <TextEquiv>
                    <Unicode>diesem Hause befindet sich der Major Wilhelm vom</Unicode>
                </TextEquiv>
            </TextLine>
            <TextLine id="tr_1_tl_8" custom="readingOrder {index:7;}">
                <Coords points="3581,2543 3658,2508 3701,2517 3741,2505 3778,2508 3804,2531 3838,2534 3835,2451 3804,2440 3769,2448 3744,2468 3695,2442 3655,2448 3615,2431 3578,2442"/>
                <Baseline points="3594,2499 3639,2501 3684,2504 3729,2504 3773,2504 3818,2507 3842,2510"/>
                <TextEquiv>
                    <Unicode>Joh T.</Unicode>
                </TextEquiv>
            </TextLine>
            <TextLine id="tr_1_tl_9" custom="readingOrder {index:8;}">
                <Coords points="2168,2648 4410,2637 4407,2514 4210,2488 4030,2548 2165,2477"/>
                <Baseline points="2182,2564 2227,2564 2272,2567 2316,2570 2361,2570 2406,2570 2451,2570 2496,2570 2540,2573 2585,2573 2630,2576 2675,2576 2719,2579 2764,2579 2809,2579 2854,2582 2899,2582 2943,2582 2988,2582 3033,2582 3078,2582 3123,2582 3167,2582 3212,2585 3257,2585 3302,2585 3346,2585 3391,2585 3436,2585 3481,2585 3526,2591 3570,2591 3615,2591 3660,2591 3705,2591 3750,2594 3794,2597 3839,2594 3884,2597 3929,2597 3973,2597 4018,2597 4063,2600 4108,2600 4153,2600 4197,2600 4242,2600 4287,2603 4332,2603 4376,2603 4415,2603"/>
                <TextEquiv>
                    <Unicode>Generalstab. Er ist verhaftet. Sie werden sofort</Unicode>
                </TextEquiv>
            </TextLine>
            <TextLine id="tr_1_tl_10" custom="readingOrder {index:9;}">
                <Coords points="1599,2623 1733,2623 1779,2643 1859,2620 1888,2646 2005,2620 2051,2651 2088,2634 2085,2525 2033,2523 2005,2551 1893,2574 1727,2523 1596,2523"/>
                <Baseline points="1615,2603 1660,2606 1704,2609 1749,2615 1794,2615 1839,2618 1883,2621 1928,2618 1973,2615 2018,2615 2063,2618 2092,2621"/>
                <TextEquiv>
                    <Unicode>Theipr get of</Unicode>
                </TextEquiv>
            </TextLine>
            <TextLine id="tr_1_tl_11" custom="readingOrder {index:10;}">
                <Coords points="2174,2797 4250,2783 4190,2686 3864,2691 3755,2620 3541,2677 2937,2603 2740,2680 2174,2651"/>
                <Baseline points="2188,2719 2233,2722 2278,2722 2322,2725 2367,2725 2412,2725 2457,2728 2501,2728 2546,2728 2591,2728 2636,2731 2681,2728 2725,2728 2770,2731 2815,2731 2860,2731 2905,2734 2949,2734 2994,2737 3039,2737 3084,2737 3128,2737 3173,2737 3218,2737 3263,2740 3308,2740 3352,2740 3397,2740 3442,2743 3487,2743 3532,2743 3576,2746 3621,2746 3666,2749 3711,2749 3755,2749 3800,2749 3845,2752 3890,2752 3935,2752 3979,2752 4024,2752 4069,2752 4114,2752 4159,2752 4203,2752 4248,2755 4257,2758"/>
                <TextEquiv>
                    <Unicode>die Wache vom Rittmeister Riemerschmied über-</Unicode>
                </TextEquiv>
            </TextLine>
            <TextLine id="tr_1_tl_12" custom="readingOrder {index:11;}">
                <Coords points="1613,2803 1693,2760 1810,2768 1839,2754 1859,2768 1910,2748 2045,2771 2045,2625 1873,2640 1808,2668 1733,2623 1642,2648 1613,2640"/>
                <Baseline points="1630,2737 1674,2734 1719,2731 1764,2731 1809,2734 1854,2737 1898,2734 1943,2734 1988,2734 2033,2737 2051,2740"/>
                <TextEquiv>
                    <Unicode>Yours di</Unicode>
                </TextEquiv>
            </TextLine>
            <TextLine id="tr_1_tl_13" custom="readingOrder {index:12;}">
                <Coords points="1624,2914 1707,2903 1753,2929 1767,2920 1799,2932 1839,2923 1885,2877 1982,2911 1979,2794 1945,2817 1825,2803 1796,2820 1773,2803 1730,2820 1682,2811 1647,2849 1624,2851"/>
                <Baseline points="1639,2878 1683,2869 1728,2869 1773,2875 1818,2875 1863,2875 1907,2875 1952,2878 1988,2881"/>
                <TextEquiv>
                    <Unicode>que vous</Unicode>
                </TextEquiv>
            </TextLine>
            <TextLine id="tr_1_tl_14" custom="readingOrder {index:13;}">
                <Coords points="2154,2909 4167,2960 4362,2920 4362,2857 2151,2797"/>
                <Baseline points="2170,2878 2215,2878 2260,2881 2304,2881 2349,2884 2394,2884 2439,2884 2484,2887 2528,2884 2573,2884 2618,2884 2663,2884 2708,2887 2752,2887 2797,2890 2842,2893 2887,2893 2931,2893 2976,2896 3021,2896 3066,2896 3111,2896 3155,2896 3200,2896 3245,2896 3290,2896 3334,2899 3379,2902 3424,2899 3469,2902 3514,2902 3558,2905 3603,2905 3648,2908 3693,2908 3738,2905 3782,2908 3827,2908 3854,2908 3887,2908 3932,2908 3976,2911 4021,2914 4066,2914 4111,2914 4156,2917 4200,2917 4245,2917 4290,2917 4335,2919 4368,2925"/>
                <TextEquiv>
                    <Unicode>nehmen, haften mir für ihn und sobald die letzte</Unicode>
                </TextEquiv>
            </TextLine>
            <TextLine id="tr_1_tl_15" custom="readingOrder {index:14;}">
                <Coords points="3189,2966 3218,2969 3229,2957 3263,2952 3309,2986 3366,3003 3363,2914 3326,2917 3312,2911 3295,2920 3280,2906 3252,2917 3229,2903 3209,2911 3189,2909"/>
                <Baseline points="3206,2940 3251,2943 3296,2946 3340,2943 3370,2943"/>
                <TextEquiv>
                    <Unicode>und</Unicode>
                </TextEquiv>
            </TextLine>
            <TextLine id="tr_1_tl_16" custom="readingOrder {index:15;}">
                <Coords points="2162,3049 2351,3115 2511,3052 4364,3120 4407,2986 3572,2920 3398,3000 2397,2977 2159,2911"/>
                <Baseline points="2179,3033 2224,3039 2269,3042 2313,3042 2358,3042 2403,3042 2448,3042 2493,3042 2537,3042 2582,3042 2627,3042 2672,3042 2716,3042 2761,3042 2806,3045 2851,3048 2896,3048 2940,3048 2985,3051 3030,3051 3075,3051 3120,3051 3164,3054 3209,3054 3254,3054 3299,3054 3343,3057 3388,3057 3433,3057 3478,3057 3523,3060 3567,3060 3612,3060 3657,3060 3702,3060 3747,3063 3791,3063 3836,3063 3854,3063 3890,3072 3935,3069 3979,3069 4024,3072 4069,3075 4114,3075 4159,3075 4203,3075 4248,3075 4293,3075 4338,3075 4382,3075 4415,3078"/>
                <TextEquiv>
                    <Unicode>Hompagnie und ich mit ihr abgeritten sind, werden</Unicode>
                </TextEquiv>
            </TextLine>
            <TextLine id="tr_1_tl_17" custom="readingOrder {index:16;}">
                <Coords points="2168,3235 2391,3206 2820,3263 2923,3229 3095,3252 3092,3146 3009,3117 2448,3149 2408,3112 2165,3103"/>
                <Baseline points="2182,3185 2227,3188 2272,3188 2316,3191 2361,3194 2406,3194 2451,3194 2496,3194 2540,3194 2585,3197 2630,3197 2675,3200 2719,3200 2764,3206 2809,3203 2854,3203 2899,3206 2943,3206 2988,3206 3033,3209 3078,3212 3099,3215"/>
                <TextEquiv>
                    <Unicode>Die ihn-frei lassen.</Unicode>
                </TextEquiv>
            </TextLine>
            <TextLine id="tr_1_tl_18" custom="readingOrder {index:17;}">
                <Coords points="2139,3401 2339,3395 2428,3423 2548,3349 2651,3360 2700,3406 2826,3389 2826,3278 2763,3258 2677,3303 2482,3275 2425,3240 2322,3278 2279,3249 2139,3275"/>
                <Baseline points="2155,3340 2200,3340 2245,3343 2290,3346 2334,3349 2379,3349 2424,3352 2469,3352 2513,3352 2558,3349 2603,3349 2648,3349 2693,3352 2737,3352 2782,3352 2827,3355 2833,3352"/>
                <TextEquiv>
                    <Unicode>Max: Und dann?</Unicode>
                </TextEquiv>
            </TextLine>
            <TextLine id="tr_1_tl_19" custom="readingOrder {index:18;}">
                <Coords points="3707,3360 3752,3375 3864,3452 3932,3418 3970,3423 3970,3220 3921,3232 3861,3180 3758,3226 3707,3215"/>
                <Baseline points="3723,3397 3767,3394 3812,3388 3857,3391 3902,3391 3947,3394 3976,3397"/>
                <TextEquiv>
                    <Unicode>The 9</Unicode>
                </TextEquiv>
            </TextLine>
            <TextLine id="tr_1_tl_20" custom="readingOrder {index:19;}">
                <Coords points="2145,3546 4430,3575 4402,3398 4267,3461 3489,3369 3223,3438 2142,3421"/>
                <Baseline points="2158,3496 2203,3496 2248,3499 2292,3499 2337,3499 2382,3502 2427,3502 2472,3502 2516,3502 2561,3502 2606,3505 2651,3505 2696,3505 2740,3508 2785,3508 2830,3508 2875,3508 2919,3508 2964,3508 3009,3511 3054,3511 3099,3514 3143,3514 3188,3514 3233,3517 3278,3517 3323,3517 3367,3517 3412,3520 3457,3517 3502,3520 3546,3526 3591,3529 3636,3529 3681,3526 3726,3529 3770,3529 3815,3532 3860,3532 3905,3532 3950,3532 3994,3532 4039,3532 4084,3535 4129,3535 4173,3535 4218,3538 4263,3538 4308,3538 4353,3535 4397,3535 4433,3532"/>
                <TextEquiv>
                    <Unicode>Oberst: Ist Ihr fienst zu Ende. Ich wollte es Ih-</Unicode>
                </TextEquiv>
            </TextLine>
            <TextLine id="tr_1_tl_21" custom="readingOrder {index:20;}">
                <Coords points="2145,3732 2331,3669 2777,3755 3212,3675 3870,3795 4144,3707 4444,3729 4442,3615 2437,3541 2142,3595"/>
                <Baseline points="2158,3648 2203,3651 2248,3651 2292,3651 2337,3654 2382,3654 2427,3657 2472,3654 2516,3657 2561,3657 2606,3657 2651,3657 2696,3660 2740,3660 2785,3660 2830,3660 2875,3663 2919,3666 2964,3666 3009,3666 3054,3666 3099,3666 3143,3669 3188,3669 3233,3675 3278,3675 3323,3672 3367,3675 3412,3675 3457,3675 3502,3675 3546,3678 3591,3681 3636,3681 3681,3681 3726,3681 3770,3681 3815,3681 3860,3684 3905,3687 3950,3687 3994,3690 4039,3687 4084,3690 4129,3690 4173,3693 4218,3693 4263,3696 4308,3696 4353,3693 4397,3693 4442,3690 4445,3690"/>
                <TextEquiv>
                    <Unicode>nen nicht verbieten Max, mit uns einen Spazierritt</Unicode>
                </TextEquiv>
            </TextLine>
        </TextRegion>
    </Page>
</PcGts>
