5736 4200
2568 262 3050 501 8/7.7931.
3028 505 3644 661 Zu Seite 323
3028 722 3941 942 Oberst, Irene, Max.
3028 837 5378 1079 Irene: Du willst deine Rolle gut zu Ende spielen,
3024 1073 5247 1201 das ist alles. Was hast du vor mit uns Beiden?
3772 1159 4066 1262 letzte
3018 1188 5413 1431 Tu's gleich! Uns in Wahnsinn treiben, eh du es tust,
3066 1380 4682 1546 ist über das Recht des Betrogenen.
3443 1450 3606 1546 Det
3024 1520 5100 1712 Oberst: In keiner Sekunde war ich’s weniger.
3012 1674 5314 1859 Treue: Warum zögesrt du? (Mach es rasch und marter
3024 1792 4650 2012 uns nicht,ehe wir sterben müssen. +
4851 1782 5429 2050 The F.M.
4267 1929 4423 2022 Ihr
5065 1977 5276 2095 une
3024 1951 5088 2140 Oberst: Vielleicht müsst xxx es gar nicht.
3005 2124 5516 2290 Irene: Oder juckt es dich den Grossmütigen zu spielen
4522 2223 5097 2341 decur boft
3005 2290 5413 2466 Zu spielen, ja. Denn ich glaube dir das so wenig wie
3005 2389 5490 2628 alles andere. Auch (in diesem Augenblick) ist in deiner
4963 2529 5273 2625 nicht zu
3012 2529 5452 2785 Deele (nicht Hoheit) kein Zorn, kein Schmerz, nicht ein-
2999 2702 5343 2913 mal Ekel ist in dir. Du willet deine Rolle mit An-
2999 2826 5567 3088 stand zu Ende agieren, das ist alles. (Es wird dir leicht
2999 2996 5436 3229 gelingen. Ob du tötest, ob du verachtest), ob du begna¬
3002 3155 5286 3376 digst, du musst in jedem Falle Recht behalten. Du
3657 3290 4292 3427 12 last a 8,6
3002 3325 4280 3539 bist ja der Stärkere.
4344 3353 5215 3539 Mit der Stadt mit
2996 3472 5420 3705 Oberst: Deine Holle (in dieser Angelegenheit ist von
2989 3615 5433 3829 geringerer Bedeutung als du direinbildest. Nur mit xxx
