4712 4264
3985 502 4147 669 309
3441 538 4025 803 1. p. 1. 2. p
2019 581 3314 812 Albrecht: Sühne vielleicht?
2016 790 3253 948 Max: Lohn - Gerechtigkeit! -
2696 927 2909 1024 & her
3563 912 4235 1125 nasse zu M. to
2019 955 3432 1128 Albrecht: Und immer wieder er.
3864 1085 4007 1201 se
3298 1116 3387 1158 G. A.
2012 1094 3894 1292 Max: Wie meinet du das?) - Nota (Gw. v.
2019 1240 4283 1432 Ilbrecht: Immer noch von diesem bösenüberhebli-
2019 1408 4077 1602 chen, tückischen Geist vergiftet, der uns alle
4107 1426 4268 1620 ins
2055 1566 4372 1763 erderben schickt. Die ganze Cortege muss ihm nach
2012 1699 4177 1888 springen. Brächte ich den Mut nur auf ihm es im
2012 1870 4144 2079 letzten Moment noch ins Gesicht zu schleudern.
3347 2003 3621 2095 und
1994 2064 4444 2240 Max: Würdest du ihn im allerletzten Augenblick
3083 2171 3906 2347 Mit wollt auf Jahr.
2009 2168 2873 2386 doch verstehen! +
1997 2313 4296 2569 Albrecht: Lange Zeit hätt' ich nimmer dazu. Keine
2064 2529 4089 2700 tunde mehr und es wird zum Angriff geblasen.
1988 2651 3083 2824 Max: Ist der Befehl da?
2016 2766 4438 3000 Albrecht: Er wird lauten, wie es dem Oberst beliebt. -
2560 2915 3435 3028 Sur d'Amir: - Testafele
1529 2830 1909 3064 Mr im p.
3684 2943 4022 3043 E.A.S.
4204 3000 4378 3107 it &
1970 2979 4207 3119 Max: Endlich, endlich! Und er wird mir verzeihen
1566 3031 1842 3159 Mün
2593 3070 3241 3180 re allant,
2168 3067 2259 3156 4
3478 3089 4189 3192 your last years.
1593 3140 1867 3225 not.
1988 3125 4408 3353 Und ich werde seine Verzeihung fühlen, auch ohne, dass
1569 3210 1848 3374 ahmpp.
1982 3253 2848 3441 er sie ausspricht.
2903 3308 3836 3478 Durch M. A. G. M.
1961 3365 4046 3575 Albrecht: Kränkt's dich noch immer, dass der
4061 3402 4372 3566 Oberst
1979 3563 4372 3691 dich überhaupt nicht sieht? Dass du einer unter den
1976 3675 4320 3925 Andern für ihn bist - weniger als die Andern, weni¬
