4888 4152
3982 438 4241 581 unsere.
2310 534 4389 755 Max: (geht zum Tisch, nimmt den Revolver,schaut
2316 779 4406 920 um sich. Nach kurzer Ueberlegung) Nicht hier.
2305 892 4436 1099 (Er nimmt Mantel und Kappe, schnallt den Säbel
2310 1052 2886 1239 um, zur Türe
2310 1214 3084 1391 Albrecht herein.
2310 1360 4414 1517 Albrecht: Wohin willst du? Was ist geschehen?
2297 1523 4502 1707 Der Oberst war bei dir? Ich ahne. Ich sah Irene
2277 1666 4241 1881 (über den Hof gehen, davon stürzen. Sprich!
2294 1826 4310 1983 Max: Lass mich! Es ist vergeblich mich zu-
2297 1985 2930 2173 rückzuhalten.
2286 2137 3026 2291 Albrecht: Rede!
2277 2244 3965 2481 Max: Worte sind Aufschub und Schall.
4100 2396 4409 2553 vrare
2286 2456 4260 2649 Albrecht: Du wærst mein Freund „du bist es.
2280 2624 4456 2812 Max: Nichts bin ich mehr, also auch dein Freund
2280 2787 4293 2960 nicht mehr. Nicht Offizier mehr, also nichts
2275 2919 3065 3112 mehr. Lass mich!
2294 3079 4434 3274 Albrecht: Du bist nicht bei mir. Nicht Offizier
2280 3266 4323 3401 mehr? Wieso? Wenn er dein Ende wollte, warum
2275 3382 4489 3552 hat er dich nicht einfach niedergeschossen? Das
