5848 4312
5127 434 5325 629 345
3088 626 4445 821 (Albrecht eine Weile allein).
3112 773 5184 961 Albrecht: (für sich) Wenn es mir beliebt...?
3106 925 5157 1192 Max: (kommt aus der Gegend des Waldes) Guten
3106 1162 4199 1309 Morgen,Herr Leutnant
3112 1261 5466 1426 Albrecht: Lass die Spässe! Eh die Sonne im Mittag
3112 1411 5283 1620 steht wird es keine Leutrants geben und keine
3118 1629 5343 1833 Freiwilligen und keine gemeinen Soldaten. Keine
3118 1827 4831 2001 Helden und keine Narren mehr.
3100 1914 4304 2088 Max: Wann endlich - wann?
3097 2067 5508 2297 Albrecht: Ist es dir gar so eilig? Wenn du vernünf-
3124 2282 3783 2423 tig wärst - -
3118 2390 4217 2633 Max: Nichts mehr davon.
3118 2585 5259 2710 Albrecht: Hast du geschlafen in dieser Nacht?
3118 2678 5499 2902 Max: Es war keine Ruhe im Lager. Nach Sonnenunter-
3130 2818 5109 3064 gang kam allerlei Weibsvolk aus der Stadt.
3124 2965 5310 3265 Albrecht: Hättest dir auch noch eine vergnügte
3130 3208 4100 3387 Nacht machen können.
3112 3277 5394 3462 Max: Ich blieb nicht unten. Ich war im Wald. Es
3130 3453 5154 3609 war schön. Ich habe viel zu träumen gehabt,
