4712 4216
4019 485 4194 694 30L
3871 498 3991 734 1
1982 636 4228 873 Wachtmeister: Legt Euch lieber noch hin die zwei
3810 857 4234 1005 Mr W
1994 897 3712 1048 oder drei Stunden, die wir noch haben.
3761 946 4022 1060 o affec
1973 1011 4418 1207 2x Zweiter: Ist es denn so ausgemacht, dass wir heute
3122 1115 4160 1330 Solle der Leiben.
1982 1180 2891 1355 ins Gefecht kommen?
1976 1330 4338 1506 Erster:Was fragst du den Herrn Wachtmeister. Hätt
1985 1506 4381 1678 uns der Herr Oberst so locker gelassen, wenn’s nicht
1985 1635 3398 1825 die letzte Nacht gewesen wäre?
1976 1794 4262 1957 Zweiter: Ist eine neue Meldung da,Herr Wacht-
1976 1963 2387 2148 meister?
1988 2102 4421 2280 Wachtmeister: Die Meldungen kommen ja nicht an mich.
3825 2203 4384 2357 Wir soll ein
1994 2243 4421 2427 Der Oberst weiss, wie die Dinge stehen.
1985 2424 4384 2584 Erster: Es ist heute ein guter Tag zu sterben. Eine
2667 2510 2842 2621 from
2092 2513 2307 2612 Catt
2000 2532 4320 2741 schönere Nacht kommt doch nicht wieder.
3146 2648 3884 2756 Watte Wert kein
2323 2655 2882 2762 wer auf 108)
1982 2725 4289 2888 Zweiter: Abend gleich wie's dunkel wurde sind die
1985 2873 3687 3060 Frauenzimmer aus der Stadt gekommen.
3632 2904 4298 3112 dit sel en peu P. A.
1963 3005 4099 3202 (Wachtmeister: (lacht) verächtlich) zuerfahren
2000 3171 4470 3331 Erster: Es waren nicht lauter solche, wie sie denken,
1982 3269 4381 3493 Herr Wachtmeister. Waren sehr feine darunter, präch
1994 3475 2581 3635 tig angetan.
2006 3573 3278 3788 Zweiter: Im Anfang angetan.
2006 3675 4403 3924 Erster: Manche haben sicher nur die Gelegenheit be-
