6024 4200
5393 388 5582 559 358
3474 585 5686 842 Oberst: (reicht ihm die Hand) Sie reiten in der
3474 813 4406 938 nächsten Minute ab.
3462 970 4102 1080 Albrecht: (ab)
3445 1028 5738 1262 Richtiger, wenn Max noch während dieses Gesprächs
3471 1288 3819 1421 kommt.
3468 1517 4027 1696 Max, Oberst.
3454 1668 5773 1879 Auf das Signal, das dem Zug des Leutrants Albrecht
3486 1841 5787 2021 gilt, müsste Max erscheinen, so dass der Oberst ihn
3486 2006 4235 2218 aufhalten kann.
3491 2154 4835 2351 Oberst: (zu Max) Sie bleiben!
3477 2302 5654 2484 Max: Herr Oberst, ich melde gehorsamst, dass ich
3491 2449 5735 2632 der Compagnie des Leutnant von Holzwarth zugehö-
3503 2611 5182 2814 re,die sich eben in Bewegung setzt.
3515 2762 5744 2930 Oberst: Nicht für Sie. Ich wollte es Ihnen nicht
3515 2921 5802 3101 verbieten, Max mit uns einen Spazierritt zu machen
3500 3083 5831 3257 Nun ist der Spass zu Ende. In meinem Regiment
3486 3237 5735 3431 werden Sie nicht sterben, an meiner Seite nicht.
3497 3384 5674 3593 Für Sie habe ich einen andern Auftrag. Hier im
