4888 4152
3838 402 4027 503 G24
2129 646 3048 738 wir sterben müssen.
2758 710 3240 816 s'est du très
2160 793 3008 911 Oberst: Müsst Ihr?
2149 939 4271 1040 rene: Oder juckt es dich den Grossmütigen zu
2137 1083 3157 1215 spielen? Grossmut glav
3229 1097 4306 1270 ich dir so wenig wie
2605 1192 3157 1264 it in the
2143 1229 4429 1408 alles andere. Nichts ist in dir,-in diesem Augen
2140 1370 4257 1531 blicke nichts.in deiner Seele kein Zorn,kein
2137 1520 4369 1735 Schmerz, nicht einmal Ekel.-Du willst deine Rolle
2120 1695 4386 1870 mit Anstand zu Ende spielen, das ist alles. Ob du
2137 1859 4346 2025 tötest,ob du begnadigst - Komödie,was immer du
2137 2014 4294 2177 tust. Und den Dank bleibe ich dir schuldig, ob
2117 2143 3548 2338 du Mord wählst oder ob Gnade.
2140 2321 2732 2462 Oberst: Geh!
2120 2473 3053 2657 Irene: (steht starr)
2111 2631 4418 2795 Oberst: (Mit dir bin ich zu Ende.) Du sollst gehen,
2111 2806 4240 2918 sagte ich. Wohin du gehörst - auf die Strasse!
2453 2907 3028 3002 d in e huit
2108 2944 4386 3134 Mit dem Herrn Leutnant habe ich noch ein Wort zu
2120 3079 2855 3286 reden. Du geh! -
2114 3260 2700 3441 Irene: (ab).
2238 3398 2769 3599 Max. Oberst.
2766 3496 2944 3614 alit
2209 3559 4383 3729 Max: Hier bin ich, Herr Oberst, machen Sie ein
