5880 4376
627 95 1013 241 comme le
4989 487 5188 698 353
3102 639 5366 933 (Von einem Soldaten geleitet tritt die Ordonnanz
3090 879 5078 1055 auf. Adjutant des Generals und ein Major.)
3102 1025 5414 1218 Adjutant: (stellt sich vor) Major Wilhelm, Adjutandt
3105 1188 4962 1382 Seiner Exzellenz des Generals Baudisch.
3123 1349 4504 1536 berst: (reicht ihm die Hand)
3126 1512 5449 1688 Major Wilhelm; (gibt ihm eine verschlossene Ordre)
3129 1691 4510 1845 Vom Generalstab,Herr Oberst.
3129 1821 5515 2009 Oberst: (fliegt den Befehl rasch durch) Ihren Degen,
3129 1994 3771 2181 Herr Major
3141 2127 4579 2335 Major Wilhelm: (versteht ndnt)
3155 2288 4252 2499 Oberst: Ihren Degen!
3152 2422 5253 2612 Major Wilhelm: Warum, Herr Oberst? Weleh ein
3152 2624 3940 2769 Missverständnis.
3167 2707 4718 2945 Oberst: Leider nicht,Herr Major.
3144 2909 5497 3081 Major: Ich komme vom Generalstab, Seiner Exzellenz
3176 3075 4932 3221 ich habe den Befehl sofort wieder...
3536 3170 3946 3268 ce deux tels
3164 3158 5470 3378 Oberst: In diesem Augenblick befehle nur ich, Herr
3164 3372 5408 3524 Major. Wir stehen fünfhundert Schritte weit vom
3173 3509 5304 3705 Feind,-dreihundert. Sie werden hier im Hause,
3155 3678 5476 3901 Herr Major, meine weiteren Befehle abwarten. (zum
