6024 4072
5336 383 5532 630 329
3453 585 5639 820 ihm die Wahrheit gesagt, so wäre ich wieder wert
3447 793 5595 954 gewesen an seiner Seite zu sterben. Hätte ich
3438 969 5666 1120 ihm die Wahrheit gesagt, so dürfte ich leben bis
3444 1111 5568 1310 zu dem Augenblick, da es unser aller,da es der
3438 1295 4597 1432 ersehnte Tod sein würde.
3447 1417 5628 1602 Albrecht: Lässt du dich immer noch von ihm zum
3429 1581 5705 1765 Narrn machen? (Stirb meinethalben, aber wisse doch
3414 1756 5806 1943 wofär. Komm wenigstens zu dir ehe du stirbst.
3375 1872 5749 2107 Max: Nie war ich so klar wie in diesem Augenblick
3438 2074 5354 2249 Albrecht: Der Wirrste von allen Lita
3414 2217 5628 2422 Max: Du sollet ihn nicht hassen, -ich ertrag es
3417 2410 3732 2540 nicht.
5010 2457 5529 2594 in by the
3423 2511 5547 2707 Albrecht: Ja, ich habe ihn und ich will es ihm
3417 2689 5452 2894 noch sagen. Ich hass ihn, weil uns nicht als
3411 2817 5538 2992 gleichwerige Menschen nimmt oder sichals eine
3402 2974 5737 3212 Art Gott, weil er imstande wäre um einer Laune wil-
3408 3135 5663 3328 len uns zu Affen zu machen so gut wie zu Helden.
3411 3274 5467 3450 Weil er mit uns spielt - darum hass ich ihn.
3390 3420 5544 3652 Max: Partner am pieltisch,sagte eine, die ihn
