4712 4248
1921 265 2582 495 Hulons Esq
2780 384 3659 594 Ratt sich hommen
4038 431 4213 664 311.
2012 614 2999 812 beinahe unkenntlich.)
1520 693 1785 847 Kath.
1971 745 4213 972 Es ist möglich, dass Katharina sie be-
1543 830 1817 987 him -
1988 900 4143 1124 gleitet und zu Max bringt, worauf Marie zuerst
4172 1031 4314 1191 s a
1988 1066 3712 1310 gen würde: Lass mich mit ihm allein.]
1962 1220 4044 1418 Max: Du? Du, Marie? (Wie ist denn das möglich?
1962 1383 4236 1645 Marie: (sinkt vor ihm nieder, ergreift seine Hände
1968 1514 3840 1741 und bedeckt sie mit Küssen) Ich bin da!
1951 1686 4294 1916 Max: Wie kommst du hieher? Rasch! Warum? Ich habe
1942 1834 2722 2023 nicht viel Zeit.
2987 1884 3415 2055 br de r
1936 1988 4250 2186 Marie: Ich vielleicht noch weniger. Beinah schon
1936 2114 4157 2344 hatt ich verzweifelt dich zu finden - im letzten
1965 2253 4149 2527 Eugenblick-auf geheimen Wegen-gehetzt-auch unweg
1924 2402 2975 2591 samen Pfaden oft -(bei
3001 2489 4178 2661 Tag musst ich mich verber
1936 2603 2192 2734 gen...
3779 2696 3948 2830 M
1919 2739 4137 2993 Max: Warum denn das? Warum verbergen? Es war tö-
1913 2905 4221 3159 richt, wahnwitzig mir zu folgen, aber xxx ein Verbre
1919 3054 2734 3188 chen doch nicht!
2868 3089 3261 3261 in the Velt
1889 3191 4084 3421 Marie: Dir zu folgen nicht. Doch was vorher ge-
1892 3351 2649 3502 schah.
1878 3444 3234 3645 Max: Ich versteh dich nicht.
1878 3575 4105 3869 Marie: Steht es mir denn nicht auf der Stirn ge¬
