4824 4136
4133 362 4322 523 333
2238 489 4110 639 Tage haben wir doch nicht mehr vor uns.-
4121 583 4288 775 (zu
2204 668 4028 860 Max: (Ich habe gewählt. Hier bin ich.
2204 812 3211 1004 Marie: Max! di und
2187 965 4464 1157 Max: Lebwohl, Marie! Ich danke dir, dass du gekom-
2204 1123 4373 1296 men bist,die Tage, die noch vor uns liegen,wer-
2209 1279 4427 1525 den hundertfachen Glanz von dir empfangen. Leb-
2209 1417 3126 1660 wohl, ich danke (dir.
2232 1519 4382 1759 (Draussen Trompetenzeichen und andere Signale.
2209 1754 3196 1890 Max und Albrecht ab)
2201 1921 3728 2093 Marie: Nun weiss ich meinen Weg.
