5784 4264
4926 437 5116 555 321
3119 555 4232 775 spielt haben, nicht ich!
3119 691 4956 896 Marie: Und am Ende doch du - 3/4
3152 845 5309 1113 (Der Offizier und die Ordonnanz kommen aus dem
2700 848 2989 1104 Spil
3119 1053 3496 1234 Hause.)
3131 1185 5110 1403 Offizier: (zur Ordonnanz) Ich hab esgeahnt.
3143 1366 5342 1562 Ordonnanz: Wenn Sies ahnten, warum haben Sie es
3137 1526 5278 1713 nicht gesagt? Es geschieht ein Verbrechen. Das
2624 1526 2992 1656 & t weer
2597 1641 2944 1837 Mernn
3131 1683 5324 1867 ganze Regiment ist verloren. Der Befehl sollte
3131 1807 4732 2000 es verhindern. Nun ist es zu spät.
3125 1988 4907 2172 Offizier: Leben Sie wohl,Herr Major.
3128 2102 5345 2286 Ordonnanz: Sie handeln gegen den Befehl, den Sie
3137 2283 3897 2416 ja jetzt kennen.
3137 2404 5441 2600 Offizier: Wünschen Sie, Herr Major, dass ich hinter
3131 2573 4907 2730 den Reihen uud durch meine Hand.
5010 2639 5468 2775 stes Umst
3143 2684 5562 2917 Ordonnanz: Welche unselige Macht geht von ihm aus?
3143 2844 4084 3083 Offizier:/rasch ab.)
3119 3043 5484 3218 Katharina: (bringt in ihrem Wagelchen den toten Al¬
3137 3206 3803 3402 brecht zurück)
3113 3279 5390 3517 (Man müsste sie natürlich vorher in der Richtung
3122 3451 5100 3659 fortgehen gesehen haben.) Marie zu ihr hin
3119 3641 4006 3837 Marie: (zu ihr hin)
