5816 4248
5036 554 5216 661 ja 319
3013 661 5207 871 der Kompagnie des Leutnant von Holzwart, zuge-
3010 853 3522 1002 teilt bin.
3908 892 4534 1065 Yours Esqr
3004 1014 5267 1212 Oberst: Für Sie habe ich einen andern Auftrag,
2998 1146 3307 1296 Max. -
2990 1296 4124 1511 Max: Herr Oberst - -
2998 1466 5386 1667 Oberst: Sie werden das junge Mädchen, das Ihnen hie-
2998 1643 5249 1787 her gefolgt ist, zur Stadt begleiten und dort dem
3007 1819 5333 1990 Gerichte einliefern. Der Haftbefehl ist schon ges-
3013 1978 5294 2167 tern Abend hier eingelangt,ich habe es vorgezogen
3001 2128 4926 2301 ihn nicht öfrentlich verlauten zu lassen.
2995 2292 5357 2457 Max: Wenn Herr Oberst es so wünschen wird sie sich
3001 2436 5386 2556 persönlich an Ort und Stelle melden. Ich bin blauer
2990 2606 5219 2753 Kürassier, Herr Oberst, ich gehöre dem Zuge des
2995 2732 5401 2948 Herrn Leutnant von Holzwarth an, ich habe anderes zu
3004 2891 3229 3040 tun.
3771 2930 3926 3094 by.
2998 3046 5398 3205 Oberst: Ich wollte es Ihnen nicht verbieten, Max,mit
2990 3205 5339 3361 uns einen Spazierritt zu machen. Nun ist der Spass
2990 3334 5378 3549 zu Ende. In meinem Regiment werden Sie nicht ster-
2998 3489 3220 3678 ben.
2978 3666 4172 3768 Marie: (tritt jetzt herzu)
