4728 4168
3932 451 4108 589 358
2089 542 4298 815 Marie: Nichts habe ich als dich. Leben und Welt
2089 750 2394 923 genug.
2092 897 3894 1055 (Dies natürlich nur, wenn sie noch nicht
3932 955 4313 1108 im zwei-
2089 1049 4374 1204 ten Akt den Tod ihres Vaters berichtet hat. Jetzt
2083 1187 3985 1395 keineswegs noch etwas von der Ermordung.)
2072 1362 4421 1588 Meldung, dass die letzte Kompagnie mit dem Obersten
2080 1512 4307 1691 abgeritten ist. Keiner mehr von dem ganzen Regi-
2074 1664 4269 1899 ment ist da. Jetzt reitet auch noch der Erstat-
2072 1811 3434 2030 ter der letzten Meldung ab.
2060 2004 3747 2165 Max lässt nun den Major befreien.
2066 2124 4190 2309 Sandet eventuell die Ordonnanz zu ihm, die ihm
2069 2277 3753 2520 denAbritt des Oberst berichtet hat.-
2066 2441 3478 2608 Marie: Was bedeutet das alles?
2060 2599 3457 2772 Der Major kommt aus dem Hause.
2060 2766 3484 2977 Max: Herr Major,Sie sind frei!
2060 2918 4243 3062 Major Wilhelm: Wer sind Sie? Was für eine Unge-
2045 3053 4395 3238 heuerlichkeit, dass ich der Freiheit beraubt wurde.
2054 3200 4231 3452 Der Oberst wird vor ein Kriegsgericht kommen,
3478 3364 4544 3542 Jung du lieu de huit
2054 3367 3478 3522 er jagt die Leute in den Tod.
3583 3443 4058 3598 or under
2054 3507 4155 3747 Max: Kriegsgericht-? Er erlebt es nicht mehr.
