5846 3976
5313 293 5508 540 327
3312 506 5503 722 Recht wäre ihm zugestanden. Aber dich einfach
3321 664 5345 883 verurteilen - das wäre doch -
3292 808 4416 1029 Max: Albrecht!
3295 975 5503 1213 Albrecht: Schurkerei wäre es. Dich verurteilen
3306 1167 5554 1377 um etwas, das ihm bekannt war, ehe er es entdecken
3286 1291 5388 1484 musste. Um ein Weib, an dem ihm weniger liegt
3309 1443 5603 1662 als an jeder Dirne. Und darum kein Offizier mehr.
3278 1601 5500 1820 Max: Wie wenig kennst du ihn. Nicht darum, weil
3278 1754 3999 1938 ich ihn belog.
3286 1915 5451 2142 Albrecht: Du belogst ihn doch nicht, da er doch
3272 2104 5342 2274 wusste. Warum wollte er die Wahrheit aus dir
3234 2225 5129 2455 herauszwingen, die ihm doch bekannt war.
3246 2389 5293 2579 Max: Nicht die Wahrheit wollte er ans Licht
3252 2542 5348 2734 zwingen, mich selbst, mein besseres Wesen. Ver-
3275 2691 5408 2924 stehst du es wirklich nicht? Hätte ich ihm die
3283 2840 5460 3050 Wahrheit gesagt, so wäre ich wieder wert gewesen
3252 3004 5437 3229 an seiner Seite zu sterben. Hätte ich die Wahr-
3211 3194 5520 3358 heit gesagt, so dürfte ich leben bis zu dem Augen-
3257 3309 5362 3516 blick, der unser Aller Tod sein wird. Doch ein
3401 3464 4634 3671 schntes, ein herrliches Ende.
