4728 4152
1634 254 1985 493 17.9.31.
3809 371 4188 633 33 4 – 336
2122 534 2694 741 Dritter Akt.
2145 733 4238 914 Ein Wirtshaus in ziemlich schlechtem Zustand.
2119 916 4378 1068 Links davor einige wenige Tische und Banke. Nach
2128 1106 4334 1217 rückwärts eine Wiese, die gegen die Tiefe zu ver-
2119 1200 3012 1360 läuft. Rechts Wald.
2148 1407 2793 1524 Morgengrauen.
2125 1486 4267 1687 Zuerst Stille. Nur ferne Vogelstimmen im Wald.
2110 1716 4451 1880 Der Wachtmeister geht als Posten vor dem Wirtshaus
2110 1868 2659 2046 auf und ab.
2113 2029 4349 2192 Nach einiger Zeit, von rückwärts, zwei Kürassiere.
2119 2172 2840 2367 Sie salutieren.
3030 2195 3365 2385 wolle M
2107 2320 3736 2484 Wachtmeister: Was sucht Ihr hier?
2113 2487 4162 2644 1.Kürassier: Guten Morgen,Herr Wachtmeister.
2630 2589 2884 2685 Curse
2102 2627 3654 2828 Wachtmeister: Was sucht Ihr hier?
2110 2758 4247 2995 1.Kür.Wir wollten nachsehen,Herr Wachtmeister,
2139 2925 3824 3111 ob es hier im Keller noch Wein gibt.
2151 3071 4416 3284 Wachtmeister: Was kümmert das Euch? Hier sind die
2134 3249 3558 3432 Herren Offiziere einquartiert.
2137 3330 4399 3616 2. Kür. Ei was, das ist doch ein Wirtshaus und wir
2139 3552 2720 3765 haben Durst.
