4744 4248
4057 447 4221 674 306
3894 601 4159 762 fahe r
1973 630 4159 881 mal, dann setz dich auf dein Wägelchen und sieh.
1979 791 4183 1039 dass du die Stadt bald erreichst/ In drei Tagen
1973 1010 4183 1179 kannst du daheim sein. Und grüss mir deine Base
1970 1095 4288 1316 Marie,und alle,die weiter leben. Mach dich fertig
3018 1240 3716 1348 nach des zerichten
1888 1281 4002 1480 Noch sind die Strassen sicher, (gegen Norden.
1970 1424 3937 1637 Katharina: (schüttelt den Kopf) Ich bleibe.
2026 1617 3532 1780 lbrecht: Was fällt dir denn ein?
2974 1707 3073 1833 or
1979 1693 4185 1923 Katharina: Ich bleibe bis ich Euch davonreiten
1976 1848 4185 2107 sehe. Ach, könnt ich doch mit Euch ins Getümmel!
1979 2020 3955 2250 Albrecht : Du glaubst es noch immer nicht.
1970 2166 3538 2408 Katharina: Dort kommt der Oberst.
1988 2370 4331 2563 Albrecht: So geh in dein Zimmer, pack deine Sachen
1988 2498 4048 2650 zusammen,in einer Stunde musst du fort sein!
1979 2688 3179 2857 Katharina:/ins Wirtshaus)
2002 2825 4139 3044 (Katharina sollte noch da sein, wenn der Oberst
1994 2998 2335 3152 kommt.)
1976 3082 3365 3246 überst.Albrecht. ich schon kein
1999 3278 4250 3488 Oberst: Wie ich vermutete, die Karte stimmt nicht
1988 3395 4215 3555 mehr ganz. (Er breitet eine kleine Generalstabs
1994 3505 4320 3713 karte auf den Tisch) An dieser Stelle - kaum fünf¬
1996 3683 4244 3885 hundert Schritte von hier - ist eine weite Lich-
