<?xml version="1.0" encoding="UTF-8" standalone="yes"?>
<PcGts xmlns="http://schema.primaresearch.org/PAGE/gts/pagecontent/2013-07-15" xmlns:xsi="http://www.w3.org/2001/XMLSchema-instance" xsi:schemaLocation="http://schema.primaresearch.org/PAGE/gts/pagecontent/2013-07-15 http://schema.primaresearch.org/PAGE/gts/pagecontent/2013-07-15/pagecontent.xsd">
    <Metadata>
        <Creator>prov=READ-COOP:name=TrHtr:version=2.1.0:model_id=51170:date=27_07_2023_23:29</Creator>
        <Created>2023-05-10T11:11:38.690+02:00</Created>
        <LastChange>2023-07-27T23:29:20.747+02:00</LastChange>
        <TranskribusMetadata docId="1428127" pageId="55383867" pageNr="49" tsid="131308671" status="IN_PROGRESS" userId="64420" imgUrl="https://files.transkribus.eu/Get?id=OBMZBRLDDBHNBQLZZVIJQQOI&amp;fileType=view" xmlUrl="https://files.transkribus.eu/Get?id=VGFMVOGWKHISUHWBILOTCHFX" imageId="44658835"/>
    </Metadata>
    <Page imageFilename="1428127_0049.jpg" imageWidth="4712" imageHeight="4168">
        <ReadingOrder>
            <OrderedGroup id="ro_1711825395432" caption="Regions reading order">
                <RegionRefIndexed index="0" regionRef="tr_1"/>
            </OrderedGroup>
        </ReadingOrder>
        <TextRegion id="tr_1" custom="readingOrder {index:0;}">
            <Coords points="1928,505 4412,505 4412,3703 1928,3703"/>
            <TextLine id="tr_1_tl_1" custom="readingOrder {index:0;}">
                <Coords points="3911,556 3948,565 3979,590 4010,587 4019,578 4026,584 4035,575 4054,584 4060,578 4082,584 4075,481 4032,481 4010,460 3957,494 3936,478 3905,478"/>
                <Baseline points="3926,555 3970,555 4015,558 4060,561 4090,564"/>
                <TextEquiv>
                    <Unicode>302</Unicode>
                </TextEquiv>
            </TextLine>
            <TextLine id="tr_1_tl_2" custom="readingOrder {index:1;}">
                <Coords points="2442,665 2482,671 2497,686 2522,674 2619,680 2637,699 2665,680 2690,690 2712,671 2734,677 2730,537 2706,544 2671,528 2653,540 2603,522 2575,531 2528,522 2504,547 2476,528 2438,537"/>
                <Baseline points="2460,653 2504,653 2549,653 2594,653 2639,656 2684,656 2728,662 2737,662"/>
                <TextEquiv>
                    <Unicode>aussi</Unicode>
                </TextEquiv>
            </TextLine>
            <TextLine id="tr_1_tl_3" custom="readingOrder {index:2;}">
                <Coords points="2258,708 2277,708 2292,724 2323,721 2342,727 2348,509 2317,503 2299,516 2289,506 2264,506"/>
                <Baseline points="2275,695 2307,692 2352,692"/>
                <TextEquiv>
                    <Unicode>e</Unicode>
                </TextEquiv>
            </TextLine>
            <TextLine id="tr_1_tl_4" custom="readingOrder {index:3;}">
                <Coords points="1913,882 2457,805 4231,811 4231,708 4103,668 3522,696 3290,612 2783,727 2221,739 1913,655"/>
                <Baseline points="1931,788 1976,785 2021,788 2066,788 2110,788 2155,788 2200,791 2245,788 2290,788 2334,788 2379,788 2424,788 2469,788 2513,791 2558,785 2603,788 2648,788 2693,788 2737,788 2782,791 2827,791 2872,791 2917,791 2961,791 3006,791 3051,791 3096,794 3140,791 3185,791 3230,791 3275,791 3320,791 3364,788 3409,788 3454,785 3499,788 3543,788 3588,791 3633,788 3678,791 3723,791 3767,788 3812,788 3857,788 3902,791 3947,788 3991,788 4036,788 4081,785 4126,785 4170,788 4215,791 4239,791"/>
                <TextEquiv>
                    <Unicode>nutzt, weil sie wissen, dass sie von uns keiner wie-</Unicode>
                </TextEquiv>
            </TextLine>
            <TextLine id="tr_1_tl_5" custom="readingOrder {index:4;}">
                <Coords points="1923,972 1969,960 2041,988 2069,972 2184,972 2255,1010 2355,969 2355,860 2212,873 2165,857 2118,882 2072,857 2035,885 1979,857 1957,876 1923,864"/>
                <Baseline points="1940,940 1985,940 2030,940 2075,940 2119,943 2164,943 2209,943 2254,943 2298,943 2343,946 2358,946"/>
                <TextEquiv>
                    <Unicode>dersieht.</Unicode>
                </TextEquiv>
            </TextLine>
            <TextLine id="tr_1_tl_6" custom="readingOrder {index:5;}">
                <Coords points="3905,1044 3923,1047 3945,1031 3964,1034 3979,1025 4013,1044 4035,1041 4044,929 4016,923 4004,929 3998,919 3970,941 3957,944 3954,938 3942,947 3911,944"/>
                <Baseline points="3926,1024 3956,1021 4000,1018 4045,1015"/>
                <TextEquiv>
                    <Unicode>or</Unicode>
                </TextEquiv>
            </TextLine>
            <TextLine id="tr_1_tl_7" custom="readingOrder {index:6;}">
                <Coords points="1923,1146 4311,1134 4311,1006 3908,1062 3628,957 3230,1031 1923,975"/>
                <Baseline points="1940,1098 1982,1092 2027,1092 2072,1095 2116,1095 2161,1095 2206,1095 2251,1098 2295,1095 2340,1095 2385,1095 2430,1095 2475,1095 2490,1095 2534,1095 2579,1095 2624,1095 2669,1098 2713,1098 2758,1101 2803,1101 2848,1101 2893,1098 2937,1098 2982,1098 3027,1098 3072,1098 3117,1098 3161,1098 3206,1098 3251,1101 3296,1098 3340,1098 3385,1098 3430,1101 3475,1101 3520,1101 3564,1098 3609,1101 3654,1101 3699,1101 3744,1101 3788,1101 3833,1101 3878,1104 3923,1107 3967,1104 4012,1104 4057,1101 4102,1101 4147,1101 4191,1101 4236,1101 4281,1104 4317,1107"/>
                <TextEquiv>
                    <Unicode>Zweiter: Es waren sicher Gräfinnen drunter,Prinzes-</Unicode>
                </TextEquiv>
            </TextLine>
            <TextLine id="tr_1_tl_8" custom="readingOrder {index:7;}">
                <Coords points="1913,1274 1938,1267 1982,1283 2081,1264 2112,1289 2140,1274 2246,1289 2283,1274 2280,1149 2227,1156 2202,1180 2122,1149 2069,1187 1945,1199 1910,1221"/>
                <Baseline points="1931,1250 1976,1248 2021,1248 2066,1250 2110,1250 2155,1250 2200,1253 2245,1256 2287,1256"/>
                <TextEquiv>
                    <Unicode>sinnen.</Unicode>
                </TextEquiv>
            </TextLine>
            <TextLine id="tr_1_tl_9" custom="readingOrder {index:8;}">
                <Coords points="2386,1339 2417,1339 2435,1329 2479,1351 2541,1311 2575,1326 2600,1320 2625,1311 2625,1267 2553,1264 2544,1274 2535,1267 2507,1280 2435,1230 2407,1246 2382,1242"/>
                <Baseline points="2403,1307 2448,1304 2493,1304 2537,1304 2582,1307 2627,1307 2633,1307"/>
                <TextEquiv>
                    <Unicode>Josch</Unicode>
                </TextEquiv>
            </TextLine>
            <TextLine id="tr_1_tl_10" custom="readingOrder {index:9;}">
                <Coords points="3839,1323 3870,1339 3892,1323 3942,1336 3960,1320 4016,1339 4035,1326 4044,1339 4072,1336 4094,1320 4197,1336 4200,1239 4144,1249 4091,1239 4004,1277 3942,1249 3914,1261 3842,1233"/>
                <Baseline points="3857,1316 3893,1316 3938,1316 3982,1319 4027,1316 4072,1313 4117,1310 4162,1310 4206,1313"/>
                <TextEquiv>
                    <Unicode>him &amp;c</Unicode>
                </TextEquiv>
            </TextLine>
            <TextLine id="tr_1_tl_11" custom="readingOrder {index:10;}">
                <Coords points="1913,1423 4038,1438 4038,1339 3762,1280 1913,1333"/>
                <Baseline points="1931,1400 1976,1400 2021,1400 2066,1400 2110,1403 2155,1403 2200,1403 2245,1403 2290,1406 2334,1406 2379,1406 2424,1412 2454,1412 2499,1409 2543,1406 2588,1406 2633,1406 2678,1406 2722,1406 2767,1409 2812,1406 2857,1409 2902,1409 2946,1409 2991,1409 3036,1409 3081,1409 3126,1409 3170,1409 3215,1409 3260,1409 3305,1409 3349,1409 3394,1409 3439,1409 3484,1412 3529,1412 3573,1412 3618,1409 3663,1409 3708,1406 3752,1409 3797,1409 3842,1409 3887,1412 3932,1412 3976,1412 4021,1412 4045,1415"/>
                <TextEquiv>
                    <Unicode>Erster:Das ganze Lager riecht noch davon. Sie</Unicode>
                </TextEquiv>
            </TextLine>
            <TextLine id="tr_1_tl_12" custom="readingOrder {index:11;}">
                <Coords points="1917,1618 2659,1553 4346,1618 4346,1494 3970,1460 1917,1479"/>
                <Baseline points="1934,1552 1979,1549 2024,1546 2069,1549 2113,1549 2158,1549 2203,1549 2248,1552 2292,1552 2337,1552 2382,1549 2427,1552 2472,1552 2516,1552 2561,1549 2606,1552 2651,1552 2696,1555 2740,1555 2785,1555 2830,1555 2875,1555 2919,1555 2964,1555 3009,1555 3054,1558 3099,1555 3143,1555 3188,1555 3233,1555 3278,1555 3323,1555 3367,1558 3412,1558 3457,1558 3502,1558 3546,1558 3591,1558 3636,1558 3681,1558 3726,1558 3770,1558 3815,1558 3860,1558 3905,1558 3950,1558 3994,1561 4039,1561 4084,1561 4129,1561 4173,1561 4218,1561 4263,1561 4308,1564 4353,1564 4356,1567"/>
                <TextEquiv>
                    <Unicode>können noch was riechen und sehen, Herr Wachtmeister:</Unicode>
                </TextEquiv>
            </TextLine>
            <TextLine id="tr_1_tl_13" custom="readingOrder {index:12;}">
                <Coords points="1920,1789 4296,1736 4296,1637 1920,1615"/>
                <Baseline points="1937,1704 1982,1701 2027,1701 2072,1704 2116,1704 2161,1704 2206,1704 2251,1704 2295,1704 2340,1707 2385,1704 2430,1704 2475,1704 2519,1707 2564,1704 2609,1704 2654,1707 2699,1710 2743,1710 2788,1710 2833,1710 2878,1710 2922,1710 2967,1710 3012,1710 3057,1710 3102,1710 3146,1713 3191,1710 3236,1710 3281,1710 3326,1710 3370,1713 3415,1713 3460,1713 3505,1713 3549,1716 3594,1716 3639,1716 3684,1713 3729,1713 3773,1713 3818,1716 3863,1716 3908,1716 3953,1719 3997,1719 4042,1719 4087,1719 4132,1719 4176,1716 4221,1716 4266,1713 4305,1716"/>
                <TextEquiv>
                    <Unicode>Zweiter: Die Meisten sind wohl schon wieder abgezo-</Unicode>
                </TextEquiv>
            </TextLine>
            <TextLine id="tr_1_tl_14" custom="readingOrder {index:13;}">
                <Coords points="1941,1892 1976,1895 1997,1873 2031,1885 2066,1870 2103,1895 2112,1882 2128,1882 2125,1771 2084,1771 2041,1808 1988,1792 1957,1771 1935,1774"/>
                <Baseline points="1955,1860 2000,1857 2045,1857 2089,1860 2134,1866 2137,1866"/>
                <TextEquiv>
                    <Unicode>gen.</Unicode>
                </TextEquiv>
            </TextLine>
            <TextLine id="tr_1_tl_15" custom="readingOrder {index:14;}">
                <Coords points="1929,2047 3771,2059 3908,2035 3905,1898 2879,1948 2423,1867 1926,1932"/>
                <Baseline points="1943,2000 1988,2000 2033,2006 2078,2006 2122,2009 2167,2006 2212,2006 2257,2006 2301,2006 2346,2006 2391,2006 2436,2009 2481,2006 2525,2009 2570,2009 2615,2009 2660,2009 2705,2009 2749,2009 2794,2009 2839,2009 2884,2009 2928,2009 2973,2009 3018,2009 3063,2009 3108,2012 3152,2012 3197,2012 3242,2012 3287,2012 3332,2012 3376,2012 3421,2012 3466,2012 3511,2012 3555,2012 3600,2012 3645,2012 3690,2012 3735,2015 3779,2015 3824,2015 3869,2015 3911,2015"/>
                <TextEquiv>
                    <Unicode>Wachtmeister: Zu ihren Prinzen und Grafen.</Unicode>
                </TextEquiv>
            </TextLine>
            <TextLine id="tr_1_tl_16" custom="readingOrder {index:15;}">
                <Coords points="3908,2097 3942,2100 3964,2084 3998,2112 4026,2118 4035,2109 4075,2128 4097,2109 4128,2103 4125,2019 4103,2025 4069,2013 4047,2022 4019,2007 3995,2022 3964,2007 3905,2019"/>
                <Baseline points="3926,2084 3970,2086 4015,2086 4060,2089 4105,2092 4135,2095"/>
                <TextEquiv>
                    <Unicode>M.F.</Unicode>
                </TextEquiv>
            </TextLine>
            <TextLine id="tr_1_tl_17" custom="readingOrder {index:16;}">
                <Coords points="1913,2240 2379,2165 2522,2233 4175,2227 4287,2187 4287,2038 4079,2125 1913,2069"/>
                <Baseline points="1931,2143 1976,2143 2021,2152 2066,2155 2110,2158 2155,2158 2200,2158 2245,2158 2290,2158 2334,2158 2379,2158 2424,2158 2469,2158 2513,2161 2558,2161 2603,2161 2648,2161 2693,2161 2737,2161 2782,2161 2827,2161 2872,2164 2917,2164 2961,2164 3006,2164 3051,2164 3096,2167 3140,2167 3185,2167 3230,2167 3275,2167 3320,2167 3364,2167 3409,2167 3454,2170 3499,2167 3543,2167 3588,2167 3633,2167 3678,2167 3723,2167 3767,2167 3812,2170 3857,2167 3902,2167 3947,2167 3991,2167 4036,2170 4081,2170 4126,2167 4170,2170 4215,2170 4260,2173 4290,2173"/>
                <TextEquiv>
                    <Unicode>Zweiter: Aber manche liegen noch da und schlummern.</Unicode>
                </TextEquiv>
            </TextLine>
            <TextLine id="tr_1_tl_18" custom="readingOrder {index:17;}">
                <Coords points="1972,2367 2966,2323 3933,2398 4228,2345 4228,2230 1972,2243"/>
                <Baseline points="1988,2304 2033,2304 2078,2307 2122,2310 2167,2310 2212,2310 2257,2310 2301,2310 2346,2310 2391,2307 2436,2310 2481,2313 2525,2313 2570,2313 2615,2313 2660,2313 2705,2313 2749,2313 2794,2313 2839,2313 2884,2313 2928,2313 2973,2313 3018,2313 3063,2316 3108,2316 3152,2319 3197,2316 3242,2319 3287,2319 3332,2319 3376,2319 3421,2319 3466,2319 3511,2319 3555,2319 3600,2319 3645,2319 3690,2319 3735,2319 3779,2319 3824,2319 3869,2319 3914,2319 3959,2319 4003,2319 4048,2322 4093,2319 4138,2319 4182,2322 4227,2328 4236,2328"/>
                <TextEquiv>
                    <Unicode>Erster: Und manche sehen aus, als hätten sie über</Unicode>
                </TextEquiv>
            </TextLine>
            <TextLine id="tr_1_tl_19" custom="readingOrder {index:18;}">
                <Coords points="1917,2516 3491,2507 3519,2364 3175,2423 1917,2389"/>
                <Baseline points="1934,2472 1979,2466 2024,2469 2069,2466 2113,2472 2158,2469 2203,2469 2248,2469 2292,2469 2337,2469 2382,2469 2427,2469 2472,2472 2516,2469 2561,2469 2606,2472 2651,2472 2696,2472 2740,2472 2785,2472 2830,2472 2875,2475 2919,2475 2964,2475 3009,2475 3054,2475 3099,2475 3143,2475 3188,2475 3233,2475 3278,2475 3323,2478 3367,2478 3412,2478 3457,2478 3502,2481 3526,2484"/>
                <TextEquiv>
                    <Unicode>haupt keine Lust mehr zu erwachen.</Unicode>
                </TextEquiv>
            </TextLine>
            <TextLine id="tr_1_tl_20" custom="readingOrder {index:19;}">
                <Coords points="1910,2684 4057,2706 4268,2650 4268,2516 1910,2532"/>
                <Baseline points="1928,2615 1973,2621 2018,2621 2063,2624 2107,2624 2152,2624 2197,2627 2242,2627 2287,2627 2331,2627 2376,2627 2421,2627 2466,2624 2510,2624 2555,2627 2600,2627 2645,2630 2690,2627 2734,2627 2779,2630 2824,2630 2869,2630 2914,2630 2958,2630 3003,2630 3048,2633 3093,2630 3137,2630 3182,2630 3227,2633 3272,2630 3317,2630 3361,2633 3406,2633 3451,2633 3496,2633 3541,2630 3585,2630 3630,2630 3675,2630 3720,2630 3764,2630 3809,2633 3854,2633 3899,2633 3944,2636 3988,2636 4033,2639 4078,2639 4123,2636 4168,2636 4212,2636 4257,2636 4272,2636"/>
                <TextEquiv>
                    <Unicode>Katharina (kommt aus dem Wirtshaus): Wollt Ihr nicht</Unicode>
                </TextEquiv>
            </TextLine>
            <TextLine id="tr_1_tl_21" custom="readingOrder {index:20;}">
                <Coords points="1917,2808 3749,2855 4296,2814 4321,2696 1917,2724"/>
                <Baseline points="1934,2776 1979,2773 2024,2776 2069,2776 2113,2776 2158,2776 2203,2779 2248,2779 2292,2779 2337,2776 2382,2779 2427,2779 2472,2776 2516,2779 2561,2776 2606,2776 2651,2779 2696,2779 2740,2779 2785,2782 2830,2782 2875,2782 2919,2782 2964,2782 3009,2779 3054,2782 3099,2779 3143,2782 3188,2782 3233,2782 3278,2782 3323,2782 3367,2782 3412,2782 3457,2785 3502,2785 3546,2785 3591,2785 3636,2782 3681,2785 3726,2785 3770,2785 3815,2782 3860,2782 3905,2785 3950,2788 3994,2788 4039,2788 4084,2785 4129,2788 4173,2788 4218,2788 4263,2788 4308,2791 4326,2791"/>
                <TextEquiv>
                    <Unicode>stille sein? Es wird schon licht. Gönnt Ihr ihm die</Unicode>
                </TextEquiv>
            </TextLine>
            <TextLine id="tr_1_tl_22" custom="readingOrder {index:21;}">
                <Coords points="1926,2976 4315,2991 4315,2833 4060,2811 3420,2886 1926,2824"/>
                <Baseline points="1943,2946 1988,2940 2033,2937 2078,2937 2122,2937 2167,2937 2212,2937 2257,2937 2301,2937 2346,2937 2391,2937 2436,2934 2481,2934 2525,2934 2570,2937 2615,2937 2660,2940 2705,2940 2749,2940 2794,2940 2839,2943 2884,2943 2928,2943 2973,2940 3018,2940 3063,2940 3108,2940 3152,2940 3197,2940 3242,2940 3287,2940 3332,2943 3376,2943 3421,2943 3466,2943 3511,2943 3555,2943 3600,2946 3645,2946 3690,2946 3735,2946 3779,2946 3824,2949 3869,2946 3914,2949 3959,2949 4003,2952 4048,2949 4093,2949 4138,2949 4182,2949 4227,2949 4272,2949 4317,2949 4323,2949"/>
                <TextEquiv>
                    <Unicode>gute Schlummerstunde nicht vor dem letzten</Unicode>
                </TextEquiv>
            </TextLine>
            <TextLine id="tr_1_tl_23" custom="readingOrder {index:22;}">
                <Coords points="1923,3137 2379,3159 2507,3094 3985,3168 3948,3001 3162,3044 2535,2966 2150,3041 1920,2979"/>
                <Baseline points="1940,3075 1985,3078 2030,3081 2075,3087 2119,3090 2164,3090 2209,3090 2254,3090 2298,3090 2343,3090 2388,3090 2433,3090 2478,3090 2522,3090 2567,3090 2612,3093 2657,3093 2702,3093 2746,3093 2791,3096 2836,3099 2881,3096 2925,3099 2970,3099 3015,3096 3060,3096 3105,3096 3149,3096 3194,3099 3239,3099 3284,3102 3329,3099 3373,3099 3418,3099 3463,3102 3508,3096 3552,3096 3597,3099 3642,3099 3687,3102 3732,3102 3776,3102 3821,3102 3866,3102 3911,3102 3956,3108 3994,3111"/>
                <TextEquiv>
                    <Unicode>Erwachen? Still sag ich Euch. (wiederzurück)</Unicode>
                </TextEquiv>
            </TextLine>
            <TextLine id="tr_1_tl_24" custom="readingOrder {index:23;}">
                <Coords points="1913,3317 4411,3305 4346,3190 3215,3125 1910,3168"/>
                <Baseline points="1928,3239 1973,3239 2018,3248 2063,3251 2107,3251 2152,3254 2197,3254 2242,3257 2287,3254 2331,3254 2376,3254 2421,3254 2466,3254 2510,3257 2555,3257 2600,3257 2645,3257 2690,3257 2734,3257 2779,3257 2824,3257 2869,3257 2914,3257 2958,3257 3003,3257 3048,3260 3093,3260 3137,3260 3182,3260 3227,3263 3272,3263 3317,3263 3361,3263 3406,3263 3451,3263 3496,3260 3541,3260 3585,3260 3630,3263 3675,3263 3720,3263 3764,3263 3809,3263 3854,3263 3899,3266 3944,3266 3988,3266 4033,3269 4078,3269 4123,3269 4168,3272 4212,3272 4257,3272 4302,3272 4347,3269 4391,3272 4412,3275"/>
                <TextEquiv>
                    <Unicode>Erster: Zum ersten Mal, dass ich ihre Stimme höre, eine</Unicode>
                </TextEquiv>
            </TextLine>
            <TextLine id="tr_1_tl_25" custom="readingOrder {index:24;}">
                <Coords points="1920,3445 4016,3436 4138,3423 4138,3336 2572,3271 1920,3349"/>
                <Baseline points="1937,3400 1982,3400 2027,3400 2072,3403 2116,3400 2161,3400 2206,3403 2251,3400 2295,3400 2340,3400 2385,3400 2430,3400 2475,3400 2519,3400 2564,3397 2609,3394 2654,3397 2699,3397 2743,3400 2788,3403 2833,3403 2878,3403 2922,3400 2967,3400 3012,3400 3057,3400 3102,3400 3146,3400 3191,3400 3236,3400 3281,3400 3326,3397 3370,3397 3415,3400 3460,3400 3505,3400 3549,3400 3594,3397 3639,3403 3684,3400 3729,3400 3773,3403 3818,3403 3863,3403 3908,3403 3953,3403 3997,3403 4042,3400 4087,3400 4132,3406 4141,3406"/>
                <TextEquiv>
                    <Unicode>süsse Stimme - wär ich der Leutnant, es tät mir</Unicode>
                </TextEquiv>
            </TextLine>
            <TextLine id="tr_1_tl_26" custom="readingOrder {index:25;}">
                <Coords points="1913,3569 2280,3628 2532,3547 3917,3563 3992,3554 3992,3417 1913,3488"/>
                <Baseline points="1931,3541 1937,3538 1982,3538 2027,3538 2072,3538 2116,3538 2161,3538 2206,3535 2251,3535 2295,3532 2340,3532 2385,3532 2430,3532 2475,3529 2519,3529 2564,3529 2609,3529 2654,3529 2699,3529 2743,3529 2788,3526 2833,3526 2878,3526 2922,3526 2967,3523 3012,3523 3057,3520 3102,3517 3146,3517 3191,3517 3236,3517 3281,3517 3326,3514 3370,3514 3415,3514 3460,3514 3505,3514 3549,3517 3594,3520 3639,3517 3684,3514 3729,3508 3773,3508 3818,3514 3863,3517 3908,3517 3953,3514 3997,3514"/>
                <TextEquiv>
                    <Unicode>leid, dass ich sie da lassen müsste.</Unicode>
                </TextEquiv>
            </TextLine>
            <TextLine id="tr_1_tl_27" custom="readingOrder {index:26;}">
                <Coords points="3072,3597 3268,3606 3352,3588 3414,3622 3485,3600 3578,3665 3628,3659 3631,3550 3519,3513 3408,3519 3361,3550 3321,3519 3290,3538 3175,3529 3134,3554 3075,3550"/>
                <Baseline points="3090,3591 3099,3588 3143,3588 3188,3588 3233,3585 3278,3582 3323,3579 3367,3579 3412,3579 3457,3579 3502,3579 3546,3582 3591,3585 3636,3585"/>
                <TextEquiv>
                    <Unicode>nicht bei Verloren</Unicode>
                </TextEquiv>
            </TextLine>
            <TextLine id="tr_1_tl_28" custom="readingOrder {index:27;}">
                <Coords points="1923,3774 2342,3759 2528,3690 2603,3731 3516,3690 3516,3606 3355,3588 1926,3622"/>
                <Baseline points="1943,3693 1955,3693 2000,3690 2045,3690 2089,3690 2134,3690 2179,3690 2224,3687 2269,3687 2313,3687 2358,3687 2403,3684 2448,3684 2493,3684 2537,3684 2582,3684 2627,3684 2672,3684 2716,3681 2761,3678 2806,3678 2851,3675 2896,3675 2940,3675 2985,3675 3030,3672 3075,3672 3120,3672 3164,3672 3209,3669 3254,3669 3299,3669 3343,3669 3388,3669 3433,3669 3478,3672 3523,3675"/>
                <TextEquiv>
                    <Unicode>Zweiter: Schade, dass sie toll ist.</Unicode>
                </TextEquiv>
            </TextLine>
        </TextRegion>
    </Page>
</PcGts>
