4760 4136
3891 527 4059 714 346.
2728 587 3213 777 R. Misch.
1996 756 2960 936 Albrecht: Von der -?
3538 684 4050 921 in the Quar-
3249 675 3355 927 be
1990 888 4177 1057 Max: Sagt ich nicht in jener Nacht, dass sie zu
2002 976 4264 1204 spatkam. Nein,Albrecht,so war es eben recht. Von
2813 1147 3231 1250 indemann
2018 1171 4261 1376 allen Dingen das herrlichste ist eine unerfüllte
2009 1322 4418 1503 Sehnsucht. Das wäscht die Seele so rein.
2002 1463 4189 1677 Albrecht: Das ist mir zu fromn gedacht oder zu
2012 1635 4390 1870 töricht. Oder soll es vielleicht eine Sühne sein?
3604 1774 3806 1864 defs.
2526 1780 2918 1891 de décret
2012 1789 4402 2018 Du hast nichts zu sühnen, schuldiger als du ist er.
2002 1930 4189 2129 Max: Was gäb ich darum, wenn du ihn endlich ver-
2629 2123 4186 2310 wär es auch im letzten Augenblick
2015 2159 2587 2298 stündest und
2614 2249 2806 2340 A.M.
1999 2261 4267 2454 Albrecht: So hab ich nicht mehr lange Zeit dazu.
2005 2406 4427 2632 Keine Stunde mehr und es wird zum Angriff geblasen.
2036 2572 3177 2782 kunden xxx
2027 2713 4318 2945 Äksaasaktxxäs xxx
2024 2876 2433 3102 xx
2021 2984 3111 3264 Max: Endlich endlich!
3520 3074 4318 3258 mit mein wissen sein
2024 3153 4324 3339 Albrecht: Mach dich bereit, Max. wir werden die Vor
3201 3358 4089 3550 ll durch xxx
2021 3355 2924 3535 hut führen.
2117 3514 3204 3686 Max: (ab gegen unten zu)
