5736 4248
4923 461 5109 622 2
2938 619 5273 855 Herrn Leutnant hab ich noch ein Wort zu reden. Du
3657 780 5288 1096 Nicht in der Hofe - während eher
2938 780 3431 941 geh! geh!
2935 913 3536 1124 Irene: (geht)
2907 1105 3502 1300 Max. Oberst.
3957 1105 4592 1353 May 1-7-
2926 1257 5084 1461 Max: (bietet sich dar) Hier binich, Herr Oberst.
2938 1427 5196 1650 berst: (Was verlangen Sie von mir:) Erst jetzt
2907 1579 4161 1752 wäre es vorbedachter Mord.
2883 1722 5251 1954 Max: Wenn Herr Oerst befehlen, kann es ja nach den
2892 1889 5350 2133 Regeln geschehen. Noch haben wir Zeit bis Sonnenauf-
2883 2034 3174 2183 gang.
2892 2205 5273 2437 Oberst: Ich habe mich für anderes aufzubewahren.
2808 2322 5211 2548 Ob auch Sie, Herr Leutnant, das werden Sie mit sich
2867 2511 5285 2740 selbst ausmachen. Das Kommando Ihres Zuges wird ein
4440 2672 4734 2777 & I have to have to inform you to be
2861 2629 5264 2923 Anderer übernehmen.) Für Sie (Herr Leutnant, führt vom
2873 2802 5208 3062 Tor dieser Kaserne der Weg wohin es Ihnen beliebt.
2824 2994 5295 3239 Max: Es wäre menschlicher gewesen es gleich abzutun.
2833 3112 5261 3350 Oberst: Menschlicher, ja. Aber das lag nicht in mei-
2833 3236 3907 3462 ner Absicht. (Er geht).
2808 3409 4065 3579 Max; (bleibt allein zurück)
2824 3548 5316 3895 (Draussen Schritte, Rufe.Zum Tisch, nimmt den Revolver,
