4728 4216
2755 484 3420 730 Malgrüßchen
3978 475 4156 712 303
2045 606 4097 902 Wachtmeister: Warum soll sie denn toll sein?
2031 867 4216 1027 Etster: Nun hören Sie,Herr Wachtmeister,so all-
2045 992 4287 1211 täglich ist es eben nicht, dass eine im Wägelchen
2031 1188 4204 1327 hinterm Regiment herfährt, dem Liebsten nach in
2025 1342 4412 1541 Kriegsgefahr und Tod. Ihre Braut,Herr Wachtmeister,
2045 1487 2755 1671 zum Exempel - -
2040 1639 3776 1805 Wachtmeister: Schert Euch zum Teufel!
2042 1778 4385 2007 Erster: Auch meine ist daheim geblieben.
2045 1927 4302 2093 akundeneintreisamxxHautxxx
2037 2096 4340 2259 Alle sind sie daheim geblieben.
2040 2262 4328 2431 Zweiter: Heut Nacht aber haben wir's ihnen heimge
2045 2411 4005 2604 zahlt, was immer sie zuhause treiben mögen.
2066 2598 4195 2728 (Zwei Offiziere kommen. Die Andern salutieren)
2037 2719 3868 2895 1.Ofrizier: Der Herr Oberst schon wach?
1520 2713 1734 2924 Les
2808 2835 3340 2942 Davonstell
2042 2850 4290 3090 Wachtmeister: Schon fort, Herr Major. Um zwei Uhr
2040 2995 4403 3191 morgens schon, dem Walde zu. Wenn die Herran indess
2042 3174 3681 3384 Major: Wir werden im Hause warten.
2066 3298 3542 3542 (Die beiden Ofriziere ins Haus.)
1464 3432 1579 3613 me
2048 3470 4385 3655 Erster: Hat auch eine schöne Frau daheim gelassen,
2054 3598 2826 3797 der Herr Oberst.
2057 3702 3990 3948 Zweiter: War aber nicht die Seine allein.
