5784 4216
3501 352 5186 580 Hinsum sehr den Zyn Wie
3026 534 5223 700 Albrecht: Die erste Kompagnie hat leider ihren
3048 663 5282 898 führer verloren, sagte er, Sie, Hefr Leutnant, über-
3029 830 4038 996 nehmen die Kompagnie.
3378 947 3986 1043 Kmit or the 1st
2989 963 5288 1185 Max: Lag dir so viel daran meinen Glückwunsch zu
3014 1132 3572 1320 empfangen?
3014 1262 5288 1490 Albrecht: Es ist Kriegszeit, Max. Soldaten werden
3020 1453 5238 1663 überall angenommen, auch Leuten, die Schlimmeres
3020 1635 5371 1866 begangen haben als du wehrt man nicht den Eintritt
3008 1780 3668 1959 in die Armee.
2989 1907 5266 2193 Max: Meine Laune steht nicht nach Possen. Denket
3002 2067 5343 2292 du, dass ich bei einem fremden Regiment unter fal-
2989 2240 5300 2431 schem Namen - Wir waren einmal Freunde, Albrecht.
2952 2391 5359 2632 Albrecht: Nicht unter falschen Namen - bei keinem
2934 2517 5414 2736 fremden Regiment. Ich nehme dich in meine Kompagnie,
2912 2687 4813 2884 Dich, der Leutnant Albrecht von Holzwart.
2946 2823 5269 3029 Max:Willst du dem Obersten Gelegenheit geben mir
2968 3014 5013 3211 ins Gesicht vor den gewesenen Kameraden - -
2965 3147 5331 3409 Albrecht: Lehr mich ihn kennen. Wenn ihn etwas an
2955 3307 5380 3557 meinem Einfall verdriessen könnte, wäre es höchstens,
2965 3452 4294 3674 dass er ihn nicht vorhersah.
2943 3646 5312 3832 Max: Du könntest dich in ihm täuschen. Der Einfall
