5848 4312
5068 443 5271 635 inn. 328
3076 545 5316 800 Albrecht: Lässt du dich immer noch von ihm
1039 566 1806 860 a M:V:H:
3094 770 3947 973 zum Narrn machen?
653 797 1773 994 xxx - xxx
3088 827 5271 1138 Max : Du sollst ihn nicht hassen, Ich ertrag
3100 1126 4864 1306 es nicht. Warum hassest du ihn denn?
3094 1255 5355 1441 Albrecht: Weiler uns nicht als gleichwertige Men-
3106 1414 5397 1626 schen nimmt. Weil er imstande wäre um einer Laune
3106 1563 5337 1734 willen uns zu Affen zu machen,so gut wie zu Hel-
3118 1704 5391 1896 den. Weil er mit uns spielt, darum hasse ich ihn.
3088 1881 5487 2099 Max: Partner am Spieltisch,sagte Eine, die ihn kennt
3118 2040 5415 2204 Albrecht: Partner? Ein übler Vergleich. Er allein
3112 2267 5319 2381 ist der Spieler. Spieler? Wir sind Figuren, die
3699 2354 3971 2462 Schiebt
3112 2417 5382 2537 er hin und her wie es ihm passt, die er unter den
3112 2528 5361 2696 Tisch wirft, wie es ihm behagt. So versucht es er
3118 2701 5325 2839 jetzt mit dir. Lass es dir noch nicht gefallen.
3112 2842 5361 3082 Gehorchen, meinethalben - das ist unser Beruf, das
3112 3022 5415 3181 ist unser Schwur. Aber seine Marianetten sind wir
3112 3139 5373 3366 nicht. Komm zu dir, Max! Der Oberst kann seine
3106 3333 5442 3492 Leute davonjagen, damit aber endet seine Macht. Du
3097 3444 5508 3609 bist in diesem Augenblick ein freier Mensch, freier
3136 3618 5328 3831 als du jemals warst. Zum ersten Mal wirklich
