<?xml version="1.0" encoding="UTF-8" standalone="yes"?>
<PcGts xmlns="http://schema.primaresearch.org/PAGE/gts/pagecontent/2013-07-15" xmlns:xsi="http://www.w3.org/2001/XMLSchema-instance" xsi:schemaLocation="http://schema.primaresearch.org/PAGE/gts/pagecontent/2013-07-15 http://schema.primaresearch.org/PAGE/gts/pagecontent/2013-07-15/pagecontent.xsd">
    <Metadata>
        <Creator>prov=READ-COOP:name=TrHtr:version=2.1.0:model_id=51170:date=27_07_2023_23:29</Creator>
        <Created>2023-05-10T11:11:46.292+02:00</Created>
        <LastChange>2023-07-27T23:29:44.268+02:00</LastChange>
        <TranskribusMetadata docId="1428127" pageId="55384155" pageNr="97" tsid="131308724" status="IN_PROGRESS" userId="64420" imgUrl="https://files.transkribus.eu/Get?id=JZTEFSEPTDLDXFWFHMFMSQTX&amp;fileType=view" xmlUrl="https://files.transkribus.eu/Get?id=UYKBXXBVRELCARTWQUEGWVTT" imageId="44659055"/>
    </Metadata>
    <Page imageFilename="1428127_0097.jpg" imageWidth="5734" imageHeight="4152">
        <ReadingOrder>
            <OrderedGroup id="ro_1711825467685" caption="Regions reading order">
                <RegionRefIndexed index="0" regionRef="tr_1"/>
            </OrderedGroup>
        </ReadingOrder>
        <TextRegion id="tr_1" custom="readingOrder {index:0;}">
            <Coords points="3257,445 5351,445 5351,3631 3257,3631"/>
            <TextLine id="tr_1_tl_1" custom="readingOrder {index:0;}">
                <Coords points="5062,488 5088,488 5108,509 5150,501 5183,519 5196,511 5230,514 5230,372 5188,361 5178,372 5150,379 5124,359 5062,348"/>
                <Baseline points="5076,495 5166,495 5237,495"/>
                <TextEquiv>
                    <Unicode> Häl</Unicode>
                </TextEquiv>
            </TextLine>
            <TextLine id="tr_1_tl_2" custom="readingOrder {index:1;}">
                <Coords points="3260,663 3423,694 3516,656 3624,700 3717,666 3980,692 4104,663 4218,707 4375,666 4373,581 3952,609 3580,550 3492,599 3358,552 3260,570"/>
                <Baseline points="3275,650 3364,650 3454,650 3543,650 3633,650 3722,650 3811,656 3901,656 3990,656 4080,656 4169,656 4259,656 4348,662 4378,656"/>
                <TextEquiv>
                    <Unicode>Max: Und bist geflohen?</Unicode>
                </TextEquiv>
            </TextLine>
            <TextLine id="tr_1_tl_3" custom="readingOrder {index:2;}">
                <Coords points="3255,880 4409,847 5175,914 5279,880 5279,728 3900,746 3614,692 3255,754"/>
                <Baseline points="3269,817 3316,811 3406,811 3495,817 3585,811 3674,811 3764,811 3853,811 3943,811 4032,811 4122,811 4211,811 4301,811 4390,811 4480,811 4569,817 4659,811 4748,811 4838,811 4927,811 5017,811 5106,811 5195,811 5285,811"/>
                <TextEquiv>
                    <Unicode>Marie: (Nicht vor dem Richter.) Nicht für im-</Unicode>
                </TextEquiv>
            </TextLine>
            <TextLine id="tr_1_tl_4" custom="readingOrder {index:3;}">
                <Coords points="3273,1053 4220,1061 4489,978 5315,1014 5315,875 3890,932 3273,870"/>
                <Baseline points="3287,972 3376,972 3465,978 3555,972 3644,972 3734,972 3823,972 3913,972 4002,972 4092,972 4181,978 4271,978 4360,984 4450,978 4539,972 4629,978 4718,978 4808,978 4897,978 4987,978 5076,978 5166,978 5255,978 5321,972"/>
                <TextEquiv>
                    <Unicode>mer. Ich kenne meinen Weg. Aber einmal musste</Unicode>
                </TextEquiv>
            </TextLine>
            <TextLine id="tr_1_tl_5" custom="readingOrder {index:4;}">
                <Coords points="3273,1149 5206,1164 5206,1069 5057,1022 3273,1056"/>
                <Baseline points="3287,1133 3376,1127 3465,1127 3555,1127 3644,1133 3734,1127 3823,1127 3913,1133 4002,1127 4092,1127 4181,1133 4271,1133 4360,1127 4450,1127 4539,1127 4629,1127 4718,1127 4808,1133 4897,1133 4987,1133 5076,1133 5166,1145 5213,1151"/>
                <TextEquiv>
                    <Unicode>ich dich noch sehen. Diese letzte Stunde,</Unicode>
                </TextEquiv>
            </TextLine>
            <TextLine id="tr_1_tl_6" custom="readingOrder {index:5;}">
                <Coords points="3273,1342 5304,1342 5348,1211 3273,1224"/>
                <Baseline points="3287,1288 3376,1282 3465,1282 3555,1282 3644,1282 3734,1288 3823,1282 3913,1288 4002,1282 4092,1282 4181,1282 4271,1282 4360,1288 4450,1288 4539,1282 4629,1288 4718,1288 4808,1282 4897,1288 4987,1288 5076,1288 5166,1288 5255,1288 5345,1288 5351,1288"/>
                <TextEquiv>
                    <Unicode>ehe du in den Tod reitest,die gehört noch uns</Unicode>
                </TextEquiv>
            </TextLine>
            <TextLine id="tr_1_tl_7" custom="readingOrder {index:6;}">
                <Coords points="3255,1495 5219,1487 5219,1399 5111,1358 4685,1391 4548,1329 4321,1409 3255,1337"/>
                <Baseline points="3269,1431 3358,1437 3448,1437 3537,1437 3627,1437 3716,1437 3806,1437 3895,1437 3984,1437 4074,1437 4163,1437 4253,1437 4342,1437 4432,1437 4521,1437 4611,1437 4700,1437 4790,1437 4879,1443 4969,1437 5058,1437 5148,1443 5225,1443"/>
                <TextEquiv>
                    <Unicode>Lass mich so lange bei dir (Dann mögen sie)</Unicode>
                </TextEquiv>
            </TextLine>
            <TextLine id="tr_1_tl_8" custom="readingOrder {index:7;}">
                <Coords points="4329,1520 4396,1528 4406,1538 4442,1526 4450,1533 4463,1528 4494,1536 4528,1526 4546,1531 4546,1484 4533,1484 4494,1451 4463,1474 4419,1451 4396,1448 4370,1469 4329,1458"/>
                <Baseline points="4342,1515 4432,1515 4521,1515 4551,1521"/>
                <TextEquiv>
                    <Unicode>mich</Unicode>
                </TextEquiv>
            </TextLine>
            <TextLine id="tr_1_tl_9" custom="readingOrder {index:8;}">
                <Coords points="3255,1655 4202,1626 4535,1704 5250,1698 5248,1536 4933,1541 4848,1471 4623,1541 3255,1554"/>
                <Baseline points="3269,1592 3358,1592 3448,1592 3537,1592 3627,1592 3716,1592 3806,1592 3895,1592 3984,1592 4074,1592 4163,1592 4253,1592 4342,1592 4432,1592 4521,1598 4611,1598 4700,1592 4790,1592 4879,1592 4969,1598 5058,1598 5148,1598 5237,1592 5255,1592"/>
                <TextEquiv>
                    <Unicode>mich haben dann mögen sie richten, dann ist</Unicode>
                </TextEquiv>
            </TextLine>
            <TextLine id="tr_1_tl_10" custom="readingOrder {index:9;}">
                <Coords points="3260,1791 3560,1820 3836,1778 4014,1802 4068,1838 4091,1828 4091,1637 4001,1649 3960,1691 3544,1667 3260,1704"/>
                <Baseline points="3275,1747 3364,1747 3454,1747 3543,1747 3633,1747 3722,1747 3811,1747 3901,1747 3990,1747 4080,1747 4098,1747"/>
                <TextEquiv>
                    <Unicode>mein Los erfüllt.</Unicode>
                </TextEquiv>
            </TextLine>
            <TextLine id="tr_1_tl_11" custom="readingOrder {index:10;}">
                <Coords points="3242,2011 3477,2008 3727,1905 4019,1964 4218,1910 5046,1967 5255,1920 5255,1820 5144,1802 4824,1853 4455,1786 4269,1856 3242,1804"/>
                <Baseline points="3257,1903 3346,1897 3436,1903 3525,1897 3615,1897 3704,1897 3794,1897 3883,1897 3973,1897 4062,1903 4152,1903 4241,1903 4330,1903 4420,1903 4509,1903 4599,1903 4688,1903 4778,1903 4867,1903 4957,1908 5046,1908 5136,1908 5225,1908 5261,1903"/>
                <TextEquiv>
                    <Unicode>Max: Geh! Hier darfst du nicht bleiben. In</Unicode>
                </TextEquiv>
            </TextLine>
            <TextLine id="tr_1_tl_12" custom="readingOrder {index:11;}">
                <Coords points="3273,2091 5142,2119 5119,1982 4398,2013 3802,1941 3273,2008"/>
                <Baseline points="3287,2070 3358,2058 3448,2058 3537,2058 3627,2058 3716,2052 3806,2052 3895,2058 3984,2058 4074,2058 4163,2058 4253,2058 4342,2058 4432,2058 4521,2058 4611,2064 4700,2058 4790,2058 4879,2058 4969,2058 5058,2058 5148,2064"/>
                <TextEquiv>
                    <Unicode>jeder Sekunde können sie dich von meiner</Unicode>
                </TextEquiv>
            </TextLine>
            <TextLine id="tr_1_tl_13" custom="readingOrder {index:12;}">
                <Coords points="3260,2287 5328,2295 5328,2153 5139,2124 3260,2124"/>
                <Baseline points="3275,2207 3364,2213 3454,2213 3543,2213 3633,2213 3722,2213 3811,2213 3901,2213 3990,2219 4080,2213 4169,2213 4259,2213 4348,2213 4438,2213 4527,2213 4617,2219 4706,2219 4796,2219 4885,2219 4975,2219 5064,2219 5154,2219 5243,2219 5333,2225 5339,2219"/>
                <TextEquiv>
                    <Unicode>Seite reissen. (Flieh! Wer weiss,ob sie dich</Unicode>
                </TextEquiv>
            </TextLine>
            <TextLine id="tr_1_tl_14" custom="readingOrder {index:13;}">
                <Coords points="3273,2432 3756,2463 4102,2406 4419,2493 4582,2424 5188,2452 5186,2300 3270,2308"/>
                <Baseline points="3287,2362 3376,2368 3465,2368 3555,2368 3644,2368 3734,2368 3823,2368 3913,2368 4002,2368 4092,2368 4181,2374 4271,2368 4360,2368 4450,2368 4539,2368 4629,2368 4718,2368 4808,2374 4897,2374 4987,2374 5076,2374 5166,2374 5195,2380"/>
                <TextEquiv>
                    <Unicode>verfolgen? Wer weiss, ob sie dich für eine</Unicode>
                </TextEquiv>
            </TextLine>
            <TextLine id="tr_1_tl_15" custom="readingOrder {index:14;}">
                <Coords points="3245,2602 3376,2592 3480,2625 3660,2576 3784,2589 3877,2563 4042,2589 4040,2465 3787,2468 3699,2442 3665,2465 3621,2432 3583,2450 3503,2424 3330,2457 3242,2429"/>
                <Baseline points="3257,2517 3346,2517 3436,2517 3525,2517 3615,2523 3704,2523 3794,2523 3883,2523 3973,2523 4044,2529"/>
                <TextEquiv>
                    <Unicode>Mörderin halten.</Unicode>
                </TextEquiv>
            </TextLine>
            <TextLine id="tr_1_tl_16" custom="readingOrder {index:15;}">
                <Coords points="3260,2744 5168,2759 5129,2589 3779,2646 3260,2602"/>
                <Baseline points="3275,2678 3364,2678 3454,2678 3543,2678 3633,2672 3722,2678 3811,2678 3901,2678 3990,2678 4080,2678 4169,2678 4259,2678 4348,2678 4438,2678 4527,2678 4617,2678 4706,2678 4796,2678 4885,2678 4975,2684 5064,2678 5154,2678 5172,2684"/>
                <TextEquiv>
                    <Unicode>Marie: Ich geh nicht fort. Ich könnte gar</Unicode>
                </TextEquiv>
            </TextLine>
            <TextLine id="tr_1_tl_17" custom="readingOrder {index:16;}">
                <Coords points="3260,2845 3663,2845 3823,2927 4076,2829 5232,2888 5188,2744 4690,2803 4404,2744 3260,2777"/>
                <Baseline points="3275,2827 3364,2827 3454,2827 3543,2827 3633,2827 3722,2833 3811,2833 3901,2833 3990,2827 4080,2827 4169,2827 4259,2827 4348,2827 4438,2827 4527,2833 4617,2833 4706,2833 4796,2827 4885,2833 4975,2833 5064,2833 5154,2833 5237,2839"/>
                <TextEquiv>
                    <Unicode>nicht mehr. Meine Füsse tragen mich nicht.</Unicode>
                </TextEquiv>
            </TextLine>
            <TextLine id="tr_1_tl_18" custom="readingOrder {index:17;}">
                <Coords points="3255,3041 3673,3110 3825,3051 5310,3100 5310,2899 5028,2842 4832,2927 3255,2917"/>
                <Baseline points="3269,2982 3358,2982 3448,2982 3537,2982 3627,2988 3716,2988 3806,2988 3895,2988 3984,2988 4074,2988 4163,2988 4253,2982 4342,2982 4432,2982 4521,2982 4611,2988 4700,2988 4790,2988 4879,2988 4969,2988 5058,2988 5148,2988 5237,2994 5315,3000"/>
                <TextEquiv>
                    <Unicode>Nur dass ich jetzt deinen Atem trinke macht,</Unicode>
                </TextEquiv>
            </TextLine>
            <TextLine id="tr_1_tl_19" custom="readingOrder {index:18;}">
                <Coords points="3255,3144 5261,3175 5261,3082 5028,3054 3255,3087"/>
                <Baseline points="3269,3143 3358,3143 3448,3143 3537,3143 3627,3143 3716,3143 3806,3149 3895,3149 3984,3149 4074,3143 4163,3143 4253,3143 4342,3143 4432,3149 4521,3149 4611,3149 4700,3143 4790,3149 4879,3149 4969,3143 5058,3143 5148,3149 5237,3143 5267,3149"/>
                <TextEquiv>
                    <Unicode>dass ich noch lebe. Lässt du mich jetzt al-</Unicode>
                </TextEquiv>
            </TextLine>
            <TextLine id="tr_1_tl_20" custom="readingOrder {index:19;}">
                <Coords points="3255,3387 3849,3301 5150,3338 5310,3312 5310,3234 3255,3250"/>
                <Baseline points="3269,3292 3358,3298 3448,3298 3537,3298 3627,3298 3716,3292 3806,3298 3895,3298 3984,3298 4074,3298 4163,3298 4253,3298 4342,3298 4432,3292 4521,3298 4611,3298 4700,3298 4790,3298 4879,3298 4969,3298 5058,3298 5148,3298 5237,3298 5315,3298"/>
                <TextEquiv>
                    <Unicode>lein, so hört mein Herz zu schlagen auf. Eine</Unicode>
                </TextEquiv>
            </TextLine>
            <TextLine id="tr_1_tl_21" custom="readingOrder {index:20;}">
                <Coords points="3242,3451 4282,3464 4509,3534 5188,3485 5188,3387 5002,3425 4858,3363 4664,3412 3242,3387"/>
                <Baseline points="3257,3448 3346,3448 3436,3454 3525,3454 3615,3454 3704,3454 3794,3454 3883,3454 3973,3454 4062,3454 4152,3448 4241,3454 4330,3448 4420,3448 4509,3448 4599,3454 4688,3454 4778,3454 4867,3454 4957,3454 5046,3454 5136,3454 5195,3454"/>
                <TextEquiv>
                    <Unicode>Stunde nur... ein paar Minuten nur,ehe sie</Unicode>
                </TextEquiv>
            </TextLine>
            <TextLine id="tr_1_tl_22" custom="readingOrder {index:21;}">
                <Coords points="3263,3681 4602,3738 5281,3655 5279,3523 3260,3529"/>
                <Baseline points="3275,3609 3364,3609 3454,3609 3543,3609 3633,3609 3722,3609 3811,3609 3901,3609 3990,3609 4080,3609 4169,3609 4259,3609 4348,3609 4438,3609 4527,3609 4617,3609 4706,3609 4796,3615 4885,3615 4975,3621 5064,3615 5154,3615 5243,3621 5285,3621"/>
                <TextEquiv>
                    <Unicode>kommen, eh sie mich finden - komm. Für diese</Unicode>
                </TextEquiv>
            </TextLine>
        </TextRegion>
    </Page>
</PcGts>
