5992 4104
5554 426 5715 581 350
3542 531 5607 736 Max: Warum? Warum gehetzt und verborgen? Tö-
3545 697 5607 899 richt war es,wahnweitzig mir zu folgen! Aber
3551 858 4788 1043 ein Verbrechen doch nicht!
3540 1002 5660 1184 Marie: Stehst es mir denn nicht auf der Stirn
3548 1196 5610 1378 geschrieben? Weisst du es denn nicht? Mein
3562 1328 5502 1514 Vater ist tot. Ich habe meinen Vater umge-
3551 1475 3905 1655 bracht!
3542 1627 5610 1815 Max: Komm zu dir,Marie. Dein Vater war krank
3542 1796 5510 1990 und alt. Er lag ja im Sterben. Du hast ihn
3526 1937 5480 2148 nicht umgebracht,Marie. Komm zu dir,Marie!
3534 2095 4813 2289 Marie: Ich hab ihn getötet!
3529 2247 5452 2460 Max: Warum denn hättest du's getan?
3531 2391 4669 2590 Er lag doch auf den Tod.
4934 2552 5200 2671 Max:
3515 2577 5743 2790 Marie: Ich hatte keine Zeit. Er hätte nicht
3512 2696 5261 2909 die Kraft gehabt dich zurückzuhalten.
3509 2859 4976 3072 Max: Hätteer dich halten können?
3506 3030 5637 3227 Marie: Mit seinen Händen nicht. Aber xxxx
3504 3180 5538 3371 sein Blick sein Wille, sein Fluch -
3509 3332 5577 3515 xyx xxx xxx mitem xxx Gift
3504 3473 4544 3717 goss ich ihm ins Glas.
