4872 4184
4187 453 4372 647 330
2231 602 2841 758 Marie - Max.
2225 784 2944 960 Max: Du,Marie?
2233 940 4428 1142 Marie: Ich bin's. Zur rechten Zeit,sagte er.
2245 1086 2841 1279 Ist es wahr?
2219 1240 3317 1427 Max: Zu spät, zu Spät! -
2231 1430 3790 1587 Marie: Die Stunde ist doch unser.
2214 1592 4442 1741 Max: Es wäre besser, du gingst, ehe Albrecht wie-
2233 1724 2726 1886 derkommt.
2205 1858 3286 2040 Marie: Ich liebe dich.
2208 2037 4430 2214 Max: Das Wort hat keinen Klang mehr für mich, so
2231 2172 4363 2340 wenig wie all das, was wir von draussen hören,-
2219 2337 4422 2508 der Schall der Trompeten, das Traben der Pferde,
2250 2516 4503 2650 wie ist das alles stumm. - Wie weit bin ich schon.
2301 2631 4428 2804 Marie: Was sprichst du denn, Max? Hast du mich
2351 2807 4489 2995 denn nicht erwartet? Katharina hat mir gesagt,
2345 2944 4422 3109 dass du mich erwartest. Nun bin ich ja da,
2329 3087 3862 3269 Max: Aber ich bin es nicht mehr.
2343 3255 4428 3392 Marie: Weisst du,was ich alles getan habe, um
2354 3398 4405 3585 dich noch einmal zu sehen?- ehe du davonrei-
2329 3524 3207 3725 test in den Tod?
