5784 4232
2990 559 4388 766 Freundschaft willen. (er geht)
4467 574 5139 778 Volles et de
2981 714 3492 921 Max.Marie.
2981 921 5376 1121 Marie: ( Ich hab ja alles gewusst - ich hatte ja kei-
2641 948 2951 1197 Krässe
2987 1061 5345 1267 nerlei Recht. Ich hätte längst kommen müssen. Lass
2720 1127 2905 1288 let
2993 1212 5294 1437 michs nicht zu schwer büssen. Nun bin ich ja da.
2948 1364 4169 1565 Max: Iber ich nicht mehr.
2951 1553 5327 1841 Marie: Das sind ja nur Worte. Ich halte deine Hand,
2969 1711 5193 1942 dein Puls schlägt, dein Auge leuchtet - du lebst.
2963 1924 5391 2085 Max: Auch das ist nur ein Wort. Der kleine Auf-
4573 2024 4950 2139 unsteil
2963 2069 5373 2243 schub bedeutet nichts, nur dass ich entschlossen bin
4941 2191 5339 2322 Um Rat
2948 2227 4470 2407 macht, dass ich zu leben scheine.
4710 2240 5333 2404 (by my best
4956 2343 5300 2467 F.Truby
4522 2288 4683 2455 Max
2929 2316 5369 2647 Marie: Du lebst! Kein Schein, Max. Es wäre besser, du
2948 2534 3324 2701 gingst.
2935 2680 4014 2850 Marie: Ich liebe dich!
3397 2747 4443 2884 Mie kei trücklaut wer
2935 2829 5360 3048 Max: Das hat keinen Klang mehr für michso wenig wie
2957 3005 5269 3194 das, was wir von draussen hören. Wie bin ich schon
2942 3145 5348 3382 weit. (Draussen Schritte von Soldaten ) (Wie bin ich
2942 3340 5050 3525 allein. Nichts mehr und niemand ist mehr da.
3416 3437 3574 3513 him
2899 3458 4595 3659 Marie: Ich bin da und du weisst es.
2887 3637 5230 3823 Max: Du sollst nachhause gehn. Man soll dich hier
2920 3735 3817 3969 nicht finden. Geh!
