4728 4152
471 163 560 268 V
1584 335 1870 551 7.31
3910 391 4082 597 300
2563 508 3150 698 Dritter Akt.
2012 618 4307 929 Wirtshaus in schlechtem Zustand auf einer Anhöhe.
2000 938 4218 1098 Lanks Tische und Bänke. Nach rückwärts erstreckt
2012 1080 4387 1246 sich eine Wiese.Strasse im Hintergrund.Rechts Wald.
2012 1249 3270 1415 Beginnende Morgendämmerung.
2018 1387 4319 1603 Wachtmeister auf und ab. Erster und zweiter Soldat
2003 1563 3187 1738 kommen von der Wiese her.
1581 1667 1840 1861 same.
2015 1667 4119 1895 1.u.2.Soldat: Guten Morgen, Herr Wachtmeister.
2012 1870 4211 2055 Wachtmeister: (Guten Morgen! Was sucht Ihr hier?
2012 2003 4202 2215 1.Soldat: Wir wollen sehen,ob es hier im Keller
2003 2187 2722 2363 noch Wein gibt.
2744 2209 3750 2369 Iciant of Mio han sont
2015 2338 4261 2529 Wachtmeister:Ihr wisst, die Herren Offiziere sind
2003 2470 2993 2655 hier einquartiert.
2006 2652 4344 2827 1. Soldat: Ei was, es ist doch ein Wirtshaus und wir
2015 2787 2584 2966 haben Durst.
2021 2867 4371 3061 Wachtmeister: Es wäre besser, Ihr hieltet Euch nüch
2418 3036 2975 3147 der maßen
2012 3101 4356 3270 tern für heute. Ihr habt es toll getrieben in der
2000 3230 2313 3412 Nacht.
2006 3356 4482 3568 1. Soldat: Alles mit der Erlaubnis des Herrn Obersten.
