5816 4264
4871 564 5077 702 316
2965 621 5136 854 Oberst:Ich erwarte Ihre Meldung,Herr Leutnant.
2956 851 5319 1063 Albrecht: (Ich habe Ihnen etwas zu überbringen, Herr
2980 977 3321 1117 Oberst.
2965 1063 3688 1245 Oberst: Sitte.
2953 1230 4581 1401 Albrecht: Von einer dieser Frauen.
2935 1401 4906 1568 berst: Von einer Lebendigen nehm ich an?
4491 1499 4656 1583 war
2956 1562 5217 1693 Albrecht: Vor einer Viertelstunde er sie's noch.
2989 1669 4888 1840 berst: Was haben Sie mir zu überbringen?
2965 1762 3688 1920 Albrecht: Hier!
2983 1890 4420 2117 berst: Ichbin nicht bewandert.
2947 2090 5256 2279 Albrecht: Es ist ein Stück, ein abgerissenes Stücke
2941 2255 5166 2434 von dem persischen Shawl, den die Frau Oberst am
2947 2410 4638 2577 Ibend unseres Abschiedsfestes trug,
2918 2565 4426 2741 Oberst: (kalt)Sie war es selbst?
2956 2715 5354 2962 Albrecht: Als ich sie sprach, verhüllte ein Schleier
2947 2840 3533 3022 ihr Gesicht.
2938 2953 5271 3153 Oberst: Nur dieses Stück Shawl und kein Wort dazu?
2918 3118 5313 3318 Albrecht: (Bestellen Sie dem Herrn Oberst, sagte sie,
2930 3315 5193 3473 ich hoffe,- dass es noch lange nicht meine letzte
2918 3428 3807 3586 Nacht gewesen ist.
2962 3542 5238 3775 berst: Es wäre nicht das erste Mal, dass sie sich
2944 3760 5145 3942 irrte. Aber was kümmert uns das?! Unsere letzte
