5864 4312
2680 410 3015 632 28.9.31
5180 566 5380 738 347
3263 705 5297 914 in ein höheres Leben vielleicht. Wie wollt
3263 892 5447 1089 ich doch, dass du ihn endlich verstündest. Und
3257 1062 5405 1310 wäre es auch im
3268 1298 4174 1471 letzten Augenblick.
3285 1396 5305 1619 Albrecht: So habe ich nicht mehr lange Zeit
3279 1541 5333 1739 dazu. Keine Stunde mehr und es wird zum An-
3288 1769 4009 1934 griff geblasen.
3274 1906 4372 2081 Max: Der Befehl ist da?
3257 2009 5361 2251 Albrecht: Er wird genau so lauten,wie es dem
3316 2207 4012 2418 berst beliebt.
3268 2329 5511 2522 Max: Endlich, endlich!
3268 2505 5355 2711 Kurzethung fükken Und er
3288 2683 4472 2870 wird mir verziehen haben.
3279 2842 5481 3001 Albrecht: Verziehen? Einer unter tausend Andern
3304 2970 5492 3143 bist du für ihn. Weniger als die Andern, weniger
3277 3171 3792 3324 als Luft.
3274 3271 5391 3474 Max: Wie einen Sohn hat er mich geliebt. Ich
3288 3458 5188 3622 wollte,Abrecht,du könntest es verstehen.
3268 3561 5400 3842 Albrecht: Mach dich bereit, Max, wir werden die
3288 3778 3982 3993 Vorhut führen.
