4760 4136
4176 457 4346 591 348
2185 532 3247 794 treten aus dem Hause).
3284 602 3657 789 at the nt
2202 755 4298 951 Oberst: Sie wissen nun alles, meine Herren und
1628 811 2096 987 G.C.H.
2185 925 4217 1079 können die Lage beurteilen. Was wir zu tun
1581 939 2040 1095 ruhlet et d
1617 1051 2057 1232 genere as
2191 1043 4343 1249 haben vermögen wir zu berechnen,wie es ausgeht
1564 1162 2093 1346 C. Mrs. & Feney
2185 1252 4315 1430 nicht. Ich weiss, es geht ein Gerücht, dass ich
1583 1299 1868 1447 Pet
2177 1385 4128 1567 Sie Alle in den Tod schicke, meine Herren.-
2191 1558 4376 1739 leichtfertig oder aus Eigensinn, um die schmach-
2191 1681 4390 1904 volle Flucht zu sühnen, durch die unser Regiment
2185 1879 4385 2040 vor dreis sig Jahren die Armee, das Vaterland ins
2188 2035 2609 2185 Verderber
2654 2001 4270 2205 stürzte. Ein Gerücht, meine Herren.
2180 2174 4326 2311 ich kann Ihnen nicht verbieten es zu glauben.
3579 2266 4003 2372 Culht en ce
3997 2289 4114 2375 .
4206 2280 4312 2372 7.
2185 2311 3897 2500 aber ich gebe Ihnen zu bedenken, dass
3897 2342 4304 2484 trotzdem
2180 2500 4379 2626 der Angriff, zu dem wir uns in dieser Stunde be-
3863 2576 4510 2707 fubil nicht flie sein,
3378 2590 3546 2676 Le
2180 2634 4393 2824 reiten, eine Notwendigkeit bedeuten köhnnte. Wer
1706 2648 2007 2821 suivant
1647 2785 2068 2977 his most
2183 2821 4418 2994 von Ihnen, meine Herren, daran zweifelt, dem stelle
1709 2938 1907 3066 ut-
2174 2941 4103 3155 ich es noch in diesem Augenblick anheim -
2202 3097 4438 3331 (Der Major Wilhelm tritt auf. Ein Soldat hat ihn
2174 3253 2807 3431 her geleitet)
2174 3404 4401 3588 Major Wilhelm : (sich vorstellend) Major Wilhelm,
