4760 4168
4073 340 4250 554 350
2142 526 3856 805 den Herrn Major und für sich selbst,
1600 654 2085 908 des mêmes
2131 780 4421 991 Major:Wilhelm: Es kann nur ein Irrtum sein,-diese
2131 943 2585 1097 Ordre - -
2128 1097 4384 1294 Oberst: Es ist meine Sache sie richtig zu ver-
2122 1271 4313 1425 stehen. Sie zu haben gehört, Herr Rittmeister.
1562 1248 1882 1400 ici avec
1560 1331 2031 1531 redlyer of
2156 1400 4376 1614 (Albrecht ist schon vorher aufgetreten, der Ritt-
1605 1488 1851 1708 geben
2122 1577 4307 1728 meister mit dem Major ins Haus. Die anderen Of-
2122 1717 4333 1939 fiziere nach rückwärts. Albrecht bleibt vor dem
2159 1859 2819 2039 berst stehen.)
2119 1988 3993 2214 Oberst: Sie haben gehört,Herr Leutnant?
2105 2168 3362 2328 Albrecht: Und verstanden.-
2945 2251 3879 2394 of May - Wm. H.C.D.
2522 2274 2862 2376 Nain pou
2108 2314 4230 2539 Oberst: Es könnte auch ein Anderer die Vorhut
2105 2499 2459 2671 führen.
2119 2642 3288 2833 Albrecht: Herr Oberst - -
2102 2816 3850 3025 Oberst: So ist alles in Ordnung. Oder
3893 2822 4359 2959 - wünschen
2128 2936 2879 3139 Die noch etwas?
2102 3022 4202 3299 Albrecht: Ich habe eine Meldung zu erstatten.
2134 3245 2759 3442 berst: Bitte.
2091 3350 4207 3553 Albrecht: Keine dienstliche Herr Oberst. eine
2116 3550 3516 3776 Meldung völlig privater Natur.
