5784 4280
3093 686 5044 859 könnte dich mehr kosten, als ich wert bin.
3087 798 5370 1040 Albrecht: Ich nehm es auf mich und was immer ge-
3093 934 5304 1164 schehe - es bleibt immer noch Zeit zu tun, was
3108 1083 5512 1343 Narren, wie du und ich in einem solchen Fall glauben
3105 1315 5530 1518 tun zu müssen. Zwingen freilich will ich dich nicht.
3105 1418 5428 1687 Aufbruch in einer Yierelstunde. Sieben Tage haben
4406 1590 4605 1724 2.
3121 1630 3704 1811 wir vor uns.
4288 1636 5243 1860 Nahme Sisnerrif unto
3087 1730 4285 1984 Marie: Oder ein Leben...
4415 1805 5267 1975 som sig ist und
3069 1917 5298 2117 Max: Die sieben Tage sind mehr wert. Ich weiss,
1651 1978 1826 2105 al
3117 2032 4901 2253 was ich verliere. Ich danke dir, Marie.
3130 2210 4732 2434 (Draussen Trompetenseichen u.s.w.)
3124 2386 4076 2588 Albrecht:Kommst du?
3108 2546 3867 2724 Max: Ich komme.
3096 2664 4678 2885 Albrecht: (drückt Marie die Hand.)
3105 2827 4019 2975 Max: (umarmt Marie)
3145 2987 4167 3169 (Max und Albrecht ab )
3142 3124 4445 3269 (Marie bleibt allein zurück)
4765 3108 5016 3399 Mr
3102 3296 4593 3517 Marie: Auf den Rückweg also....
