4904 4152
3842 511 4035 623 323
2681 677 3099 799 6.Szene
2185 819 3257 926 Die Vorigen. Der Oberst.
2170 995 4518 1084 Der Oberst springt durch das Fenster herein, reisst
2173 1146 4560 1241 die Vorhänge auseinanger, steht plötzlich da. Pause.
2173 1294 4560 1398 Max: Man hätte Ihnen die Türe geöffnet, Herr Oberst.
2167 1461 4011 1612 Oberst: Dieser Weg schien mir sicherer.
3325 1532 3880 1630 but I will
2161 1612 4299 1701 Max: Herr Oberst, ich beschwor Irene mich
2176 1710 3399 1906 einmal zu sehen. A doit
2173 1873 4474 1995 Irene: Es ist nicht wahr. Ich habe ihn angefleht -
2185 2034 4400 2173 bei mir zu bleiben und es war vergeblich. xxx
2170 2221 4412 2336 Oberst: Es zeigt sich, dass Lüge und Wahrheit zu-
2161 2393 4334 2479 weilen gleich abgeschmackt klingen. Vielleicht
2155 2532 3907 2633 hättet Ihr schweigen sollen. (Pause).
3194 2627 3714 2725 doe thoute
2173 2687 4435 2800 Irene: Nun? Was soll wieder das? Was hast du vorl
2143 2868 4412 2951 mir uns Beiden? So tu's doch! Une in Wahnsinn zu
2158 3010 4447 3132 treiben, eh du es tust, das geht über das Recht des
2155 3138 2705 3260 Betrogenen.
2155 3316 4447 3423 Oberst: Betrogen? In keiner Sekunde war ich's we-
2143 3462 2446 3562 niger.
2152 3619 4382 3815 Irene: So mach es rasch und marter uns nicht.eh
