5864 4296
5196 441 5400 636 igni 329
3171 750 4087 931 frei! Fühl es doch!
4184 721 5392 937 Du kannst mit deinem Da-
3113 922 5266 1112 sein anfangen was du willst. Wir Andern haben
3110 1112 5421 1269 nichts mehr zu tun als zu sterben. Du darfst le-
3119 1255 3521 1409 ben, Max.
3095 1386 4210 1590 Max: Ich darf es nicht.
3122 1558 4172 1727 (Eine Ordonnanz kommt)
3110 1736 5389 1893 Ordonnanz: Befehl an den Herrn Leutnant von Holz-
3107 1896 5447 2080 warth. Der Herr Oberst befiehlt den Herrn Leutnant-
3107 2016 3845 2197 sofort zu sich.
3090 2182 4067 2372 Albrecht: Ich komme.
3101 2322 3839 2521 Ordonnanz: (ab).
3101 2500 5339 2699 Albrecht: Du wartest, Max, um unserer Freundschaft
3095 2672 5316 2804 willen. Und wenn es meine letzte Bitte wäre. In
3104 2786 5164 2993 zwei Minuten bin ich wieder zurück. So lange
3084 2953 3644 3104 wartest du.
3093 3101 5281 3311 (In dem Augenblick, wie er geht,tritt Marie ein)
3063 3262 3784 3387 Max: Du,Marie?
3081 3402 5333 3577 Albrecht: Sie kommen zu rechter Zeit. Halten Sie
3069 3565 5004 3752 ihn mir fest. Auf Wiedersehen! (rasch ab)
