<?xml version="1.0" encoding="UTF-8" standalone="yes"?>
<PcGts xmlns="http://schema.primaresearch.org/PAGE/gts/pagecontent/2013-07-15" xmlns:xsi="http://www.w3.org/2001/XMLSchema-instance" xsi:schemaLocation="http://schema.primaresearch.org/PAGE/gts/pagecontent/2013-07-15 http://schema.primaresearch.org/PAGE/gts/pagecontent/2013-07-15/pagecontent.xsd">
    <Metadata>
        <Creator>prov=READ-COOP:name=TrHtr:version=2.1.0:model_id=51170:date=27_07_2023_23:29</Creator>
        <Created>2023-05-10T11:11:48.642+02:00</Created>
        <LastChange>2023-07-27T23:29:49.449+02:00</LastChange>
        <TranskribusMetadata docId="1428127" pageId="55384255" pageNr="114" tsid="131308741" status="IN_PROGRESS" userId="64420" imgUrl="https://files.transkribus.eu/Get?id=BEJVBJIUDXDVPJBJEMFBUEKK&amp;fileType=view" xmlUrl="https://files.transkribus.eu/Get?id=FEJRCNHEQZOWHFCGAXCDGSQP" imageId="44659155"/>
    </Metadata>
    <Page imageFilename="1428127_0114.jpg" imageWidth="6024" imageHeight="4072">
        <ReadingOrder>
            <OrderedGroup id="ro_1711825493630" caption="Regions reading order">
                <RegionRefIndexed index="0" regionRef="tr_1"/>
            </OrderedGroup>
        </ReadingOrder>
        <TextRegion id="tr_1" custom="readingOrder {index:0;}">
            <Coords points="3439,421 5839,421 5839,3538 3439,3538"/>
            <TextLine id="tr_1_tl_1" custom="readingOrder {index:0;}">
                <Coords points="5214,497 5232,497 5244,506 5267,500 5273,506 5285,494 5297,500 5315,488 5326,494 5389,479 5386,384 5321,399 5303,396 5288,414 5255,402 5211,399"/>
                <Baseline points="5230,471 5319,471 5397,477"/>
                <TextEquiv>
                    <Unicode>un 1328</Unicode>
                </TextEquiv>
            </TextLine>
            <TextLine id="tr_1_tl_2" custom="readingOrder {index:1;}">
                <Coords points="3440,784 5528,766 5528,615 5454,603 5090,589 4915,668 3440,597"/>
                <Baseline points="3457,698 3546,704 3636,704 3725,704 3815,710 3904,704 3994,704 4083,704 4173,704 4263,704 4352,710 4442,704 4531,704 4621,704 4710,704 4800,704 4889,704 4979,704 5069,704 5158,704 5248,710 5337,710 5427,704 5516,710 5534,710"/>
                <TextEquiv>
                    <Unicode>Albrecht: Du warst mein Freund - du bist es.</Unicode>
                </TextEquiv>
            </TextLine>
            <TextLine id="tr_1_tl_3" custom="readingOrder {index:2;}">
                <Coords points="3428,943 4537,952 4800,878 4975,952 5581,940 5705,920 5705,778 3428,784"/>
                <Baseline points="3445,865 3534,865 3624,859 3713,859 3803,859 3892,865 3982,865 4072,859 4161,859 4251,859 4340,859 4430,859 4519,859 4609,859 4698,853 4788,859 4878,859 4967,865 5057,859 5146,865 5236,859 5325,859 5415,865 5504,859 5594,859 5684,859 5713,865"/>
                <TextEquiv>
                    <Unicode>Max: Nichts bin ich mehr - also auch dein Freund</Unicode>
                </TextEquiv>
            </TextLine>
            <TextLine id="tr_1_tl_4" custom="readingOrder {index:3;}">
                <Coords points="3451,1097 5746,1130 5746,943 3451,955"/>
                <Baseline points="3468,1015 3558,1015 3648,1015 3737,1015 3827,1015 3916,1015 4006,1015 4095,1015 4185,1015 4275,1015 4364,1015 4454,1015 4543,1015 4633,1015 4722,1015 4812,1020 4901,1020 4991,1020 5081,1020 5170,1020 5260,1020 5349,1020 5439,1020 5528,1020 5618,1020 5707,1020 5755,1020"/>
                <TextEquiv>
                    <Unicode>nicht mehr. Nicht Offizier mehr, also nichts sehr.</Unicode>
                </TextEquiv>
            </TextLine>
            <TextLine id="tr_1_tl_5" custom="readingOrder {index:4;}">
                <Coords points="3440,1245 3664,1227 3874,1275 3954,1239 4129,1272 4211,1233 4324,1239 4324,1136 4158,1079 3981,1109 3883,1065 3679,1112 3567,1082 3440,1121"/>
                <Baseline points="3457,1176 3546,1176 3636,1176 3725,1176 3815,1176 3904,1176 3994,1176 4083,1176 4173,1176 4263,1176 4328,1176"/>
                <TextEquiv>
                    <Unicode>Lasst mich allein.</Unicode>
                </TextEquiv>
            </TextLine>
            <TextLine id="tr_1_tl_6" custom="readingOrder {index:5;}">
                <Coords points="3440,1399 5575,1357 5575,1266 5406,1236 3440,1245"/>
                <Baseline points="3457,1325 3546,1331 3636,1331 3725,1325 3815,1325 3904,1331 3994,1331 4083,1325 4173,1331 4263,1331 4352,1331 4442,1331 4531,1331 4621,1331 4710,1331 4800,1331 4889,1331 4979,1331 5069,1331 5158,1331 5248,1331 5337,1331 5427,1331 5516,1331 5582,1331"/>
                <TextEquiv>
                    <Unicode>Albrecht: Du bist nicht bei dir. Wenn er dein</Unicode>
                </TextEquiv>
            </TextLine>
            <TextLine id="tr_1_tl_7" custom="readingOrder {index:6;}">
                <Coords points="3451,1538 5578,1559 5578,1417 5492,1390 5096,1452 3451,1428"/>
                <Baseline points="3468,1480 3558,1486 3648,1492 3737,1486 3827,1486 3916,1486 4006,1492 4095,1492 4185,1486 4275,1492 4364,1486 4454,1492 4543,1486 4633,1492 4722,1492 4812,1492 4901,1486 4991,1492 5081,1492 5170,1492 5260,1492 5349,1492 5439,1486 5528,1486 5582,1486"/>
                <TextEquiv>
                    <Unicode>Ende wollte, warum hat er dich dann nicht ein-</Unicode>
                </TextEquiv>
            </TextLine>
            <TextLine id="tr_1_tl_8" custom="readingOrder {index:7;}">
                <Coords points="3457,1695 4306,1742 4519,1653 5167,1757 5643,1659 5563,1559 3457,1588"/>
                <Baseline points="3474,1647 3498,1647 3588,1647 3677,1647 3767,1647 3857,1647 3946,1647 4036,1647 4125,1647 4215,1647 4304,1647 4394,1647 4483,1647 4573,1647 4663,1647 4752,1647 4842,1647 4931,1647 5021,1653 5110,1647 5200,1653 5290,1647 5379,1653 5469,1647 5558,1653 5648,1641"/>
                <TextEquiv>
                    <Unicode>fach niedergeschossen? Das Recht wäre ihm zuge-</Unicode>
                </TextEquiv>
            </TextLine>
            <TextLine id="tr_1_tl_9" custom="readingOrder {index:8;}">
                <Coords points="3451,1863 5504,1916 5610,1866 5610,1718 3451,1730"/>
                <Baseline points="3468,1803 3558,1809 3648,1809 3737,1809 3827,1809 3916,1809 4006,1803 4095,1803 4185,1803 4275,1803 4364,1809 4454,1803 4543,1803 4633,1803 4722,1809 4812,1809 4901,1809 4991,1809 5081,1809 5170,1803 5260,1809 5349,1809 5439,1809 5528,1809 5618,1815 5624,1809"/>
                <TextEquiv>
                    <Unicode>standen. Aber dich zu verurteilen - welch eine</Unicode>
                </TextEquiv>
            </TextLine>
            <TextLine id="tr_1_tl_10" custom="readingOrder {index:9;}">
                <Coords points="3445,1999 3570,2029 3638,2014 3750,2047 3783,2029 3833,2055 3993,2023 3993,1896 3942,1887 3868,1919 3762,1887 3614,1916 3552,1875 3445,1857"/>
                <Baseline points="3462,1958 3552,1964 3642,1964 3731,1964 3821,1964 3910,1964 4000,1964"/>
                <TextEquiv>
                    <Unicode>Schurkerei!</Unicode>
                </TextEquiv>
            </TextLine>
            <TextLine id="tr_1_tl_11" custom="readingOrder {index:10;}">
                <Coords points="3428,2194 4129,2200 4129,2055 4037,2064 3981,2020 3880,2067 3783,2026 3670,2076 3549,2011 3428,2029"/>
                <Baseline points="3445,2113 3534,2119 3624,2113 3713,2119 3803,2113 3892,2119 3982,2119 4072,2119 4137,2113"/>
                <TextEquiv>
                    <Unicode>Max: Albrecht!</Unicode>
                </TextEquiv>
            </TextLine>
            <TextLine id="tr_1_tl_12" custom="readingOrder {index:11;}">
                <Coords points="3434,2322 4596,2369 4836,2283 5604,2301 5602,2183 3431,2194"/>
                <Baseline points="3451,2274 3540,2274 3630,2274 3719,2274 3809,2274 3898,2274 3988,2274 4077,2274 4167,2274 4257,2274 4346,2274 4436,2274 4525,2274 4615,2274 4704,2274 4794,2280 4884,2280 4973,2274 5063,2274 5152,2274 5242,2280 5331,2280 5421,2280 5510,2280 5600,2286 5612,2286"/>
                <TextEquiv>
                    <Unicode>Albrecht: Um ein Vergehen, das ihm bekannt war,</Unicode>
                </TextEquiv>
            </TextLine>
            <TextLine id="tr_1_tl_13" custom="readingOrder {index:12;}">
                <Coords points="3466,2514 5637,2458 5634,2366 5528,2348 4146,2339 3925,2401 3463,2339"/>
                <Baseline points="3480,2424 3570,2430 3660,2430 3749,2430 3839,2430 3928,2430 4018,2430 4107,2430 4197,2430 4286,2430 4376,2430 4466,2430 4555,2430 4645,2430 4734,2430 4824,2430 4913,2436 5003,2430 5092,2436 5182,2436 5272,2436 5361,2436 5451,2436 5540,2436 5630,2442 5642,2436"/>
                <TextEquiv>
                    <Unicode>ehe er es entdecken musste. Um ein Weib, an dem</Unicode>
                </TextEquiv>
            </TextLine>
            <TextLine id="tr_1_tl_14" custom="readingOrder {index:13;}">
                <Coords points="3454,2682 3732,2632 4087,2688 5051,2671 5193,2614 5193,2464 4489,2538 4064,2478 3933,2538 3451,2523"/>
                <Baseline points="3468,2579 3558,2585 3648,2585 3737,2585 3827,2585 3916,2585 4006,2591 4095,2585 4185,2585 4275,2585 4364,2585 4454,2585 4543,2585 4633,2585 4722,2591 4812,2591 4901,2591 4991,2591 5081,2585 5170,2585 5200,2585"/>
                <TextEquiv>
                    <Unicode>ihm weniger liegt als an dir jeder März.</Unicode>
                </TextEquiv>
            </TextLine>
            <TextLine id="tr_1_tl_15" custom="readingOrder {index:14;}">
                <Coords points="5114,2697 5187,2659 5253,2677 5294,2665 5324,2682 5350,2668 5418,2715 5483,2703 5474,2579 5433,2573 5371,2617 5329,2591 5170,2620 5108,2614"/>
                <Baseline points="5128,2650 5218,2656 5307,2662 5397,2668 5487,2668"/>
                <TextEquiv>
                    <Unicode>mirtheil</Unicode>
                </TextEquiv>
            </TextLine>
            <TextLine id="tr_1_tl_16" custom="readingOrder {index:15;}">
                <Coords points="3422,2824 5471,2842 5658,2765 5658,2656 5424,2718 4889,2644 3422,2694"/>
                <Baseline points="3439,2734 3528,2740 3618,2734 3707,2740 3797,2740 3886,2740 3976,2740 4066,2746 4155,2746 4245,2740 4334,2740 4424,2740 4513,2740 4603,2740 4692,2740 4782,2746 4872,2746 4961,2740 5051,2746 5140,2746 5230,2746 5319,2746 5409,2752 5498,2752 5588,2746 5666,2746"/>
                <TextEquiv>
                    <Unicode>Max: Wie wenig kennst du ihn. Nicht darum. Weil</Unicode>
                </TextEquiv>
            </TextLine>
            <TextLine id="tr_1_tl_17" custom="readingOrder {index:16;}">
                <Coords points="3451,2990 3617,2966 3892,2999 4025,2952 4064,2972 4135,2958 4135,2827 4019,2845 3963,2810 3916,2839 3874,2818 3794,2845 3691,2801 3655,2824 3552,2801 3451,2827"/>
                <Baseline points="3468,2895 3558,2895 3648,2895 3737,2895 3827,2901 3916,2901 4006,2901 4095,2901 4143,2895"/>
                <TextEquiv>
                    <Unicode>ich ihn belog.</Unicode>
                </TextEquiv>
            </TextLine>
            <TextLine id="tr_1_tl_18" custom="readingOrder {index:17;}">
                <Coords points="3445,3102 4365,3162 4942,3061 5060,3150 5794,3159 5794,2913 5403,3014 3445,2966"/>
                <Baseline points="3462,3051 3552,3051 3642,3051 3731,3051 3821,3051 3910,3051 4000,3051 4089,3056 4179,3056 4269,3056 4358,3056 4448,3056 4537,3051 4627,3056 4716,3056 4806,3056 4895,3056 4985,3051 5075,3051 5164,3056 5254,3056 5343,3056 5433,3056 5522,3056 5612,3062 5701,3062 5791,3068 5797,3068"/>
                <TextEquiv>
                    <Unicode>Albrecht: Du belogst ihn nicht, da er doch wusste.</Unicode>
                </TextEquiv>
            </TextLine>
            <TextLine id="tr_1_tl_19" custom="readingOrder {index:18;}">
                <Coords points="3457,3268 5835,3280 5832,3165 5746,3141 3454,3108"/>
                <Baseline points="3474,3200 3564,3200 3654,3200 3743,3200 3833,3200 3922,3206 4012,3206 4101,3206 4191,3200 4280,3206 4370,3206 4460,3206 4549,3206 4639,3206 4728,3206 4818,3206 4907,3206 4997,3206 5087,3206 5176,3206 5266,3206 5355,3212 5445,3212 5534,3212 5624,3212 5713,3218 5803,3218 5839,3218"/>
                <TextEquiv>
                    <Unicode>Warum wollte er die Wahrheit von dir herauszwingen,</Unicode>
                </TextEquiv>
            </TextLine>
            <TextLine id="tr_1_tl_20" custom="readingOrder {index:19;}">
                <Coords points="3445,3416 3658,3431 3862,3360 4643,3392 4643,3277 4525,3312 4362,3277 4025,3304 3957,3265 3756,3306 3445,3265"/>
                <Baseline points="3462,3349 3552,3355 3642,3355 3731,3361 3821,3361 3910,3355 4000,3355 4089,3349 4179,3355 4269,3355 4358,3355 4448,3355 4537,3355 4627,3355 4651,3361"/>
                <TextEquiv>
                    <Unicode>die ihm doch bekannt war?</Unicode>
                </TextEquiv>
            </TextLine>
            <TextLine id="tr_1_tl_21" custom="readingOrder {index:20;}">
                <Coords points="3931,3434 5356,3431 5755,3522 5752,3366 5477,3386 5318,3286 4714,3327 4628,3392 3931,3372"/>
                <Baseline points="3946,3415 4036,3415 4125,3415 4215,3421 4304,3421 4394,3433 4483,3427 4573,3421 4663,3421 4752,3421 4842,3427 4931,3427 5021,3427 5110,3421 5200,3427 5290,3433 5379,3433 5469,3445 5558,3445 5648,3451 5737,3468 5761,3462"/>
                <TextEquiv>
                    <Unicode>nicht der Mitteil in allenossen – weil hare hy</Unicode>
                </TextEquiv>
            </TextLine>
            <TextLine id="tr_1_tl_22" custom="readingOrder {index:21;}">
                <Coords points="3437,3655 3842,3570 4608,3650 4921,3573 5637,3582 5634,3469 5353,3431 3434,3448"/>
                <Baseline points="3451,3510 3540,3510 3630,3510 3719,3510 3809,3504 3898,3504 3988,3504 4077,3510 4167,3510 4257,3510 4346,3510 4436,3510 4525,3510 4615,3516 4704,3516 4794,3516 4884,3516 4973,3516 5063,3516 5152,3522 5242,3522 5331,3522 5421,3522 5510,3528 5600,3528 5642,3528"/>
                <TextEquiv>
                    <Unicode>Max: Verstehst du es wirklich nicht? Hätte ich</Unicode>
                </TextEquiv>
            </TextLine>
        </TextRegion>
    </Page>
</PcGts>
