4744 4168
1618 336 1997 547 12.10.31.
3891 442 4065 630 356
3470 487 3889 726 S. S. Hert
2139 581 3333 803 Max bleibt allein zurück.
2137 769 4290 966 Vielleicht sieht er Katharina mit Albrecht ab-
2125 909 4413 1077 reiten. (Ein Gespräch mit einem andern Soldaten).
3293 1037 4433 1188 Auf ein Rechtscht, der Sich ist
2119 1065 3060 1256 Ein kurzer Monolog.
3330 1131 4285 1308 Tifc de pfat enjet
2122 1219 2966 1413 Marie: (tritt auf).
2108 1396 4148 1533 Max: Du,Marie? Wie kommet du hieher? Warum?
2117 1567 4242 1761 Rasch, wenn du mir etwas zu sagen hast. Es ist
2111 1686 3128 1900 nicht viel Zeit mehr.
3572 1732 4307 1903 Indienst
2117 1883 4247 2045 Marie: Beinahe schon war ich verzweifelt Dich
2114 2023 2604 2188 zu finden.
2117 2117 4236 2336 Max: Welch ein Wahnsinn mir zu folgen! Wie du
2100 2307 3852 2490 nur aussiehst! Was hat man dir getan?
2108 2478 4333 2672 Marie: Es war nicht leicht - die Wege sind ver-
2117 2601 4262 2812 legt. Aber einmal musste ich dich noch sehen.
3051 2740 3390 2843 Mdry My
2100 2800 4239 2931 Diese letzte Stunde, ehe du in den Tod reitest
3871 2909 4330 3048 vie ein se
3649 2894 3766 3057 l.
2114 2934 3484 3079 lass mich so lange bei dir.
2102 3102 4216 3282 Max: Ich reite nicht mit den Andern, ich habe
2100 3268 3834 3436 hier Wache zu halten. nicht mehr lang.
2102 3376 3584 3558 Marie: Und was dann?
2100 3510 4310 3715 Max: Ich weiss nicht. Du aber darfst hier nicht
