5800 4248
539 943 1938 1122 Worent Mest & if plus! -
740 1097 1685 1303 H hll kern pit¬
804 1226 2043 1427 si event avec lui plus
659 1362 1873 1575 - unbetracht. Nots!-
798 1497 1202 1676 ct  1
795 1602 1960 1880 U. S. H.
693 1735 1590 1932 le confingage
693 1836 2098 2145 v/ - Schilau Einklage
647 2157 1957 2437 Ode Spialld Bustrages, Hof-
699 2369 1581 2517 & arbeit ist -! -
746 2493 1849 2795 Mischmach verstellt
887 2761 1461 3017 Zweyung
1383 3038 2222 3251 den mitweis
1094 3198 1306 3355 eo
1001 3319 2043 3534 ne nicht - übriget
1054 3448 1957 3719 Sie alle furcht.
4964 505 5146 641 312
3103 487 5509 792 schrieben? Weisst du es denn wirklich nicht? Meintel
3094 761 4616 952 Ich hab meinen Vater umgebracht.
3072 946 5306 1103 Max: Du? Deinen Vater? Ich glaub es dir nicht.
3100 1072 5346 1288 Warum saget du mir das? Er lag ja im Sterben. Er
2844 1165 3094 1288 Wollert
2665 1223 2998 1383 Wenn H.
3094 1223 4850 1454 war krank und alt. Komm zu dir,Marie,
2656 1359 3041 1473 geleistet
3090 1405 5438 1602 Marie: In jener Nacht - ich wollte zu dir. (nicht
2816 1436 3038 1593 f. n
3087 1553 5426 1796 von seinen Flüchen wollte ich empfangen sein. Eine
2678 1581 2980 1784 Schn Dr.
2656 1719 2952 1849 & in a
3094 1719 5475 1954 Nacht nur du - das Glück – das Leben - Und doch kam
2622 1830 2844 1984 Gah.
3081 1895 5349 2080 ich zu spät. Niemand hätt es je gewusst, dass ich
2619 1932 2973 2055 werf, ich
2585 2009 2890 2141 Reuss in
3075 2046 4958 2265 ihn getötet. Da gab ich mich selber an.
2610 2104 2822 2231 nur
3069 2203 4656 2413 Max: Und bist nun doch selbst da?
3066 2369 5124 2530 Marie: Eine Nacht nur war ich im Gefängnis.
3029 2505 5503 2699 Max: Man liess dich wieder frei, weil keiner an deine
3057 2641 3922 2841 Schuld glaubte?
3050 2758 5488 3050 Marie: Ich entfloh. Uebermächtig wurde die Sehnsucht
3050 2983 5287 3180 nach dir,ich wollte, ich musste dich einmal noch
2601 2958 2936 3134 défunt
3522 3072 4021 3186 the time to be
2638 3087 2909 3189 I am
3063 3131 5469 3297 sehen. Diese letzte Stunde, eh du in den Tod reitest
2619 3152 2961 3282 Nachd
3778 3235 3935 3315 mit
2601 3238 2949 3383 as very
3001 3226 5420 3476 (lass mich bei dir! Dann mögen sie mich haben,- dann
2631 3337 2819 3513 vC.
3050 3460 5445 3611 mögen sie mich richten - dann ist mein Los erfüllt.
2567 3448 2890 3590 Mein
2619 3568 2829 3728 up
3032 3620 5331 3775 Max! Nur durch Leben erfüllt sich ein Los, nicht
