5109 3823
1088 783 2038 941 7 76 Seis an Schlern, 20.8.08.
634 981 1960 1090 Lieber Freund, ausser den zwei Karten, einer aus
514 1053 2038 1189 Oberhof und einer aus München ist noch keine Nachricht
526 1170 2031 1278 von Ihnen gekommen, und wir möchten doch gern ein wenig
524 1273 1972 1391 ausführlicher wissen, wie es Ihnen geht? Ich schicke
533 1375 2027 1501 diesen Brief nach Berlin, da mir Ihre Helgeländer Adres-
526 1495 2002 1610 se unbekannt ist )aufs gerathewohl hab ich eine Karte
526 1593 2019 1709 hingeschickt) Es herbstelt hier beträchtlich, wird aber
533 1714 1951 1810 immer schöner und wir denken alle eigentlich ungern
526 1800 1907 1909 ans Fortgehen. Agnes Speyer ist noch da; Wassermann
514 1886 1979 1995 und Kaufmann längst abgesegelt. Wir haben den Schlern
520 2010 1930 2118 bestiegen, waren ein andres Mal auf dem Dialer Haus,
520 2113 1949 2219 beide Male sind wir verfrüht durch Nebel-Wetter und
503 2195 1991 2334 Kälte ins Thal getrieben worden. Ende des Monats wan-
514 2315 1945 2423 dern wir nach Bozen, schicken Heini nach Wien, machen
509 2417 1918 2539 vielleicht noch einen Ausflug nach Martino; reisen
507 2507 2035 2631 dann nach München und denken Mitte September in Wien zu
509 2602 1966 2749 sein. Neulich hat uns von Gossensass aus mein Bruder
3033 848 4513 1021 Julius sammt Familie besucht; entpuppte sich bei die-
3052 954 4538 1122 ser Gelegenheit als skeptischer Betrachter von Röntgen-
3052 1061 4433 1223 bildern - wie er mir auch schon vorher, als Antwort
3063 1166 4530 1311 auf mein Eingeständnis, dass ich mich in Ihrem Röntgen-
3052 1276 4507 1433 gemälde nicht auskennte, erwidert hatte „Das geht uns
3071 1398 4536 1522 allen so (Uns-Uns Aerzten.- Umso mehr bin ich auf Ih¬
3071 1501 4018 1623 re subjektiven Berichte gespannt.-
3069 1575 4557 1714 Mein sogenanntes Stück hab ich noch einmal angefangen;
3084 1695 4471 1808 es geht langs am vorwärts, und die Wahrheit zu sagen
3088 1787 4578 1920 nicht so, wie ich wünschte. Hingegen befindet sich seit
3094 1882 4578 2019 14 Tagen Raoul Auernheimer hier, schreibt ein Lustspiel
3101 1985 4542 2122 mit einer Bassermann Rolle, wird demnächst fertig und
3113 2065 4568 2223 hat mich bescheiden gebeten Sie zu fragen, ob er's Ih-
3107 2185 4578 2347 nen schicken dürfte? Ich nehme an Sie sagen ja und er
3124 2303 4555 2454 hoffen sich hiemit das Oktoberkassen-Stück zu gewin¬
3120 2398 4524 2560 nen, das ich Ihnen wie alles übrige Gute von Herzen
3138 2494 4602 2667 wünsche. Wir denken oft und gerne an die schönen Plau¬
3136 2602 4625 2762 derstunden auf mehr oder minder schattigen Bänken, mehr
