5110 3624
574 746 2042 913 Zeit keineswegs für länger, kleinere Ausflüge sind al¬
574 854 2001 992 lerdings vorgesehen und so bitte ich Sie jedenfalls
574 952 2061 1073 mich immer so früh als möglich von Ihren Entschlüssen
574 1042 1051 1157 zu unterrichten.
723 1098 2019 1268 Die Skizze des Aerztestüches habe ich beendet.
568 1216 2111 1303 Wann ich an die ernsthafte Ausführung gehen werde„weiss
572 1301 1972 1395 Ich heute noch nicht zu sagen. Es wäre möglich, dass
568 1387 1911 1533 uns anderes Grösseres früher fertig wird, Einakter
581 1476 1195 1614 höchst wahrsche inlich.
718 1594 1992 1702 Bei Reinhardt habe ich nichts gesehen als die
562 1652 1913 1763 Christina: komischer Weise habe ich gerade heute
562 1738 1961 1884 Nacht einen neuen Schluss zu diesem Stück geträumt
574 1832 2090 1961 und zwar einen pantomimischen mit xxxei Türen, aus denen,
570 1925 1159 2057 wie bei gewissen Uhre
1232 1930 1971 2051 wachse Ind immer das eine
562 2032 2019 2132 oder andere Paar, Christina-Florindo war das eino,von
581 2105 2061 2222 dem andern weiss ich nur, dass der weibliche Teil Früh-
560 2193 2013 2327 lein Hospital hiess, was man ja Hofmannsthal für die
574 2270 2042 2421 nächste Umarbeitung auch vorschlagen könnte. Uebrigens
568 2400 2063 2491 war die Vorstellung bei Reinhardt trotz einer gewissen
556 2475 1965 2569 prectösen Uebernuanciertheit sehr hübach und hatte
568 2544 2015 2679 aus gesprochenen Erfolg. Sonst habe ich diesmal nichts
562 2644 1942 2746 bei Reinhardt gesehen, ich habe den Eindruck, da--
3118 875 4511 967 Erfolg heuer beträchtlicher war als vor drei oder
3129 969 3481 1057 vier Jahren.
3312 998 4463 1151 Für Karlsbad und für Kleist fernerhin als
3116 1140 3548 1261 Gute wünschend
