5110 3624
383 614 867 760 Brahm
1577 670 1938 796 27.12.1909.
923 867 1354 989 Lieber Freund!
766 1029 1994 1144 Der Ernstfall, dessen Escheinen ich in meinem
548 1124 2050 1260 letzten Brief an Sie für möglich hielt, hat nicht lange
568 1226 1868 1346 auf sich warten lassen. Vorgestern bekom ich von
568 1324 1463 1441 Schlenther den folgenden Brief:
646 1374 1968 1541 "Sehr geehrter Herr Doktor.Wenn Sie die heutigen
524 1487 2008 1621 Morgenblätter gelesen haben, so wird Ihnen der eigent¬
550 1579 1958 1691 liche Grund klar werden, neshalb ich mit der Annahme
550 1657 1894 1788 des "Jungen Medardus" so lange gezögert habe Auch
554 1727 2010 1870 wenn die technischen und Zensur-Schwierigkeiten über¬
560 1866 1980 1968 wunden sind, so enthält das Stück doch eine so anorme
538 1926 2012 2034 Arbeit, dass ich es nicht verentworten kann sie meinem
554 2014 2044 2145 präsumtiven Nachfolger aufzubürden, ohne dass er vorher
568 2107 1948 2229 hat Stellung dazu nehmen können. Mir selbst wäre es
568 2177 1976 2307 sehr erfreulich und wünschenswert gerade mit diesem
566 2281 2006 2426 Stück Abschied zu nehmen. Das würde aber einen Termin
572 2363 2024 2486 be euten, auf den is wohl nicht eingehen möchten. Denn
560 2470 2010 2566 da die neueintretenden SchauspfeIertnnen, die für die
580 2540 2054 2674 beiden Hauptrollen in Betracht kommen,erst im Frühjchr
580 2626 2012 2777 dispontbel sind, so könnte die Aufführung keinesfalls
3068 788 4556 883 vor Ende April sein, mögl ich erweise sich aber auch bis
3044 863 4546 991 in den Mai hinausschieben. Wie Sie mir schon andeuteten
3038 943 4504 1071 würden Sie den Herbsttermin beobzugen, der aber fiele
3042 1043 4522 1168 keinesfalls mehr in meine Zeit. Vielleicht löst sich
3054 1105 4516 1236 die Schwierigkeit durch eine persönliche Unterredung,
3048 1228 4538 1320 zu der ich Sie bitten werde, so bald ich von einer kur¬
3042 1324 4526 1449 zen Reise nach Berlin, die ich heute entrete, zurückge¬
3048 1414 3589 1553 kehrt sein werde.“
3282 1467 4492 1603 Aus diesem Brief geht also hervor, dass Sch.
3044 1585 4647 1719 eine offizielle Annahme des Medirdus zu vermeiden wünscht
3050 1669 4480 1786 und es wäre mir natürlich von grossem Wert, wenn ich
3038 1770 4564 1880 Ihm gegenüber erinnern könnte, dass er sich zu Ihnen ge¬
3066 1834 4582 1980 äussert, er würde mir,wenn Zensur und Drehbühne stimmen,
3066 1922 4570 2075 was nun der Fall ist, einen Brief mit Termin schreiben,
3074 2024 4496 2121 durch den sich auch sein Nachfolger gebunden fühlen
3066 2107 4520 2205 müsste. Obwohl ja bei den Vertrags-resp. het den Tan¬
3066 2195 4546 2321 tiemenrevers-Verhältnissen des Burgtheaters von einer
3068 2273 4550 2392 solchen Lindung im juridischen Sinn nicht die Rede
3074 2367 4544 2480 sein kann, wäre meine position selbstverständlich eine
3080 2466 4502 2594 beträchtlich bessere, wenn ich nach sechsmonatlichen
3074 2540 4530 2658 Verhandlungen doch wenigstens die offizielle Annahme
