7956 3577
2824 278 3048 430 1 1/2
832 312 1034 480 1.°
2884 666 3334 768 Wien, 23.9.1912.
2118 718 2532 858 Lieber Freund.
2114 858 3572 988 Vielen Dank für Ihren Brief. Während mir Ihre andern
2114 964 3548 1082 Bedenken weniger einleuchten teile ich Ihre Ansicht
2118 1088 3560 1184 über die Besetzungsschwierigkeiten im lessingtheater
2120 1160 3530 1314 durchaus. Aus dieser Ueberlegung ging ja auch meine
2120 1272 3560 1392 zugleich mit Absendung des Stückes an Sie gerichtete
2108 1382 3556 1518 Frage hervor, wie Sie sich die Besetzung des S/tückes
2108 1464 3528 1602 bei Ihnen überhaupt vorstellen. Diese Frage erlaube
2108 1598 3500 1716 ich mir heute zu wiederholen besonders in Hinblick
2102 1686 3580 1798 auf Ihre freundliche Absicht zur eventuellen Premiere
2102 1782 3580 1920 oder einer Wiederholung nach Wien zu kommen, „wenn ich
2100 1884 3554 2022 bis dahin das Stück für Berlin nicht vergeben hätte."
2106 1988 3548 2136 Ob es zweckmässig für mich ist weitere Verhandlungen
2106 2092 3518 2230 mit andern Berliner Bühnen (es kommt wohl ernstlich
2096 2206 3518 2326 nur Barnowsky in Betracht) vorläufig zu unterlassen,
2092 2312 3584 2420 darüber kann ich mir natürlich erst dann eine Meinung
2096 2424 3560 2500 bilden, wenn mir überhaupt eine Möglichkeit vorhanden
2102 2526 3524 2628 scheint, dass das Tessingtheater für die Hauptrollen
6102 740 7468 882 entsprechende Vertreter besitzt oder im Ernstfall
7200 720 7448 814 23.9.12.
6102 856 7510 968 der Bernhardi-Aufführung besitzen würde. Vom Volks-
6114 948 7552 1092 theater ist die Komödie mit unverkennbarer Freude ak-
6090 1062 7506 1200 zeptiert worden; gestern habe ich mit Glückmann die
6090 1138 7510 1296 Besetzung besprochen, die, wenn allen meinen Wünschen
6090 1270 7578 1398 willfahrt werden sollte, sehr gut sein wird. Als Termin
6084 1366 7580 1484 ist Anfang Dezember in Aussicht genommen, doch halte ich
6066 1442 7574 1624 es aus verschiedenen Gründen für wahrscheinlicher, dass
6068 1556 7448 1718 wie auch im Kontrakt vorgesehen ist, Jänner werden
6072 1646 7550 1796 dürfte. Wie die Zensur sich zu der Angelegenheit stel-
6054 1736 7522 1914 len wird, ist freilich noch nicht abzusehen. Auch eine
6042 1878 7516 2014 Verschleppung könnte von dieser Seite drohen, da es ja
6044 1982 7534 2136 ohne Zensurbeirat diesmal nicht abgehen dürfte. Darf
6042 2080 7544 2242 ich Sie bitten mir die Fahnen des „Bernhardi" gelegent-
6036 2158 6906 2296 lich zurückschicken zu lassen?
6234 2264 7280 2386 Herzlichst, mit Grüssen von uns Allen.
6662 2424 6820 2550 A.S.
