5125 3825
711 484 976 655 1,1,19.
1621 814 1858 908 14.8.09,
389 902 1858 968 vielleicht von Szene 4 oder 5 die Associationskette
395 999 1909 1069 statt ins Freie und Neue nach Scene 1 od.2 od.3 zurück-
395 1106 1847 1178 liefe. Auf der Beachtung solcher scheinbarer Kleinig-
398 1192 1858 1281 keiten beruht ein nicht geringer Theil aller Theater-
414 1283 1872 1401 wirkung, was ich Ihnen gern in einem längern und licht-
414 1425 1852 1508 vollen mündlichen Vortrag allem Lächeln zu Trotz aus-
406 1504 1895 1592 einandersetzen zu können mir einbilde. Eine andere Art
395 1606 1889 1712 von Theaterwirkung liesse sich erreichen, wenn man alle
395 1720 1788 1788 5 Weibsen van Einer Komödiantin darstellen liesse;
395 1817 1860 1893 die Freude an der Verwandlungskunst dieser Einen wür-
395 1922 1880 1998 de in diesem Fall das Vergnügen am Wechsel der Gestal-
414 2022 1841 2095 ten zu ersetzen oder, wenn diese Eine ein Genie wäre,
395 2123 1880 2194 zu überbieten vermögen. Aber ich glaube, es wird Ihnen
400 2224 1837 2311 leichter sein, zu Triesch, Wüst, Orloff, Herterich eine
395 2329 1955 2412 fünfte zu finden, al/s aus einer dieser vier, selbst
395 2436 1932 2531 aus dem enormen Talent der Triesch ein Genie zu machen.
400 2542 1852 2626 Reicher-Max gewis s das beste. Ich dachte sonderbarer
414 2612 1835 2758 Weise gar nicht an diese Möglichkeit. Es freut mich
4076 809 4331 917 14.8.09.
2953 908 4453 970 sehr, dass Sie, sich mit der Anatol-Idee so herzlich be-
2972 1007 4447 1073 freundet haben. Das ganze lässt sich gewiss gerade in
2972 1106 4424 1168 der Aufeinanderfolge hübsch inscenieren und Scene für
2966 1213 3903 1277 Scene fein aufeinander abstimmen.
2972 1302 4426 1396 „Gefährin" natürlich mit besonderem Vergnügen einver¬
2972 1409 4333 1485 standen. Sauer wäre ausserordentlich. Und sie die
2966 1516 4412 1607 Triesch, nicht wahr? Der andre Stieler? Auch die drei
2966 1619 4453 1693 Perzent lasen keinerlei Einwand zu, und das Hannele ist
2958 1722 4405 1796 (und wäre auch mit 9 Perzent) eine Gefährtin, die ich
2953 1823 4393 1944 beträchlich höher schätze als die so benannte. Sehr
2953 1883 4418 2004 lustig stelle ich mir den Abend ja nicht vor, aber für
2953 2039 4438 2105 Lustigkeit haben Sie, ja heuer genügend gesorgt (womit
2953 2136 4438 2200 Sie hinwiederum mein sinistres Schweigen über das Kon¬
2953 2241 3942 2309 zert als gebrochen erachten mögen.)
2953 2344 4447 2432 Sie werden diesem Briefe vielleicht gar nicht anlesen,
2958 2447 4395 2539 dass ich gestern von einer Doppelbergtour oder Berg-
2958 2533 4424 2610 doppeltour auf Schneeberg und Hohe Wand mit einem or¬
2953 2651 4405 2764 dentlichen Hexenschuss zurückgekehrt bin. Hiemit hab
