5080 3825
354 750 991 945 Dröhne
1381 851 1695 943 9.12.1909.
772 1004 1207 1132 Lieber Freund!
796 1163 1795 1305 Gestern erhielt ich folgendes Tele¬
561 1326 1903 1411 gram: "Unser Entschluss Ihre dramatische Histo¬
563 1387 1861 1492 rie zu spielen, wenn Sie uns im Vertrag Vorrecht
558 1490 1879 1575 auf Ihr modernes Werk einräumen, ist unverändert.
545 1577 1813 1656 Im Auftrage grüssend Kahane." Dieses Telegramm
563 1663 1765 1752 bedeutete die Antoort auf meinen wiederholt
574 1748 1872 1850 ausgesprochenen Wunsch endlich den Vertrag oder
561 1815 1891 1966 das Manuscript zurückzuerhalten. Meine erste Ro¬
574 1935 1824 2014 gung nach Erhalt des Telegramms war natürlich
534 1951 1933 2110 nun einfach und ohneweiters das Manuscript zurück-
574 2103 1933 2191 zufordern, dann aber sind mir wieder Bedenken ge¬
558 2149 1924 2271 kommen ausschliesslich dem Wunsch ihre Entstehung
587 2284 1841 2400 verdankend, den Medardus in Berlin gespielt zu
558 2334 1852 2459 sehen. Da es mir aber innerlich wahrhaft wider¬
558 2432 1839 2542 strebt mit diesen Leuten weiter zu verhandeln,
569 2529 1819 2638 möchte ich Ihnen, lieber Freund, heute kurz und
556 2611 1898 2769 völlig unverbindlich folgende zwei Fragen verle-
569 2727 1922 2832 gen: 1. Hätten Sie Lust den Medardus zu spielen
2972 949 4353 1110 2. Glauben Sie, dass das less ingtheater den Medar-
2996 1067 4407 1169 dus spielen kann? Die Besetzung der Hauptrollen wä-
2996 1147 4431 1268 re ja so ziemlich gegeben: (Monnard-Medardus, Triesch-
2995 1243 4479 1363 Helene, Lehmann-Frau-Klaehr, Reicher-Herzog, Marr-Eschen-
3013 1316 4438 1444 bacher, Lossen-Agathe, Stieler, Etzelt etc. etc.) Immer¬
2996 1431 4401 1536 hin gibt es noch so viele andere Hollen und bietet
3008 1492 4449 1615 das ganze Stück auch in seiner jetzigen Fassung noch
3020 1593 4365 1715 so beträchtliche Schwierigkeiten, bedarf so vieler
3011 1678 4418 1791 Proben und so vieler Arbeit, würde sogar eine Anschl
3026 1774 4389 1896 von Neuengagemts unbedingt notwendig machen, dass
3020 1848 4455 1968 die Sache sehr reiflich zu überlegen ist. Jedenfalls
3019 1929 4431 2066 aber bitte ich Sie, lesen Sie das Stück nun auch ein
3037 2040 4353 2147 wenig als Direktor des Lesstagtheaters und sagen
3020 2116 4401 2236 Sie mir für alle Fälle wie Sie über meinen Einfall
3035 2208 4437 2330 denken, der vorläufig wirklich nicht mehr sein soll,
3043 2304 4385 2443 als ein Einfall und gleich unverbindlich für Sie
3026 2371 4492 2504 wie für mich hier ausgesprochen wurde. Wenn Sie glau¬
3032 2468 4437 2590 ben der Idee irgendste nähertreten zu können, so tot
3037 2555 4505 2679 das eine Sache, die vorläufig ganz zwischen uns bleibt
3030 2659 4438 2768 und ich brauche hoffentlich nicht erst zu erwähnen,
3030 2753 4377 2893 dass eine eventuelle Geneigtheit Ihrerseits auch
