5073 3749
1542 806 1794 884 (6.8.06)
449 853 1938 977 hysterisch. Von Jbsen hat sie zur Zeit da sie ihn ken-
455 967 1925 1083 nen gelernt hat, überhaupt nichts gekannt. Wenn er sie
459 1071 1953 1198 küsste, so grauste ihr. Ausser xxx (den sie nicht lieb -
455 1191 1972 1301 te) hat sie nur einen geliebt - einen 62 jährigen Mann,
455 1297 1853 1384 mit dem sie verlobt war. Dass aus der Sache nichts
455 1384 1851 1470 wurde, war eine „romantische Geschichte“, wie sie zu
455 1489 1953 1581 Baandes sagte. Ein Arzt schickte den Bräutigam nämlich
466 1595 1900 1703 nach Mazigo, weil er eine Krankheit hätte, die ihm das
472 1707 1965 1801 Heiraten unmöglich machte.. „Das nannte sie eine roman¬
466 1781 1974 1885 tische Geschichte.. Nun sagen Sie, ist das nicht lächer
465 1906 1928 2014 lich...?“ Im ganzen scheint sie eine ahnungslose tra¬
478 2029 1200 2118 gikomische Figur zu sein.-
466 2097 1983 2215 Das (A + B) te Stück hab ich in der ersten Niederschrift
466 2200 1836 2308 hier abgeschlossen; den 4. u. 5. Akt recht flüchtig.
466 2329 1902 2412 Nun soll es liegen bleiben, bis irgend eine Trompete
1320 2423 1946 2530 ich mir den eignen, was
466 2433 1088 2545 tönt. (Im allgemeinen
478 2514 2004 2605 ein abgeschmackter Vergleich ist.) - Da nun Reiseunruhen
485 2609 1936 2740 bevorstehen, Wandern von Landschaft zu Landschafts, von
4035 808 4322 905 (E.8.06.)
2956 857 4460 967 Hotel zu Hotel,usage ich mich nicht an das Weiterführen
3070 954 3281 1030 Romans.
2962 980 4418 1088 des Kanens, woran ich anfangs dachte. Immerhin, da mir,
2966 1087 4437 1200 nach Arbeiten, Arbeitslosigkeit der widerwärtigste von
2968 1193 4409 1339 allen Zuständen bedeutet, spiele ich mit angefangenen
2973 1312 3561 1434 Novelletten u. dergl.-
2998 1411 4443 1490 Seit einigen Wochen ist schon Frau Fulda da, über die
2962 1515 4468 1602 nichts besonderes zu berichten ist. Doch thäte man ihr
2979 1608 4196 1684 Unrecht, wenn man sie eine Vollnatur nennte.-
2979 1726 4468 1822 Nun leben Sie wohl und schreiben mir, wenn Sie's gleich
2979 1798 4487 1913 thun, eine Zeile nach Kopenhagen, König von Dänemark; wenn
2985 1906 4346 2006 später, nach Wien, da mir von dort von Zeit zu Zeit
2979 2004 4443 2112 nachgeschickt wird, und unser Reiseplan doch nicht si-
2968 2139 4437 2272 cher genug ist, um Ihnen von hier aus eine Adresse an-
2977 2255 3239 2346 zugeben.
3205 2340 3899 2454 Wir grüssen Sie herzlich.
