8014 3577
4940 313 5105 450 1 1/2
3307 710 3601 817 23.12.10.
2149 748 3639 875 hier glänzend, nur jagen sich am Volkstheater die Pre-
2161 859 3655 978 mieren so, dass die Erfolge nicht ordentlich ausgenützt
2167 952 3662 1095 werden können.) Ich halte es für kaum denkbar, dass vom
2149 1079 3569 1182 Schicksal, von der Kritik, vom Publikum dem Autor in
2149 1173 3613 1262 einer Saison ein dritter Erfolg gesta tet wird; die
2149 1284 3575 1399 Chacen für das „W.L." verbessern sich jedenfalls,je
2149 1379 3609 1508 weiter wir es hinausrücken lassen. Ihre Entscheidung
2137 1474 3645 1585 kann natürlich nur von dem weitern Gang der Ereignisse
2149 1589 3601 1684 an Ihrem Theater abhängen; aber nach der Art wie Sie
2141 1678 3619 1782 den Anatol ansetzen,scheint er ja auch weiterhin vor-
2149 1792 3518 1903 züglich zu gehn, dazu kommt der neue Bahr, der neuen
2141 1881 3589 2014 Hauptmann, und Schönherr haben Sie sich doch auch ge-
2135 1994 3607 2097 sichert? So müsste man fast glauben, dass für das W.L.
2137 2097 3567 2224 Mitte Feber (resp. spätestens 8. Feber) nur mit Mühe
2125 2194 3631 2315 Platz gemacht werden könnte und unsere beider Interes-
2137 2301 3633 2401 sen sich begegnen.- Nun hab ich, in München, Schauspiel-
2135 2399 3577 2540 haus, mit „Masken“ u., „literatur“, die „Comtesse Mizzi“
2123 2530 3561 2617 wieder gesehn, mit Vergnügen die Wirkung des kleinen
2125 2637 3530 2720 Lustspiels beobachtet und constatieren können, dass
7214 665 7476 796 23.12.10.
6146 764 7632 879 die 16.Aufführung, trotz der mitgehenden ältern Stücke
6176 873 7597 966 (die am Residenztheater ziemlich oft gegeben wurden)
6164 962 7625 1067 ein total ausverkauftes Haus fand (wenn ich auch 10%
6057 1048 7676 1198 auf meine Anwesenheit rechne); da fiel mir ein, ob nicht
6170 1171 7555 1282 eine Zusammenstellung für Sie „ jeiteratur“, „Mizzi”,
6164 1264 7607 1383 „grosser Wurstl“, also ein lustiger Abend, etwa im Fa-
6164 1375 7619 1496 sching, Chancen böte. Auf den grossen Wurstl komm ich
6164 1490 7551 1605 zurück, weil er neulich in Prag, mit "Puppenspieler"
6182 1589 7613 1718 und „Cassian“ getreu nach dem Buch „Marionetten“ ge-
6168 1684 7583 1811 spielt wurde und ausserordentlich amtisiert hat. Je-
6182 1817 7589 1909 denfalls hielt ich diese Zusammenstellung für thea-
6176 1893 7597 2004 tersich erer, als ein Zusammenspannen der „Mizzi“ mit
6182 1994 7656 2123 Rossen eines andern Gespanns, und wären's auch so
6182 2091 7734 2208 edle wie die Einakter unsres Wassermann (dem ich gleich-
6180 2198 7569 2307 falls wünschte, als „eigner Abend“ zu debutieren.) -
6182 2301 7619 2417 Da ich Ihnen eben schreibe, rede ich auch von diesen,
6188 2399 7595 2518 selbstverständlich nicht sonderlich wichtig zu neh-
6188 2528 6827 2631 menden Angelegenheit.-
