4992 3748
1134 779 1817 899 Marienlyst, 28. Juli 1906.
434 872 1872 1005 Lieber Freund, als Ihr Brief ziemlich lange ausblieb,
430 990 1875 1102 dachte ich schon, dass Sie persönlich eines Tags hier
436 1109 1898 1234 auftauchen würden. Nun muss aber wohl, nach Ihren neu¬
442 1221 1900 1320 esten Plänen, überhaupt ein Wiedersehen in diesem Som¬
455 1327 1875 1426 mer ausser Frage gestellt werden. Wir wollen ca. 10.
440 1418 1898 1534 August Mlyst. verlassen, dann auf 3 Tage etwa nach Ko-
436 1525 1919 1627 penhagen, dann nach Kiel und einen Blick ins Schleswig-
453 1614 1930 1750 Holsteinische thun; dann nach Berlin (auf Stunden nur)
449 1733 1845 1834 den Buben mit dem Frl. nach Wien schicken, und dann
455 1830 1936 1936 will ich mit Olga nach Weimar (das ich noch nicht ken-
461 1936 1892 2069 ne) ins Thäringische und so allmählig in die Heimat.
455 2027 1908 2148 Marienlyst gefällt mir nach wie vor aufs allerbeste.
455 2167 1936 2264 Doch ist nun der Höhepunkt überschritten und eine ge¬
461 2234 1978 2361 wisse Unruhe beginnt mich zu ergreifen. In dem B.Stück
472 2344 1877 2475 bin ich in den 4.Akt gediehen (erste Niederschrift,
465 2450 1919 2562 aber im ganzen etwas fertiger als sonst meine ersten
478 2543 1959 2683 Niederschriften sind) und will die Skizze (die ausführ-
466 2657 1989 2801 licher aber nicht so praecis ist wie das endgiltige zu
4189 785 4483 931 (28.7.06.)
3066 853 4519 980 sein hat - hätte) jedenfalls hier vollenden. In Wien
3072 978 4513 1111 (September) wird die Skizze diktiert, dann ruhn gelas-
3074 1077 4485 1181 sen, wie lange weiss ich nicht - aber ich glaube, sie
3068 1183 4519 1291 wird mich nicht lange ruhn lassen. Wie immer beinahe
3066 1293 4555 1392 hab ich auch diesmal das vielleicht täuschende Verlan-
3061 1394 4568 1519 gen: wenn ich das endgiltige doch einem andern überlas-
3061 1498 4513 1604 sen könnte, der mehr Künstler wäre als ich. Ueber den
3055 1602 4530 1724 Sinn der Gestalten, über den Geist ihrer gegenseitigen
3062 1712 4570 1800 Beziehungen kann jetzt kein Zweifel mehr sein, und ihre
3057 1819 4496 1932 Schicksale sind festgestellt - was jetzt noch zu ma¬
3057 1910 4477 2014 chen ist, könnten andre besser machen als ich, den es
3057 2027 4562 2122 eigentlich schon zu andern Phantastereien und Realiste-
3051 2107 4523 2239 reien lockt. Während ich an dem C.Stück schrieb, spürt
3062 2234 4555 2315 ich plötzlich, dass zwei andere Stoffe vonn mir, der eins
3049 2310 4500 2429 vollkommen seenirt, der andre zu ein viertel oder ein
3045 2420 4566 2552 drittel dialectisirt, mit diesem D.Stück in einem innern
3051 2539 4538 2647 Zusammenhang stehn. Eine Trilogie (pardon für das pom-
3049 2613 4505 2767 pöse Wort) mit dem Obertitel etwa: „O du mein Oester-
