4963 3749
726 526 883 636 chez les
1063 540 1218 666 I
1296 790 1745 905 Wien, 29.1.1908.
467 927 883 1027 Lieber Freund,
473 1031 1878 1140 gewiss werden die Kritiker heute nicht klüger sein
482 1115 1938 1234 als vor 6 Jahren, und somit stimm ich Ihnen gern bei,
477 1230 1956 1350 wenn Sie die Leb. St. durch den Suppenspieler ersetzen
490 1332 1920 1422 wollen. (Ursprünglich war der Cyclus gedacht:Puppen¬
478 1437 1984 1555 spieler - Dolchfrau - Lebendige Stunden (als bestes in
494 1547 1904 1627 der Mitte) - Masken - Literatur). Einen Satz in den
490 1667 1976 1753 Puppenspieler einzufügen halt ich für nicht notwendig -
490 1743 1926 1848 ja es wäre sogar gefährlich, weil ja unsre guten, lie¬
477 1852 1976 1958 ben, wohlwollenden, sachlichen Kritiker das Adhocige der
490 1948 1984 2054 Sache merkten, und hier mit ihren Geist, ihrem Tiefsinn,
490 2064 1986 2145 ihrem künstlerischen Ernst einzusetzen nicht unterlies-
502 2173 2000 2255 sen. Ich glaube, man müsste sogar vermeiden darauf hin¬
490 2249 1982 2359 zuweisen, dass der Ruppenspieler einst zum Cyclus gehö¬
508 2400 1972 2458 ren sollte - sondern einfach vermelden, dass statt des
502 2444 1968 2594 Einakters Leb. St. der Supp, als erster gespielt wird.
502 2538 1998 2733 (Hab ich Ihnen übrigen schon gesagt, dass ich mich sehr
508 2670 1932 2825 darüber freue, dass Sie den Cyclus wieder aufnehmen?
3976 807 4267 905 (29.1.08.)
2933 873 4430 999 Hier steht es.) Zur Besetzung erlauben Sie mir einige
2955 987 4454 1093 Vorschläge. Wenn Bassermann in allen 4 Stücken beschäf¬
2959 1095 4458 1202 tigt werden könnte - fänd ich das höchst vortheilhaft -
2955 1174 4392 1300 umsomehr als die Figur des Remigio in der Dolchfrau
2949 1290 4426 1426 von keinem besser gebracht werden könnte. (Bei dieser
2959 1404 4432 1503 Gelegenheit fällt mir übrigens ein: Einakter Lebendige
2961 1497 4364 1603 Stunden Hausdorfer:Reicher Heinrich:Bassermann!-
2979 1601 4478 1719 das wär nicht übel!-Ueberlegen Sie's doch einmal! Viel¬
2973 1709 4275 1846 leicht kämen die Leute doch auf den Geschmack!)
2985 1818 4444 1912 -Ferner! wäre nicht auch im Ruppenspieler für Stieler
2983 1900 4414 2044 (der damals sehr schlecht war) Reicher vorzuziehen? -
2983 2004 4348 2141 Und wer soll in den Letzten Masken den Rademacher
2991 2117 4500 2245 spielen? - Und wer den Jackwerth? - Den Rademacher unbe-
2991 2201 4492 2337 dingt Reicher.- Jackwerth Forest? - Den Leonardo in der
3003 2337 4486 2450 Frau mit dem Dolch wohl Stieler?- Und wer in der Lite¬
2991 2434 4398 2568 ratur den Dichter? Reicher? Und wenn nicht der, wer
3013 2552 4456 2690 denn? - All dies schreib ich eiligst, gleich nachdem
3007 2630 4610 2811 ich Ihren Brief gelesen und bin neugierig Ihre Besetzungs-
