7931 3577
3226 658 3500 748 30.11.10.
316 668 578 832 A.M.S.
2086 706 3532 842 teljahr später am selben Theater mit einem zweiten
2086 832 3556 942 Stück herauszukommen. Dass aber aus grüngeäugten und
590 904 768 1000 G.C.F.P
2080 930 3524 1056 andern Gründen Wien diesmal nicht später als Berlin
1416 912 1602 1036 G.C.P.
2096 1022 3532 1130 kommen sollte, darüber sind wir wohl alle einig, Sie,
2074 1130 3638 1252 Berger und ich. Halten Sie, lieber Freund, eine Verschie-
2086 1220 3590 1350 bung des W.L. auf Beginn nächster Saison, wäre es auch
2092 1316 3614 1458 ausschliesslich mit Rücksicht auf Ihr Theater, für nicht
2080 1432 3542 1556 angezeigt, so ist die Sache abgetan, und ich will nur
2080 1534 3530 1648 das Möglichste tun, dass das Stück am Burgtheater zu-
2068 1636 3638 1772 gleich mit der Premiere bei Ihnen herauskommt. Zugleich?
2074 1758 3556 1884 Hier stock' ich schon. Es wäre vielleicht doch vor-
2092 1868 3542 1974 teilhaft, wenn ich der Erstaufführung sowohl hier als
2086 1944 3596 2080 in Berlin beiwohnen könnte, etwa mit einem Zwischenraum
2068 2066 3602 2172 von 2-3 Tagen. Und wo dann die graufführung? Ueber all
2074 2168 3578 2284 dies möchte ich sehr bald Ihre Meinung erfahren und
2068 2254 3596 2394 möchte vorher mit Berger gar nichts darüber sprechen.
2074 2346 3602 2498 Korff wird hier den Hofreiter spielen, die Marberg Ge-
2086 2484 3548 2614 nia. Ihr Eintritt in die Burg wird wahrscheinlich
7220 608 7590 772 30.11.10.
6122 704 7632 838 schon im Feber erfolgen, am Ende gar im Jänner. Und nun
6116 840 7592 954 da wir eben von der Genia reden: Wohin ich auch höre,
6120 956 7546 1066 jeder ist überzeugt, dass die Lossen für diese Rolle
6116 1038 7634 1154 der Triesch bei weitem vorzuziehen wäre, und ich war, wie
6114 1130 7598 1252 Sie wissen, von jeher dieser Ansicht. Die Triesch wäre
6120 1246 7598 1384 gewiss sehr gut, kein Zweifel. Aber der Sündenfall der
6128 1364 7608 1450 Genia würde durch seine Selbstverständlichkeit seinen
6126 1464 7622 1588 tiefern Sinn und viel von seiner äusseren Wirkung ver-
6134 1540 7568 1656 lieren. Die Lossen wäre die Gestalt, würde das ganze
6126 1646 7532 1806 Stück gewissermassen erhöhen, indem die Atmosphäre
6128 1752 7602 1878 ringsum sie gereinigt erschiene. Ja, ob man nicht eher
6134 1882 7550 2002 die Triesch für die Erna in Betracht ziehen könnte?
6128 1966 7602 2068 Jedenfalls bitte ich Sie dringend, lieber Freund, über-
6140 2072 7580 2188 legen Sie die Angelegenheit noch einmal reiflich, Für
6140 2164 7622 2292 meine Empfindung erhöht sich mit der Lossen als Genia
6140 2274 7720 2406 die Wahrscheinlichkeit des Erfolgs um ein Beträchtliches.
6152 2386 7646 2514 - Wenn Herr Tessing seine Striche schon gedichtet hat,
6140 2460 7602 2612 so wäre ich für freundliche Mitteilung sehr dankbar.
