5125 3825
1536 868 1755 966 4.8.09.
426 878 1191 1008 über all dies des näheren.-
420 991 1901 1106 Ich bin hier noch weiter am Medardus sehr fleissig ge-
409 1084 1844 1227 wesen, den ich nun doch sozusagen abgeschlossen habe
409 1201 1829 1318 und der sich zum Theil schon beim Drucken befindet.
409 1303 1893 1415 Wie kamen nur die halbwahr-ärgerlichen Notizen in die
414 1409 1931 1536 Zeitungen? Sie haben sie doch wohl geh esen? - Heute oder
414 1507 1880 1615 morgen xxx ich das Bühnenexemplar ans Burgtheater,
395 1617 1908 1710 worauf ich eine Zeit lang der Ruhe und etlicher kleine
395 1740 1823 1836 Fusstouren pflegen will. Bevor ich, Ende August, nach
388 1819 1903 1933 Wien zurückkehre, erfolgt vielleicht ein etwas weiterer
382 1912 1850 2041 Ausflug. Und Sie, wann sind Sie wieder daheim? - Heini
384 2016 1886 2147 ist schon ganz gesund, auch meiner Frau gehts sehr gut.
384 2122 1303 2254 Wir grüssen Sie alle herzlichst.
3387 758 4136 913 82 Edlach, 14.8.1909.
2882 895 3308 1027 Lieber Freund,
2894 974 4333 1116 ich thue wohl am besten Ihnen den schon geraume Zeit
2899 1097 4340 1222 unbeantwortet bei mir liegenden Brief der Akad.Bühne
2899 1191 4354 1320 zu Übermitteln und Ihnen die Entscheidung zu überlas-
2903 1303 4337 1422 sen. Ich weiss nicht, ob es irgend einen Vortheil be-
2913 1388 4365 1526 deutet, die Premiere des „Anatol“ der Akad. Bühne vor-
2903 1521 4401 1626 zubehalten; Sie kennen die Verhältnisse besser und sa-
2924 1613 4340 1738 gen mir wohl gütigst ein Wort, was ich den Leuten zu
2905 1729 3408 1848 antworten hätte.
2916 1823 4359 1948 Die fünf verschiedenen Weiber in den füns Scenen er-
2930 1912 4365 2046 wünsche ich mir nicht von wegen Steigerung der Illu-
2935 2012 4390 2143 sion, sondern nach meiner von Ihnen besser im Gedächt-
2935 2131 4359 2237 nis behaltenenals anerkannten Theorie, zur Erhöhung
2933 2254 4384 2353 des Theaterspasses, der im letzten und höchsten Sinn
2941 2336 4374 2442 auf eine Entfesselung der Jdeenassociationen hinaus-
2939 2428 4431 2555 läuft. Von jeder der fünf weiblichen Figuren soll wenn
2952 2523 4340 2661 irgend möglich eine neue Kette (der Associationen)
2965 2623 4399 2756 auslaufen, dagegen soll möglichst vermieden sein, dass
