7956 3577
1468 320 1722 440 V. F. 1.1.11.
1954 304 2202 444 14/1
2628 276 3130 452 G.C.H.F.Ce.R.S.V.
2664 726 3382 824 III Tutzing, 5.8.1912.
318 798 1738 904 Ihnen zu bedenken, ob Sie nicht auch für einige
2174 790 3554 918 Lieber Freund, ich lasse Ihnen aus der Kanzlei des
318 894 1668 998 Tage das Lessingtheater in wien samt seinen
2186 896 3644 1010 Dr.Geiringer in Wien die Correkturfahnen des Bernhar-
324 972 1732 1076 Haupt-und Zwischenspielen allein laufen lassen
2174 1012 3644 1134 di schicken und mache gleich aufmerksam, dass einiges,
318 1062 1696 1192 könnten. (Wenn Sie mir Ihrem Vorschlag gemäss
2186 1114 3652 1240 vor allem die zweite Hälfte der Pfarrerszene im 4.Akt
330 1180 1728 1276 einen Vertrag über „Zwischenspiel“ senden wol-
2174 1214 3622 1324 seither erheblich geändert wurde; diese Aenderungen,
324 1264 1732 1366 len, habe ich natürlich nichts dagegen. Der Ord¬
312 1346 1710 1454 nung halber werde ich auch das Burgtheater um
2186 1314 3650 1434 die auch schon gedruckt sind, lasse ich Ihnen baldigst
330 1430 1762 1528 Freigabe ersuchen; sie wird gewiss ohne weiteres
2174 1420 3586 1538 nachsenden, resp. sende sie selbst und werde bitten
312 1512 1656 1636 erfolgen, umso mehr als das Burgtheater kaum
2180 1548 3644 1628 die Blätter an richtigen Orte in das Mscript, einzule-
322 1608 1726 1700 an eine Wiederaufnahme denken dürfte. Im vori¬
2174 1618 3542 1748 gen, sowie die ungiltig gewordenen zu eliminieren.
318 1704 1668 1798 gen Jahr war flüchtig davon die Rede die Ko¬
2180 1718 3688 1848 Ich habe mit dem Stück noch nichts unternommen, sondern
312 1792 1726 1902 mödie mit Waldau und der Marberg neu aufzuneh-
2174 1830 3632 1934 werde es erst nach meiner Heimkehr (8.September) dem
316 1852 478 1992 men.)
574 1966 1722 2074 Sehr tief hat mich der Tod Burckhards
2174 1932 3668 2054 Volkstheater einreichen. Sollte es Weisse akzeptieren,
300 2054 1780 2158 berührt; er ist im Lauf des verflossenen Winters,
2186 2066 3596 2156 so wollen wir abwarten, wie sich die Zensur verhält.
316 2144 1726 2242 zuletzt vor wenig Wochen meist auf dem Heinweg
2180 2156 3590 2266 Ist eine Aufführung in Wien ausgeschlossen, so will
312 2230 1702 2326 vom Türkenschanzpark öfters auf ein Stündchen
2180 2252 3614 2364 Ich das Stück drucken lassen. Ueber eine eventuelle
324 2324 1714 2432 bei mir eingekehrt und nach einer Viertelstun-
2174 2360 3644 2472 Aufführung in Berlin können wir natürlich erst reden,
300 2404 1662 2512 de der Klagen und Aengstlichkeiten schien er
2192 2498 3120 2570 wenn Sie das Stück gelesen haben.
318 2498 1696 2596 für eine Weile ganz der Alte zu werden, so wie
2190 2548 3620 2700 Das Gerücht, dass Sie Burgtheaterdirektor werden und
312 2572 1656 2696 wir ihn in seiner besten Zeit gekannt haben.
6014 324 6696 454 1. ̃ 1 „ 9 „ „ 4 „ —: —
7238 720 7418 816 5.8.12
6104 764 7460 890 katholisch geworden sind, erhält sich. Der erstere
6098 888 7562 1006 Gedanke wäre mir so sympathisch, dass mich, trotz aller
6110 996 7490 1110 eucharistischer Congresse, der zweite kaum genieren
6110 1084 7558 1198 würde - aber wenn ich mich Ihrer letzten Aeusserungen
6104 1182 7502 1296 zu diesem Thema erinnere, so fürchte ich, dass sowohl
6102 1290 7538 1410 Wien als Rom für die Dauer auf Sie werden verzichten
6098 1406 7570 1490 müssen. Lassen Sie mich aber doch bald näheres wissen!
6116 1512 7538 1622 - Seit wir die Adria verlassen haben, ist es auch mit
6104 1610 7592 1722 unserem Wetterglück vorbei und so freuen wir uns, trotz
6092 1714 7498 1818 aller angenehmer Gesellschaft hier, recht sehr nach
6098 1820 7442 1916 Hause. In dieser selben Stunde, im gleichen Hotel,
6104 1914 7602 2024 schreibt Heinrich Mann an Sie. Ich hoffe, ja rechne fast
6098 2004 7578 2092 darauf, dass die grosse Liebe bei Ihnen ein grosser Er-
6104 2104 6534 2236 folg sein wird.
6306 2200 7078 2334 Wir grüssen Sie herzlichst.
