5135 3635
1165 790 1737 901 Wien, 28. April 1906.
592 852 998 1000 Lieber Freund,
509 971 2013 1093 nachdem ich Ihren Brief erhalten, telegraphierte ich an
503 1087 759 1211 Rittner:
532 1169 2015 1308 „Wären Sie bereit Indian in Wien zu spielen? Wäre mir
509 1299 1904 1400 sehr werthvoll. Ich gehe in dieser Sache vorläufig
509 1452 1953 1520 ohne Brahm vor und bitte Sie herzlichst um mir even¬
520 1503 2019 1615 tuelle schwere Unannehmlichkeiten zu ersparen um ehren¬
509 1611 2025 1728 wörtlich strenge Discretion nach allen Seiten. Verbind-
501 1708 1058 1844 lichen Gruss. A.S.
1033 1869 1244 1937 c.s.as
514 1900 1999 2038 Darauf kam eben folgendes Antworttelegramm: Habe über-
526 2019 1982 2151 legt, geht leider doch nicht, jetzt wo Abreise vor der
503 2118 1988 2258 Thür, xxx Rolle nicht mehr intus,Garderobe nicht in
520 2219 1996 2343 Ordnung für Wiener Ansprüche, müsste neu lernen, Proben
514 2322 1930 2458 haben, käme überdies Reicher gegenüber collegial in
514 2438 2013 2547 schiefste Situation, glaube auch nicht, dass Brahm noch
514 2535 2065 2663 Aenderung trifft, Discretion natürlich gewahrt. Herzlichen
509 2654 808 2784 Gruss. R.
4048 761 4372 887 (28.4.06.)
2997 831 4432 982 Das „geht leider doch nicht" bedarf der Aufklärung.
3015 969 4403 1074 (Hier muss ich natürlich Sie um Discretion bitten.)
3007 1056 4473 1171 Vor ein paar Tagen traf Rittner Salten auf der Stras-
3009 1165 4477 1264 se und äusserte sich gesprächsweise zu ihm „er sei im
3003 1268 4502 1400 Prinzip nicht dagegen den Julian in Wien zu spielen.“
3015 1382 4480 1495 So sehr ich vermuthetete, dass im Ernstfall mit diesem
3009 1470 4482 1580 Prinzip für mich verdammt wenig anzufangen sein würde,
3007 1586 4543 1677 glaubt ich es, nach den wahrhaft allarmierenden Nachrich-
3021 1710 4447 1803 ten über Reicher von den verschiedensten Seiten,mir
3009 1796 4461 1899 selbst schuldig zu sein, nichts unversucht zu lassen,
3009 1891 4477 2019 um diese Gefahr von meinem Haupt abzuwenden. Man will
3009 1994 4570 2131 sich doch seine Durchfälle möglichst allein verdanken...
3003 2112 4477 2217 und gerade diesmal, bei dem ausserordentlichen Erfolg
3007 2219 4502 2330 der gesammten übrigen Besetzung, wäre die gesamte Ver-
3015 2316 4459 2442 antwortung auf mich gefallen - wenn der Oelfleck zu
3015 2415 4436 2553 eliminieren gewesen wäre. Sie nehmen mir also nicht
3009 2510 4525 2632 übel lieber Freund, wenn ich trotz Ihres Abrathens (des-
3021 2607 4525 2753 sen Motive keiner besser zu würdigen versteht als ich)
