7980 3578
3132 690 3406 762 30.12.11.
2070 732 3498 848 den Sie wohl nicht benötigen, da meiner Ansicht nach
2094 840 3562 960 Walter sich bewähren dürfte; ich weiss übrigens nicht,
2082 946 2590 1064 wer der Mann ist.-
2076 1026 3544 1158 Dass Ihr schöner Kleist so glänzend auch in der neuen
2064 1138 3568 1262 Form reussirt, war zu erwarten; wie sehr sich meine Frau
2064 1258 3526 1328 an Ihrem ergreifenden Stauffer Bern Buch erfreut hat,
2070 1354 3490 1426 wird sie Ihnen wohl auf dem Semmering persönlich sa-
2070 1464 3558 1538 gen. Wann wollen Sie kommen? Gleich nach dem Tänzchen?
2070 1534 3472 1634 Ich hoffe wir werden ein paar helle Wintertage mög-
2076 1660 3514 1746 lichst wohlgelaunt oben mit einander verbringen. Las-
2076 1770 3490 1870 sen Sie mich bald wissen, für welchen Termin Sie die
2068 1858 3508 1950 Reise projektieren und ob Sie sich für eine Mahlzeit
2070 1954 3544 2080 zwisch N.W. u.Südbahn in der Sternwartestrasse aufhal-
2076 2078 3526 2184 ten werden. Die Volksbühne hat sich nachträglich wegen
2064 2154 3552 2274 Tantiemennachlass (Anatol) an mich gewandt, was ich na¬
2070 2262 3484 2396 türlich im Sinne der Petentin erledigte. Jene andre
2070 2368 3492 2462 Volksbühne hat durch Adolph Paul sehr unverbindlich
2094 2462 3614 2590 betreffs des Medardus angefragt; Teweles hat sich nicht
2050 2564 3502 2680 mehr gemeldet, und ich lasse die Dinge an mich heran-
7098 680 7390 766 30.12.11.
6010 696 6688 854 kommen oder auch nicht.
6202 820 7452 954 Seien Sie von uns Allen herzlichst gegrüsst,
6012 940 6754 1074 auf baldiges Wiedersehen.
6806 1152 6972 1268 A.S.
