5125 3825
1232 713 1760 815 Edlach, 4. Aug. 1909.
778 713 1180 813 81 803
384 853 807 961 Lieber Freund,
396 918 1904 1066 den Mizzi-Vertrag hab ich ans lessingtheater geschickt
413 1055 1915 1174 und erwarte nun gelegentlich Ihre Gedanken über die Be-
413 1122 1800 1276 setzung zu hören. In Ihrem letzten Brief ist Ihnen
405 1226 1856 1345 neulich nach dem unbesetzbaren Philipp jedesweitere
413 1331 1825 1437 Werkt Besetzungswort in der Kehle stecken geblieben.
407 1454 1921 1556 Die Lolo Wüst?- Graf Reicher?- Fürst Monnard? - Fiaker?-
419 1564 1819 1650 (Sie enden natürlich den Abend mit der Comtesse?) -
425 1648 1856 1754 Ich danke Ihnen für die geschwinde Erledigung meiner
417 1769 1789 1875 anatolischen Frage. Mit den ausgelassenen Stücken
438 1867 1867 1962 (Denksteine, Agonie) bin ich wohl einverstanden; aber
430 1979 1931 2094 dass Sie gerade das ausgelassenste Stück, den Hochzeits-
425 2075 1871 2177 morgen, nicht auslassen wollen, freut mich weniger. Mir
419 2161 1964 2277 ist dieses Stück sehr zuwider; es sollte schon manchmal
432 2271 1939 2369 in Berlin aufgeführt werden, ich habe nie meine Einwil¬
432 2361 1827 2471 ligung gegeben; das erste Mal sah ich es heuer in
438 2482 1883 2580 Wien (Concordia-Vorstellung) - meine Sympathie stei-
430 2586 1915 2696 gerte sich nicht. Dem Publikum und der Kritik gefällt
4065 770 4300 888 4.8.09.
2924 874 4309 976 es übrigens - so mag es denn den Abschluss bilden.
2941 970 4442 1086 (Mir persönlich wäre Abschiedssouper als Abschluss lie-
2924 1059 4369 1193 ber, und die Denksteine (die ich natürlich auch nicht
2930 1180 4311 1293 mag) haben schon auf kleinen Bühnen sich bewährt).
2918 1283 4369 1383 Anatol Monnard; gut. Aber Max?- Halten Sie hier einen
2924 1393 4363 1497 Versuch mit Paul Marx aussichtsvoll? Wer sonst? Paul
2918 1468 4319 1568 hätte Schärfe, auch ausreichend Humor, ob auch genug
2930 1597 4388 1696 Liebens würdigkeit? - Für wichtig, erfolgfördernd, ja ge¬
2918 1698 4319 1773 wissermassen unerlässlich hielte ich, dass die fünf
2924 1777 4357 1891 Weiber von fünf verschiedenen Damen gespielt würden.
2924 1877 4375 2015 Triesch, Wüst, Orloff, Herterich - aber wo ist die fünf-
2918 1988 4369 2100 te? Kriegen Sie nicht eine neue? Triesch und Wüst ab-
2918 2096 4419 2177 wechselnd schiene mir schlecht. Mit fünf verschiedenen
2918 2213 4286 2296 Frauen, elegant insceniert, in hübscher Ausstattung
2905 2304 4382 2382 könnten die Kleinigkeiten sogar ein paar volle Häuser
2909 2402 4359 2492 machen. (Prag 7 - das hiesse Berlin 30-40). An Ihrer
2905 2500 4388 2599 Stelle würd ich den Abend in der Nähe von Weihnachten
2905 2601 4334 2734 geben. Nun wir schreiben, oder reden vielleicht noch
