5073 3749
2739 0 3029 93 Wm.
3953 503 4856 646 1' 1' 9' 9l 1" 1" 9' 4' 4" 1' 1" 4'
1316 531 1474 640 2/4
4549 644 4753 756 FJ
2010 627 2183 806 fait une
1385 794 1692 909 3.11.1907.
3869 831 4311 947 Wien, 20.1.1908.
442 947 880 1053 Lieber Freund,
3158 964 4610 1046 Lieber Freund, alles, was von Ihnen kommt, in schlimmen
459 1021 1876 1141 unsere letzten Briefe haben sich gekreuzt; trotzdem
3158 1061 4610 1153 und in bessern Tagen, lehrt mich aufs neue fühlen, wie
455 1124 1945 1242 kann ich meinen Bemerkungen die Närrische Welt betref-
3147 1153 4675 1273 menschlich nahe wir einander sind! Seien Sie herzlichst
459 1244 1857 1364 fend nichts hinzufügen, das die Constellation zu än-
3158 1265 4140 1364 bedankt und gegrüsst, auch von Olga.
471 1356 1006 1457 dern geeignet wäre.
3642 1381 3900 1465 Treu Ihr
472 1440 1945 1553 Heute nur eine Frage, die ich Sie bitte recht bald (so
3858 1474 4008 1560 A.S.
467 1535 1926 1663 kurz Sie nur wollen) zu beantworten: Möchten Sie die
472 1648 1886 1749 Leb. Stunden im Laufe dieses Winters ins Repertoire
472 1730 1977 1859 des Les.Th. aufnehmen? Ich frage Sie deshalb, weil sich
488 1840 1855 1981 mir, speziell hinsichtlich der Literatur eine gute
497 1945 1903 2069 Chance zu bieten scheint, die ich gleich aus¬
497 2025 1968 2176 nützen möchte, wenn ich auf ein Wiedersehen des Cyclus
488 2156 1566 2297 bei Ihnen endgiltig verzichten müsste.
615 2265 1724 2391 Herzlich grüssend, auch von meiner Frau
1088 2385 1368 2473 Ihr A.S.
