5137 3624
1142 647 1886 807 86 [2 copii] Wien, 27.12.1909.?
544 789 970 861 Lieber Freund!
550 883 2031 969 Der Ernstfall, dessen Erscheinen ich in meinem letzten
550 1006 2079 1070 Brief an Sie für möglich hielt, hat nicht lange auf sich
569 1097 2054 1167 warten lassen. Vorgestern bekam ich von Schlenther den
555 1195 1017 1282 folgenden Brief:
563 1306 2054 1368 Sehr gehrter Herr Doktor. Wenn Sie die heutigen Mor¬
555 1409 2046 1479 genblätter gelesen haben, so wird Ihnen der eigentliche
563 1499 1925 1573 Grund klar werden, weshalb ich mit der Annahme des
569 1608 1970 1682 „Jungen Medardus" so lange gezögert habe. Auch wenn
563 1690 2025 1785 die technischen und Zensurschwierigkeiten überwunden
563 1805 2013 1884 sind, so enthält das Stück doch eine so enorme Arbeit,
569 1920 2042 2036 dass ich es nicht verantworten kann sie meinem präsum-
555 2015 2007 2089 tiven Nachfolger aufzubürden, ohne dass er vorher hat
563 2128 2003 2237 Stellung dazu nehmen können. Mir selbst wäre es sehr
563 2227 2001 2294 erfreulich und wünschenswert gerade mit diesem Stück
563 2325 2033 2448 Abschied zu nehmen. Das würde aber einen Termin bedeu-
550 2428 2001 2498 ten, auf den Sie wohl nicht eingehen möchten. Denn da
555 2539 2038 2670 die neusintretenden Schauspielerinnen, die für die bei-
4525 386 4790 487 V. 11/1.
4198 635 4484 758 27.12.09.
3130 723 4562 844 den Hauptrollen in Betracht kommen, erst im Frühjahr
3145 826 4587 953 disponibel sind, so könnte die Aüfführung keinesfalls
3136 937 4617 1035 vor Ende April sein, möglicherweise sich aber auch bis
3147 1043 4591 1161 in den Mai hinausschieben. Wie Sie mir schon andeute-
3147 1138 4550 1269 ten, würden Sie den Herbsttermin bevorzugen, der aber
3130 1243 4585 1368 fiele keinesfalls mehr in meine Zeit. Vielleicht löst
3141 1333 4622 1456 sich die Schwierigkeit durch eine persönliche Unterre-
3141 1446 4605 1561 dung, zu der ich Sie bitten werde, sobald ich von einer
3147 1541 4626 1676 kurzen Reise nach Berlin, die ich heute antrete, zurück-
3136 1645 3699 1777 gekehrt sein werde."
3124 1740 4617 1882 Aus diesem Brief geht also hervor, dass Sch. eine offi-
3124 1845 4626 1964 zielle Annahme des Medardus zu vermeiden wünscht und es
3130 1966 4599 2054 wäre mir natürlich von grossem Wert, wenn ich ihn dem
3124 2073 4626 2177 gegenüber erinnern könnte, dass er sich zu Ihnen geäus¬
3130 2155 4681 2290 sert, er würde mir, wenn Zensur und Drehbühne stimmen, (was
3118 2272 4681 2383 nun der Fall ist) einen Brief mit Termin schreiben, durch
3130 2370 4599 2500 den sich auch sein Nachfolger gebunden fühlen müsste.
3118 2481 4568 2588 Obwohl ja bei den Vertrags- resp. bei der Tantièmen-
3136 2553 4658 2676 revers-Verhältnissen des Burgtheaters von einer solchen
