<?xml version="1.0" encoding="UTF-8" standalone="yes"?>
<PcGts xmlns="http://schema.primaresearch.org/PAGE/gts/pagecontent/2013-07-15" xmlns:xsi="http://www.w3.org/2001/XMLSchema-instance" xsi:schemaLocation="http://schema.primaresearch.org/PAGE/gts/pagecontent/2013-07-15 http://schema.primaresearch.org/PAGE/gts/pagecontent/2013-07-15/pagecontent.xsd">
    <Metadata>
        <Creator>prov=READ-COOP:name=TrHtr:version=2.1.0:model_id=51170:date=25_07_2023_18:01</Creator>
        <Created>2023-05-02T07:44:24.267+02:00</Created>
        <LastChange>2023-07-25T18:01:00.350+02:00</LastChange>
        <TranskribusMetadata docId="1416707" pageId="54950167" pageNr="6" tsid="130768635" status="IN_PROGRESS" userId="64420" imgUrl="https://files.transkribus.eu/Get?id=LFZPPONSXPUJVARXGOVGNKJA&amp;fileType=view" xmlUrl="https://files.transkribus.eu/Get?id=TZCLNZGKDAKDMWQRRLNFNRYB" imageId="44453893"/>
    </Metadata>
    <Page imageFilename="1416707_0006.jpg" imageWidth="5135" imageHeight="3635">
        <ReadingOrder>
            <OrderedGroup id="ro_1711829135771" caption="Regions reading order">
                <RegionRefIndexed index="0" regionRef="tr_1"/>
                <RegionRefIndexed index="1" regionRef="tr_2"/>
            </OrderedGroup>
        </ReadingOrder>
        <TextRegion id="tr_1" custom="readingOrder {index:0;}">
            <Coords points="465,803 1969,803 1969,2767 465,2767"/>
            <TextLine id="tr_1_tl_1" custom="readingOrder {index:0;}">
                <Coords points="1105,880 1175,880 1213,903 1252,878 1264,890 1366,873 1515,886 1553,876 1554,782 1536,778 1473,820 1447,805 1358,801 1333,782 1218,805 1139,793 1105,812"/>
                <Baseline points="1116,859 1199,865 1289,865 1378,859 1468,859 1557,853"/>
                <TextEquiv>
                    <Unicode>Wien, 12.4.1906.</Unicode>
                </TextEquiv>
            </TextLine>
            <TextLine id="tr_1_tl_2" custom="readingOrder {index:1;}">
                <Coords points="455,1003 506,1035 650,984 1088,1016 1707,965 1889,997 1891,908 1649,876 1078,925 1027,890 850,939 727,908 455,946"/>
                <Baseline points="465,984 549,984 638,978 728,978 817,978 907,972 996,972 1086,972 1175,972 1265,966 1354,966 1444,960 1533,960 1623,960 1713,960 1802,955 1892,949"/>
                <TextEquiv>
                    <Unicode>Lieber Freund, ich kann Ihnen den Ruppenspieler gern</Unicode>
                </TextEquiv>
            </TextLine>
            <TextLine id="tr_1_tl_3" custom="readingOrder {index:2;}">
                <Coords points="455,1095 1842,1090 1955,1071 1957,1001 893,1035 586,1003 455,1044"/>
                <Baseline points="465,1086 525,1092 614,1086 704,1080 793,1080 883,1074 972,1080 1062,1074 1151,1074 1241,1068 1331,1068 1420,1068 1510,1068 1599,1062 1689,1062 1778,1062 1868,1056 1957,1056"/>
                <TextEquiv>
                    <Unicode>zur Aufführung überlassen; mit Bassermann, auch Stieler</Unicode>
                </TextEquiv>
            </TextLine>
            <TextLine id="tr_1_tl_4" custom="readingOrder {index:3;}">
                <Coords points="467,1203 1313,1179 1609,1213 1723,1175 1843,1211 1847,1114 468,1124"/>
                <Baseline points="477,1193 507,1193 596,1193 686,1187 775,1187 865,1181 955,1181 1044,1181 1134,1181 1223,1175 1313,1169 1402,1169 1492,1169 1581,1169 1671,1163 1760,1163 1850,1157"/>
                <TextEquiv>
                    <Unicode>natürlich einverstanden; in der Damenwahl mehr der</Unicode>
                </TextEquiv>
            </TextLine>
            <TextLine id="tr_1_tl_5" custom="readingOrder {index:4;}">
                <Coords points="472,1332 552,1366 654,1305 805,1296 1243,1328 1775,1296 1857,1277 1859,1214 474,1258"/>
                <Baseline points="483,1313 519,1319 608,1313 698,1295 787,1289 877,1289 966,1283 1056,1283 1146,1283 1235,1277 1325,1277 1414,1277 1504,1271 1593,1271 1683,1271 1772,1271 1862,1265"/>
                <TextEquiv>
                    <Unicode>Ursus Seite zugeneigt,wenn es der jungen Dame ge-</Unicode>
                </TextEquiv>
            </TextLine>
            <TextLine id="tr_1_tl_6" custom="readingOrder {index:5;}">
                <Coords points="467,1430 1573,1381 1957,1420 1961,1324 1811,1294 1653,1339 1360,1311 948,1352 720,1316 468,1360"/>
                <Baseline points="477,1402 531,1402 620,1402 710,1396 799,1390 889,1390 978,1390 1068,1390 1157,1384 1247,1384 1337,1378 1426,1378 1516,1378 1605,1378 1695,1372 1784,1372 1874,1366 1963,1360"/>
                <TextEquiv>
                    <Unicode>lingt, sich mit einiger Anmut zu umgeben. Den sogenann¬</Unicode>
                </TextEquiv>
            </TextLine>
            <TextLine id="tr_1_tl_7" custom="readingOrder {index:6;}">
                <Coords points="478,1503 1942,1511 1966,1435 1366,1413 1069,1451 1007,1415 725,1460 659,1422 478,1468"/>
                <Baseline points="489,1498 537,1504 626,1504 716,1498 805,1498 895,1492 984,1492 1074,1492 1163,1492 1253,1486 1342,1486 1432,1486 1522,1486 1611,1480 1701,1480 1790,1480 1880,1474 1969,1468"/>
                <TextEquiv>
                    <Unicode>ten „Herzenston" hat sie ja wohl besser als jene ande¬</Unicode>
                </TextEquiv>
            </TextLine>
            <TextLine id="tr_1_tl_8" custom="readingOrder {index:7;}">
                <Coords points="465,1628 1845,1621 1906,1609 1908,1539 846,1560 720,1522 467,1588"/>
                <Baseline points="477,1605 567,1605 656,1605 746,1605 835,1605 925,1599 1014,1599 1104,1593 1193,1593 1283,1593 1372,1587 1462,1587 1551,1581 1641,1581 1730,1581 1820,1581 1910,1587"/>
                <TextEquiv>
                    <Unicode>re, deren Ton aus, sagen wir tieferen Religionen stammt.</Unicode>
                </TextEquiv>
            </TextLine>
            <TextLine id="tr_1_tl_9" custom="readingOrder {index:8;}">
                <Coords points="484,1764 1024,1707 1294,1751 1792,1698 1919,1743 1940,1647 1426,1621 1313,1655 1177,1617 485,1670"/>
                <Baseline points="495,1713 513,1707 602,1713 692,1707 781,1707 871,1707 960,1701 1050,1701 1140,1701 1229,1701 1319,1695 1408,1689 1498,1689 1587,1689 1677,1689 1766,1689 1856,1689 1945,1683"/>
                <TextEquiv>
                    <Unicode>Die Perzentualfrage ist in diesem Falle wohl mehr von</Unicode>
                </TextEquiv>
            </TextLine>
            <TextLine id="tr_1_tl_10" custom="readingOrder {index:9;}">
                <Coords points="476,1843 1791,1821 1883,1808 1885,1741 684,1747 478,1789"/>
                <Baseline points="489,1814 543,1820 632,1814 722,1814 811,1808 901,1808 990,1808 1080,1808 1169,1802 1259,1802 1348,1796 1438,1796 1528,1796 1617,1796 1707,1790 1796,1790 1886,1784"/>
                <TextEquiv>
                    <Unicode>prinzipieller als praktischer Bedeutung; denn weder</Unicode>
                </TextEquiv>
            </TextLine>
            <TextLine id="tr_1_tl_11" custom="readingOrder {index:10;}">
                <Coords points="485,1938 1315,1913 1496,1955 1558,1911 1917,1930 1955,1866 1449,1870 1271,1825 740,1874 616,1838 485,1879"/>
                <Baseline points="495,1921 525,1915 614,1915 704,1915 793,1915 883,1915 972,1915 1062,1910 1151,1910 1241,1904 1331,1904 1420,1904 1510,1904 1599,1898 1689,1898 1778,1898 1868,1898 1957,1892"/>
                <TextEquiv>
                    <Unicode>für das Budget des lessingtheaters, ja kaum für dar ei-</Unicode>
                </TextEquiv>
            </TextLine>
            <TextLine id="tr_1_tl_12" custom="readingOrder {index:11;}">
                <Coords points="472,2049 1698,2008 1923,2042 1942,1944 1264,1934 1173,1976 593,1945 472,2002"/>
                <Baseline points="483,2029 513,2029 602,2023 692,2023 781,2017 871,2017 960,2017 1050,2017 1140,2011 1229,2011 1319,2011 1408,2011 1498,2011 1587,2005 1677,2005 1766,1999 1856,1999 1945,1999"/>
                <TextEquiv>
                    <Unicode>nes Schriftstellers dürfte die Differenz, wie die hier</Unicode>
                </TextEquiv>
            </TextLine>
            <TextLine id="tr_1_tl_13" custom="readingOrder {index:12;}">
                <Coords points="478,2138 1245,2170 1477,2121 1891,2127 1934,2072 1343,2049 1273,2087 1152,2049 931,2098 640,2059 478,2104"/>
                <Baseline points="489,2130 507,2130 596,2130 686,2124 775,2124 865,2124 955,2118 1044,2118 1134,2118 1223,2118 1313,2118 1402,2112 1492,2112 1581,2106 1671,2106 1760,2106 1850,2106 1939,2101"/>
                <TextEquiv>
                    <Unicode>in Betracht kommende zwischen 2½ und 3f der Abendein-</Unicode>
                </TextEquiv>
            </TextLine>
            <TextLine id="tr_1_tl_14" custom="readingOrder {index:13;}">
                <Coords points="472,2244 1849,2268 1851,2172 654,2202 570,2163 472,2204"/>
                <Baseline points="483,2232 513,2232 602,2232 692,2238 781,2232 871,2232 960,2232 1050,2232 1140,2226 1229,2226 1319,2226 1408,2226 1498,2220 1587,2214 1677,2214 1766,2214 1856,2214"/>
                <TextEquiv>
                    <Unicode>nahme eine Rolle spielen. Aber ich glaube, Gerhard</Unicode>
                </TextEquiv>
            </TextLine>
            <TextLine id="tr_1_tl_15" custom="readingOrder {index:14;}">
                <Coords points="478,2387 852,2342 1896,2353 1945,2340 1947,2253 1564,2263 1464,2308 478,2280"/>
                <Baseline points="489,2339 519,2333 608,2339 698,2339 787,2333 877,2333 966,2333 1056,2333 1146,2327 1235,2327 1325,2327 1414,2327 1504,2321 1593,2321 1683,2327 1772,2321 1862,2321 1951,2321"/>
                <TextEquiv>
                    <Unicode>Hauptmann wäre es nicht angenehm zu erfahren, dass die</Unicode>
                </TextEquiv>
            </TextLine>
            <TextLine id="tr_1_tl_16" custom="readingOrder {index:15;}">
                <Coords points="485,2459 1923,2452 1923,2404 1862,2382 1275,2397 1150,2348 1010,2412 485,2402"/>
                <Baseline points="495,2441 584,2441 674,2441 764,2441 853,2441 943,2441 1032,2441 1122,2435 1211,2435 1301,2429 1390,2429 1480,2429 1569,2429 1659,2429 1748,2429 1838,2429 1927,2429"/>
                <TextEquiv>
                    <Unicode>Belastung Ihres Etat durch Elga Sie zwingt einem an¬</Unicode>
                </TextEquiv>
            </TextLine>
            <TextLine id="tr_1_tl_17" custom="readingOrder {index:16;}">
                <Coords points="485,2550 1826,2561 1953,2546 1953,2472 1394,2506 1207,2455 1148,2493 973,2465 897,2514 812,2484 485,2520"/>
                <Baseline points="495,2548 525,2548 614,2548 704,2548 793,2542 883,2542 972,2542 1062,2542 1151,2536 1241,2536 1331,2536 1420,2536 1510,2536 1599,2530 1689,2530 1778,2530 1868,2530 1957,2530"/>
                <TextEquiv>
                    <Unicode>dern geachtete Autor gegenüber von den üblichen,- ja</Unicode>
                </TextEquiv>
            </TextLine>
            <TextLine id="tr_1_tl_18" custom="readingOrder {index:17;}">
                <Coords points="478,2661 833,2693 984,2654 1836,2671 1836,2605 1600,2572 1451,2616 1063,2557 901,2610 478,2606"/>
                <Baseline points="489,2650 495,2650 584,2656 674,2650 764,2650 853,2650 943,2650 1032,2644 1122,2644 1211,2644 1301,2644 1390,2644 1480,2644 1569,2638 1659,2638 1748,2638 1838,2638"/>
                <TextEquiv>
                    <Unicode>sogar denselben, noch dazu mit Erfolg gespielten,</Unicode>
                </TextEquiv>
            </TextLine>
            <TextLine id="tr_1_tl_19" custom="readingOrder {index:18;}">
                <Coords points="478,2793 1443,2754 1626,2788 1726,2748 1842,2792 1906,2782 1908,2669 1173,2720 805,2680 657,2724 480,2663"/>
                <Baseline points="489,2757 567,2757 656,2757 746,2751 835,2751 925,2751 1014,2751 1104,2751 1193,2745 1283,2745 1372,2745 1462,2745 1551,2745 1641,2739 1730,2739 1820,2739 1910,2739"/>
                <TextEquiv>
                    <Unicode>wegen Durchfall des Nachbarstücks abgesetzten Stück</Unicode>
                </TextEquiv>
            </TextLine>
        </TextRegion>
        <TextRegion id="tr_2" custom="readingOrder {index:1;}">
            <Coords points="3103,791 4625,791 4625,2170 3103,2170"/>
            <TextLine id="tr_2_tl_1" custom="readingOrder {index:0;}">
                <Coords points="4076,905 4087,907 4108,888 4157,905 4202,871 4259,873 4269,884 4293,873 4320,882 4378,871 4380,806 4361,812 4348,801 4335,810 4284,791 4248,797 4221,771 4184,780 4163,799 4123,788 4110,801 4080,795"/>
                <Baseline points="4088,847 4112,853 4202,847 4291,847 4381,841"/>
                <TextEquiv>
                    <Unicode>(12.4.06.)</Unicode>
                </TextEquiv>
            </TextLine>
            <TextLine id="tr_2_tl_2" custom="readingOrder {index:1;}">
                <Coords points="3092,990 4567,963 4567,905 4444,873 3269,944 3092,899"/>
                <Baseline points="3103,960 3139,966 3229,966 3318,960 3408,960 3497,960 3587,960 3676,960 3766,960 3855,955 3945,960 4034,955 4124,955 4213,949 4303,949 4393,949 4482,949 4572,949"/>
                <TextEquiv>
                    <Unicode>schon einmal zugestandenen u. geleisteten Bedingungen</Unicode>
                </TextEquiv>
            </TextLine>
            <TextLine id="tr_2_tl_3" custom="readingOrder {index:2;}">
                <Coords points="3111,1099 4537,1114 4539,1010 3113,1026"/>
                <Baseline points="3121,1074 3199,1068 3288,1068 3378,1068 3467,1068 3557,1068 3646,1062 3736,1062 3826,1062 3915,1056 4005,1056 4094,1056 4184,1056 4273,1056 4363,1050 4452,1050 4542,1050"/>
                <TextEquiv>
                    <Unicode>bei Wiederaufnahme unter vielleicht günstigeren Ver-</Unicode>
                </TextEquiv>
            </TextLine>
            <TextLine id="tr_2_tl_4" custom="readingOrder {index:3;}">
                <Coords points="3111,1192 4452,1188 4525,1165 4527,1114 3111,1141"/>
                <Baseline points="3121,1175 3187,1175 3276,1169 3366,1169 3455,1169 3545,1163 3635,1163 3724,1163 3814,1163 3903,1163 3993,1163 4082,1163 4172,1157 4261,1157 4351,1151 4440,1151 4530,1146"/>
                <TextEquiv>
                    <Unicode>hältnissen abzugehen, und so schlag ich vor, dass wir</Unicode>
                </TextEquiv>
            </TextLine>
            <TextLine id="tr_2_tl_5" custom="readingOrder {index:4;}">
                <Coords points="3105,1315 4095,1282 4280,1316 4346,1277 4537,1320 4605,1299 4607,1197 4170,1233 3947,1192 3598,1250 3105,1201"/>
                <Baseline points="3115,1277 3175,1277 3264,1277 3354,1277 3443,1277 3533,1271 3623,1271 3712,1271 3802,1271 3891,1265 3981,1265 4070,1265 4160,1259 4249,1259 4339,1259 4428,1259 4518,1259 4607,1265"/>
                <TextEquiv>
                    <Unicode>bei den bekannten drei Perzent (die Sie übrigens schon</Unicode>
                </TextEquiv>
            </TextLine>
            <TextLine id="tr_2_tl_6" custom="readingOrder {index:5;}">
                <Coords points="3105,1405 4580,1415 4620,1322 3932,1309 3815,1345 3534,1305 3107,1350"/>
                <Baseline points="3115,1378 3193,1384 3282,1378 3372,1378 3461,1378 3551,1378 3640,1378 3730,1372 3820,1372 3909,1372 3999,1366 4088,1366 4178,1366 4267,1366 4357,1366 4446,1360 4536,1360 4625,1354"/>
                <TextEquiv>
                    <Unicode>einmal für zwei gelesen haben) verbleiben, ohne weiteren</Unicode>
                </TextEquiv>
            </TextLine>
            <TextLine id="tr_2_tl_7" custom="readingOrder {index:6;}">
                <Coords points="3116,1517 4202,1498 4414,1554 4522,1522 4518,1443 4257,1420 3116,1434"/>
                <Baseline points="3127,1486 3181,1486 3270,1486 3360,1486 3449,1486 3539,1486 3629,1480 3718,1480 3808,1480 3897,1474 3987,1474 4076,1474 4166,1474 4255,1474 4345,1474 4434,1468 4524,1468"/>
                <TextEquiv>
                    <Unicode>Versuch beiderseits uns gegenseitig durch Nachlass</Unicode>
                </TextEquiv>
            </TextLine>
            <TextLine id="tr_2_tl_8" custom="readingOrder {index:7;}">
                <Coords points="3105,1607 4068,1602 4185,1636 4316,1604 4318,1556 4053,1503 3105,1575"/>
                <Baseline points="3115,1587 3157,1587 3247,1593 3336,1593 3426,1587 3515,1587 3605,1587 3694,1587 3784,1581 3873,1581 3963,1581 4052,1575 4142,1581 4231,1581 4321,1575"/>
                <TextEquiv>
                    <Unicode>oder Steigerung glücklich machen zu wollen.-</Unicode>
                </TextEquiv>
            </TextLine>
            <TextLine id="tr_2_tl_9" custom="readingOrder {index:8;}">
                <Coords points="3111,1728 4537,1724 4539,1622 4085,1645 3842,1605 3411,1666 3113,1624"/>
                <Baseline points="3121,1689 3199,1695 3288,1695 3378,1689 3467,1689 3557,1689 3646,1689 3736,1689 3826,1689 3915,1683 4005,1683 4094,1683 4184,1683 4273,1677 4363,1683 4452,1677 4542,1677"/>
                <TextEquiv>
                    <Unicode>Sagen Sie mir bitte auch gelegentlich ein Wort, wann</Unicode>
                </TextEquiv>
            </TextLine>
            <TextLine id="tr_2_tl_10" custom="readingOrder {index:9;}">
                <Coords points="3111,1828 4253,1830 4563,1800 4565,1724 3111,1774"/>
                <Baseline points="3121,1802 3133,1796 3223,1796 3312,1796 3402,1796 3491,1796 3581,1790 3670,1790 3760,1790 3849,1790 3939,1790 4028,1784 4118,1784 4208,1790 4297,1790 4387,1784 4476,1784 4566,1778"/>
                <TextEquiv>
                    <Unicode>Sie den "Einsamen Weg" wieder aufnehmen, und wie sich</Unicode>
                </TextEquiv>
            </TextLine>
            <TextLine id="tr_2_tl_11" custom="readingOrder {index:10;}">
                <Coords points="3105,1949 3188,1942 3218,1911 3358,1936 3424,1911 3613,1930 3736,1910 3823,1938 3981,1910 3981,1853 3904,1825 3781,1866 3647,1836 3417,1879 3105,1860"/>
                <Baseline points="3115,1898 3181,1898 3270,1898 3360,1898 3449,1898 3539,1892 3629,1892 3718,1892 3808,1892 3897,1892 3987,1892"/>
                <TextEquiv>
                    <Unicode>Reicher zu seiner Rolle stellt.</Unicode>
                </TextEquiv>
            </TextLine>
            <TextLine id="tr_2_tl_12" custom="readingOrder {index:11;}">
                <Coords points="3105,2021 4558,2061 4559,1925 4452,1955 3893,1910 3107,1970"/>
                <Baseline points="3115,2005 3127,2005 3217,2005 3306,2005 3396,2005 3485,2005 3575,1999 3664,1999 3754,1999 3843,1999 3933,1999 4022,1999 4112,1999 4202,1993 4291,1993 4381,1993 4470,1993 4560,1993"/>
                <TextEquiv>
                    <Unicode>Im übrigen, mit viel und wenig Schnittlauch stets der</Unicode>
                </TextEquiv>
            </TextLine>
            <TextLine id="tr_2_tl_13" custom="readingOrder {index:12;}">
                <Coords points="3105,2134 3133,2127 3196,2153 3285,2146 3326,2168 3370,2140 3443,2127 3553,2155 3553,2059 3502,2072 3443,2059 3404,2081 3269,2072 3245,2085 3105,2038"/>
                <Baseline points="3115,2112 3205,2112 3294,2112 3384,2112 3473,2112 3557,2112"/>
                <TextEquiv>
                    <Unicode>Ihre, Herzliche</Unicode>
                </TextEquiv>
            </TextLine>
            <TextLine id="tr_2_tl_14" custom="readingOrder {index:13;}">
                <Coords points="3728,2170 3757,2178 3776,2170 3783,2176 3800,2176 3827,2168 3844,2178 3851,2170 3879,2168 3874,2070 3857,2070 3845,2081 3834,2078 3827,2083 3725,2081"/>
                <Baseline points="3736,2154 3826,2160 3885,2160"/>
                <TextEquiv>
                    <Unicode>A.S.</Unicode>
                </TextEquiv>
            </TextLine>
        </TextRegion>
    </Page>
</PcGts>
