5125 3825
978 717 1161 835 80 a
241 772 700 976 Bruder
1200 999 1580 1132 15. Juli '09.
538 1117 1256 1263 Lieber Brohm, Freund
1011 1188 1719 1298 Mit angenehm befriedigter
382 1283 1803 1404 Habgier nehme ich Ihre Bereitwilligkeit zur Zahlung
430 1358 1892 1502 einer T. G. von tausend Mark für die C. M. zur Kennt¬
424 1443 1850 1597 nis. Ich erwarte nun gern die Einsendung des Bahr -
430 1560 1782 1686 schen Stüches zu entgiltiger Entscheidung. Wollen
430 1634 1746 1778 Sie vielleicht so freundlich sein mir Ihren Be-
442 1736 1815 1865 setzungsentwurf für das kleine KomädsIchen mitzu -
447 1817 1792 1931 teilen. Ich hoffe sehr Sie denken für den Philipp
432 1911 1713 2012 nicht an Herrn Achterberg. Vielleicht wäre der
430 2000 1800 2102 hübsche Junge Bursch in Betracht zu ziehn, der im
447 2073 1813 2199 ersten Akt des Königs mit der Triech hereinkommt.
444 2164 1719 2280 Doch über all dies und näheres zu seiner Zeit.
444 2249 1958 2369 Eine fernere Bitte: Ich brauche jetzt die paar Exempla
455 2355 1848 2461 re des Medardus wie ebensoviele Bissen Torte. Ins -
465 2423 1848 2567 besondre, da ich einige nicht unerhebliche Verän -
455 2513 1921 2625 derungen vornehmen möchte, hauptsächlich dialectischer
455 2592 1940 2735 Natur (der Dialog ist an einzelnen Stellen wie
461 2693 2012 2816 Berlinger Direktoren zu sagen pflegen zu sehr Burgtheater
2909 1007 4193 1165 Das ist aber auch fürs Burgtheater nicht gut /
2903 1109 4371 1252 Auch will ich die Sache sehr bald drucken, wenn auch
2918 1207 4353 1339 nicht erscheinen lassen. Also bitte schicken Sie mir
2939 1256 4392 1448 freundlichst Ihr Exemplar nach Edlach., wo ich is heut
2916 1350 4326 1514 Nachmittag wieder hinfahre. Der Bub, dem es schon
2905 1464 4214 1589 viel besser geht kommt in wenigen Tagen nach.
2936 1533 4440 1699 Nicht bestens wie Sie mich, der eine Tantiemengarantie
2939 1653 4355 1788 zahlen muss, sondern wie einer, der eine T. G. be¬
2939 1780 3667 1909 kommt, also herzlichst Ihr
2978 2669 3850 2816 Herrn Dr. Otte Brahm, Nauheim.
