<?xml version="1.0" encoding="UTF-8" standalone="yes"?>
<PcGts xmlns="http://schema.primaresearch.org/PAGE/gts/pagecontent/2013-07-15" xmlns:xsi="http://www.w3.org/2001/XMLSchema-instance" xsi:schemaLocation="http://schema.primaresearch.org/PAGE/gts/pagecontent/2013-07-15 http://schema.primaresearch.org/PAGE/gts/pagecontent/2013-07-15/pagecontent.xsd">
    <Metadata>
        <Creator>prov=READ-COOP:name=TrHtr:version=2.1.0:model_id=51170:date=25_07_2023_18:01</Creator>
        <Created>2023-05-02T07:44:32.211+02:00</Created>
        <LastChange>2023-07-25T18:01:18.154+02:00</LastChange>
        <TranskribusMetadata docId="1416707" pageId="54950276" pageNr="49" tsid="130768774" status="IN_PROGRESS" userId="64420" imgUrl="https://files.transkribus.eu/Get?id=FRISKAEDGCMUQEFJQHEWJBDI&amp;fileType=view" xmlUrl="https://files.transkribus.eu/Get?id=YRLKMEOISFKMUYIRXWOMSCAH" imageId="44454002"/>
    </Metadata>
    <Page imageFilename="1416707_0049.jpg" imageWidth="5110" imageHeight="3624">
        <ReadingOrder>
            <OrderedGroup id="ro_1711829169980" caption="Regions reading order">
                <RegionRefIndexed index="0" regionRef="tr_2"/>
                <RegionRefIndexed index="1" regionRef="tr_1"/>
            </OrderedGroup>
        </ReadingOrder>
        <TextRegion id="tr_2" custom="readingOrder {index:0;}">
            <Coords points="585,696 2089,696 2089,2117 585,2117"/>
            <TextLine id="tr_2_tl_1" custom="readingOrder {index:0;}">
                <Coords points="1542,719 1667,728 1726,776 1741,764 1808,778 1995,768 1995,640 1758,696 1640,690 1613,671 1542,677"/>
                <Baseline points="1552,752 1641,752 1707,752 1743,752 1820,752 1910,752 2000,746"/>
                <TextEquiv>
                    <Unicode>26.4.10.</Unicode>
                </TextEquiv>
            </TextLine>
            <TextLine id="tr_2_tl_2" custom="readingOrder {index:1;}">
                <Coords points="579,898 929,893 1086,828 2068,826 2087,768 581,814"/>
                <Baseline points="591,841 656,841 746,841 835,835 925,835 1014,829 1104,829 1194,823 1283,817 1373,817 1462,817 1552,817 1641,811 1731,805 1820,805 1910,805 2000,805 2089,805"/>
                <TextEquiv>
                    <Unicode>art am Ende gerade in diesem vollkommenen Zurücktreten</Unicode>
                </TextEquiv>
            </TextLine>
            <TextLine id="tr_2_tl_3" custom="readingOrder {index:2;}">
                <Coords points="585,1003 1984,994 2009,866 589,894"/>
                <Baseline points="597,943 668,943 758,943 847,937 937,937 1026,937 1116,931 1206,931 1295,925 1385,925 1474,919 1564,919 1653,913 1743,913 1832,907 1922,907 2012,901"/>
                <TextEquiv>
                    <Unicode>ausgesprochen wäre. Olga hatte einen ebenso starken</Unicode>
                </TextEquiv>
            </TextLine>
            <TextLine id="tr_2_tl_4" custom="readingOrder {index:3;}">
                <Coords points="573,1084 610,1101 667,1086 717,1103 759,1078 801,1105 818,1091 868,1103 933,1084 979,1049 1093,1040 1093,1009 1042,1013 1013,994 839,1013 805,994 738,1019 703,1001 661,1013 575,1001"/>
                <Baseline points="585,1044 650,1044 740,1044 829,1038 919,1038 1008,1038 1098,1032"/>
                <TextEquiv>
                    <Unicode>Eindruck wie ich.-</Unicode>
                </TextEquiv>
            </TextLine>
            <TextLine id="tr_2_tl_5" custom="readingOrder {index:4;}">
                <Coords points="592,1191 763,1217 959,1143 1938,1133 2018,1116 2020,1053 594,1099"/>
                <Baseline points="603,1152 680,1146 770,1146 859,1140 949,1140 1038,1140 1128,1134 1217,1134 1307,1128 1397,1128 1486,1128 1576,1122 1665,1122 1755,1122 1844,1116 1934,1116 2023,1104"/>
                <TextEquiv>
                    <Unicode>Die „Liebelei“ in der neuen Burgbesetzung (Balaithy-</Unicode>
                </TextEquiv>
            </TextLine>
            <TextLine id="tr_2_tl_6" custom="readingOrder {index:5;}">
                <Coords points="591,1302 912,1319 1174,1244 1946,1233 2074,1221 2074,1179 592,1216"/>
                <Baseline points="603,1253 644,1247 734,1247 823,1247 913,1247 1003,1241 1092,1241 1182,1235 1271,1235 1361,1235 1450,1235 1540,1229 1629,1223 1719,1217 1809,1217 1898,1217 1988,1211 2077,1206"/>
                <TextEquiv>
                    <Unicode>Vater - Hoftenfel-Mizzi- Tressler-Theodor - Devrient -</Unicode>
                </TextEquiv>
            </TextLine>
            <TextLine id="tr_2_tl_7" custom="readingOrder {index:6;}">
                <Coords points="591,1405 860,1349 1990,1340 2030,1298 592,1317"/>
                <Baseline points="603,1355 692,1355 782,1355 871,1349 961,1349 1050,1349 1140,1343 1229,1343 1319,1337 1409,1337 1498,1331 1588,1331 1677,1331 1767,1325 1856,1319 1946,1319 2035,1319"/>
                <TextEquiv>
                    <Unicode>Herr) hab ich auch gesehn, allerdings nur bei Proben.</Unicode>
                </TextEquiv>
            </TextLine>
            <TextLine id="tr_2_tl_8" custom="readingOrder {index:7;}">
                <Coords points="602,1500 1273,1523 1456,1445 1919,1453 2057,1439 2057,1403 1911,1367 604,1424"/>
                <Baseline points="614,1456 626,1462 716,1462 805,1456 895,1450 985,1450 1074,1450 1164,1450 1253,1444 1343,1444 1432,1438 1522,1438 1611,1432 1701,1432 1791,1426 1880,1426 1970,1426 2059,1414"/>
                <TextEquiv>
                    <Unicode>Eine gute, nicht zum geringen Theil vollendete, Auffüh-</Unicode>
                </TextEquiv>
            </TextLine>
            <TextLine id="tr_2_tl_9" custom="readingOrder {index:8;}">
                <Coords points="606,1621 629,1619 669,1628 688,1619 700,1628 709,1623 738,1628 770,1607 786,1607 782,1533 732,1525 715,1529 709,1523 694,1533 652,1537 635,1523 627,1533 614,1523 602,1523"/>
                <Baseline points="614,1552 704,1564 788,1558"/>
                <TextEquiv>
                    <Unicode>rung.-</Unicode>
                </TextEquiv>
            </TextLine>
            <TextLine id="tr_2_tl_10" custom="readingOrder {index:9;}">
                <Coords points="596,1709 690,1728 753,1699 870,1724 959,1705 1007,1663 1116,1651 1391,1674 1391,1623 1261,1600 990,1626 887,1604 717,1630 598,1617"/>
                <Baseline points="608,1653 680,1659 770,1659 859,1659 949,1653 1038,1653 1128,1653 1217,1647 1307,1647 1397,1647"/>
                <TextEquiv>
                    <Unicode>Nun aber haben Sie das Wort.</Unicode>
                </TextEquiv>
            </TextLine>
            <TextLine id="tr_2_tl_11" custom="readingOrder {index:10;}">
                <Coords points="596,1829 784,1829 931,1760 2032,1743 2032,1691 600,1711"/>
                <Baseline points="608,1761 692,1767 782,1761 871,1761 961,1755 1050,1755 1140,1755 1229,1749 1319,1749 1409,1749 1498,1743 1588,1743 1677,1743 1767,1737 1856,1737 1946,1731 2035,1725"/>
                <TextEquiv>
                    <Unicode>Wir grüssen Sie alle herzlichst. Wir sehen uns doch</Unicode>
                </TextEquiv>
            </TextLine>
            <TextLine id="tr_2_tl_12" custom="readingOrder {index:11;}">
                <Coords points="596,1927 952,1925 1166,1858 2072,1858 2072,1812 600,1839"/>
                <Baseline points="608,1862 644,1868 734,1868 823,1862 913,1862 1003,1856 1092,1856 1182,1856 1271,1856 1361,1850 1450,1850 1540,1844 1629,1844 1719,1844 1809,1838 1898,1838 1988,1838 2077,1832"/>
                <TextEquiv>
                    <Unicode>hoffentlich noch vor dem Herbste? Ende August wollen</Unicode>
                </TextEquiv>
            </TextLine>
            <TextLine id="tr_2_tl_13" custom="readingOrder {index:12;}">
                <Coords points="596,2034 1367,2022 1380,1923 900,1911 598,1944"/>
                <Baseline points="608,1970 668,1970 758,1970 847,1970 937,1964 1026,1964 1116,1958 1206,1958 1295,1958 1385,1958"/>
                <TextEquiv>
                    <Unicode>wir nach Tirol und München.</Unicode>
                </TextEquiv>
            </TextLine>
            <TextLine id="tr_2_tl_14" custom="readingOrder {index:13;}">
                <Coords points="1219,2118 1252,2121 1281,2116 1309,2135 1326,2135 1349,2121 1370,2125 1370,2043 1361,2043 1344,2028 1332,2034 1317,2022 1305,2030 1298,2026 1288,2035 1281,2030 1267,2037 1240,2024 1231,2030 1219,2028"/>
                <Baseline points="1229,2107 1319,2107 1373,2107"/>
                <TextEquiv>
                    <Unicode>A.S.</Unicode>
                </TextEquiv>
            </TextLine>
        </TextRegion>
        <TextRegion id="tr_1" custom="readingOrder {index:1;}">
            <Coords points="3116,600 4656,600 4656,2535 3116,2535"/>
            <TextLine id="tr_1_tl_1" custom="readingOrder {index:0;}">
                <Coords points="3742,694 3777,684 3782,688 3813,673 3851,677 3876,663 3901,671 3910,663 3928,667 3933,594 3893,589 3872,592 3857,608 3838,604 3824,612 3817,606 3790,615 3777,610 3748,617"/>
                <Baseline points="3755,662 3844,662 3934,650"/>
                <TextEquiv>
                    <Unicode>88</Unicode>
                </TextEquiv>
            </TextLine>
            <TextLine id="tr_1_tl_2" custom="readingOrder {index:1;}">
                <Coords points="3989,665 4096,663 4115,680 4163,675 4216,694 4275,669 4325,688 4381,661 4426,686 4426,554 4344,585 4323,575 4274,610 4161,608 4105,625 3989,598"/>
                <Baseline points="4000,650 4089,650 4179,656 4268,650 4358,650 4429,650"/>
                <TextEquiv>
                    <Unicode>Wien, 10.5.1910.</Unicode>
                </TextEquiv>
            </TextLine>
            <TextLine id="tr_1_tl_3" custom="readingOrder {index:2;}">
                <Coords points="3104,805 4537,789 4537,709 4274,671 3893,734 3106,734"/>
                <Baseline points="3116,770 3200,770 3289,770 3379,770 3468,770 3558,764 3647,764 3737,764 3826,758 3916,758 4006,758 4095,758 4185,758 4274,758 4364,752 4453,758 4543,752"/>
                <TextEquiv>
                    <Unicode>Lieber Freund, es ist schwer einen Schauspieler nach</Unicode>
                </TextEquiv>
            </TextLine>
            <TextLine id="tr_1_tl_4" custom="readingOrder {index:3;}">
                <Coords points="3117,917 4453,914 4591,893 4593,812 3119,845"/>
                <Baseline points="3128,877 3164,883 3253,877 3343,877 3432,871 3522,871 3612,871 3701,865 3791,865 3880,859 3970,865 4059,865 4149,865 4238,859 4328,859 4418,859 4507,853 4597,853"/>
                <TextEquiv>
                    <Unicode>einer Rolle zu beurtheilen - (fast so schwer wie eine</Unicode>
                </TextEquiv>
            </TextLine>
            <TextLine id="tr_1_tl_5" custom="readingOrder {index:4;}">
                <Coords points="3115,1015 4505,1013 4520,917 3117,937"/>
                <Baseline points="3128,973 3182,979 3271,979 3361,979 3450,973 3540,973 3629,973 3719,967 3809,967 3898,967 3988,967 4077,961 4167,961 4256,961 4346,961 4435,955 4525,961"/>
                <TextEquiv>
                    <Unicode>Frau nach einem Liebhaber (wenn er nicht ihr Gatte</Unicode>
                </TextEquiv>
            </TextLine>
            <TextLine id="tr_1_tl_6" custom="readingOrder {index:5;}">
                <Coords points="3123,1109 4467,1128 4549,1109 4551,1015 3125,1038"/>
                <Baseline points="3134,1074 3212,1080 3301,1080 3391,1080 3480,1080 3570,1074 3659,1074 3749,1074 3838,1068 3928,1068 4018,1068 4107,1068 4197,1068 4286,1068 4376,1062 4465,1062 4555,1062"/>
                <TextEquiv>
                    <Unicode>wird - selbstverständlich,) und so bin ich mir über</Unicode>
                </TextEquiv>
            </TextLine>
            <TextLine id="tr_1_tl_7" custom="readingOrder {index:6;}">
                <Coords points="3117,1225 4555,1212 4570,1118 3119,1145"/>
                <Baseline points="3128,1182 3140,1182 3229,1182 3319,1182 3409,1182 3498,1176 3588,1182 3677,1176 3767,1176 3856,1176 3946,1176 4035,1176 4125,1176 4215,1176 4304,1170 4394,1170 4483,1170 4573,1170"/>
                <TextEquiv>
                    <Unicode>Trägers Talentausmass nicht im Klaren. Begabt ist er</Unicode>
                </TextEquiv>
            </TextLine>
            <TextLine id="tr_1_tl_8" custom="readingOrder {index:7;}">
                <Coords points="3123,1328 4415,1336 4593,1311 4595,1235 3125,1244"/>
                <Baseline points="3134,1295 3164,1289 3253,1289 3343,1283 3432,1283 3522,1283 3612,1283 3701,1283 3791,1277 3880,1283 3970,1277 4059,1277 4149,1277 4238,1271 4328,1271 4418,1271 4507,1271 4597,1265"/>
                <TextEquiv>
                    <Unicode>gewiss, einfach, gut sprechend, und ohne Glanz. Ich kann</Unicode>
                </TextEquiv>
            </TextLine>
            <TextLine id="tr_1_tl_9" custom="readingOrder {index:8;}">
                <Coords points="3115,1432 3937,1437 4094,1399 4428,1432 4430,1332 3117,1361"/>
                <Baseline points="3128,1391 3182,1391 3271,1391 3361,1391 3450,1391 3540,1391 3629,1385 3719,1385 3809,1385 3898,1385 3988,1385 4077,1379 4167,1379 4256,1379 4346,1379 4435,1373"/>
                <TextEquiv>
                    <Unicode>mir wohl denken, dass Sie ihn brauchen könnten.-</Unicode>
                </TextEquiv>
            </TextLine>
            <TextLine id="tr_1_tl_10" custom="readingOrder {index:9;}">
                <Coords points="3117,1533 4654,1518 4656,1397 3117,1470"/>
                <Baseline points="3128,1492 3134,1492 3223,1498 3313,1492 3403,1492 3492,1492 3582,1486 3671,1486 3761,1486 3850,1486 3940,1486 4029,1486 4119,1480 4209,1480 4298,1480 4388,1480 4477,1480 4567,1474 4656,1480"/>
                <TextEquiv>
                    <Unicode>D.W.L. wird (schreibt Fischer) mit unerhörter Beschleu-</Unicode>
                </TextEquiv>
            </TextLine>
            <TextLine id="tr_1_tl_11" custom="readingOrder {index:10;}">
                <Coords points="3115,1619 3467,1659 4050,1605 4337,1636 4518,1619 4520,1552 3117,1544"/>
                <Baseline points="3128,1594 3182,1600 3271,1600 3361,1600 3450,1594 3540,1594 3629,1594 3719,1588 3809,1594 3898,1594 3988,1588 4077,1588 4167,1588 4256,1582 4346,1582 4435,1582 4525,1582"/>
                <TextEquiv>
                    <Unicode>nigung gem druckt; (ist übrigens schon ins russische</Unicode>
                </TextEquiv>
            </TextLine>
            <TextLine id="tr_1_tl_12" custom="readingOrder {index:11;}">
                <Coords points="3129,1720 4356,1722 4532,1707 4558,1640 4470,1609 3947,1672 3131,1657"/>
                <Baseline points="3140,1689 3218,1695 3307,1695 3397,1695 3486,1695 3576,1695 3665,1695 3755,1689 3844,1689 3934,1689 4024,1689 4113,1689 4203,1689 4292,1689 4382,1689 4471,1683 4561,1683"/>
                <TextEquiv>
                    <Unicode>übersetzt, auch dahin muss ich nun meine Aenderungen</Unicode>
                </TextEquiv>
            </TextLine>
            <TextLine id="tr_1_tl_13" custom="readingOrder {index:12;}">
                <Coords points="3123,1825 3503,1854 3582,1806 4012,1837 4373,1797 4616,1831 4616,1770 4543,1747 3123,1741"/>
                <Baseline points="3134,1797 3188,1803 3277,1803 3367,1803 3456,1797 3546,1797 3635,1797 3725,1797 3815,1797 3904,1797 3994,1797 4083,1797 4173,1791 4262,1791 4352,1791 4441,1791 4531,1791 4621,1791"/>
                <TextEquiv>
                    <Unicode>senden, da lebhafte Verhandlungen im Gange.) Ich hoffe,</Unicode>
                </TextEquiv>
            </TextLine>
            <TextLine id="tr_1_tl_14" custom="readingOrder {index:13;}">
                <Coords points="3123,1917 4621,1917 4621,1863 4453,1841 3123,1862"/>
                <Baseline points="3134,1898 3223,1904 3313,1904 3403,1904 3492,1898 3582,1898 3671,1898 3761,1898 3850,1898 3940,1898 4029,1898 4119,1898 4209,1898 4298,1892 4388,1892 4477,1892 4567,1892 4627,1898"/>
                <TextEquiv>
                    <Unicode>Sie haben ein reinliches Fahnenexemplar in 2-3 Wochen.</Unicode>
                </TextEquiv>
            </TextLine>
            <TextLine id="tr_1_tl_15" custom="readingOrder {index:14;}">
                <Coords points="3117,2003 3322,2045 4491,2022 4616,1965 4016,1932 3956,1972 3117,1969"/>
                <Baseline points="3128,2000 3188,2006 3277,2012 3367,2006 3456,2006 3546,2000 3635,2006 3725,2000 3815,2000 3904,2000 3994,2000 4083,2000 4173,2000 4262,1994 4352,1994 4441,1994 4531,1994 4621,1994"/>
                <TextEquiv>
                    <Unicode>Ohne Entschlüssen Ihrerseits vorgreifen zu wollen, bit-</Unicode>
                </TextEquiv>
            </TextLine>
            <TextLine id="tr_1_tl_16" custom="readingOrder {index:15;}">
                <Coords points="3129,2131 4140,2139 4585,2112 4619,2062 3845,2028 3578,2076 3131,2037"/>
                <Baseline points="3140,2107 3188,2107 3277,2107 3367,2107 3456,2107 3546,2107 3635,2101 3725,2101 3815,2101 3904,2101 3994,2101 4083,2095 4173,2095 4262,2095 4352,2095 4441,2095 4531,2095 4621,2089"/>
                <TextEquiv>
                    <Unicode>te ich Sie zu erwägen, ob Sie (wenn Sie das Stück über-</Unicode>
                </TextEquiv>
            </TextLine>
            <TextLine id="tr_1_tl_17" custom="readingOrder {index:16;}">
                <Coords points="3117,2213 3949,2215 4117,2253 4226,2207 4381,2240 4520,2169 3117,2185"/>
                <Baseline points="3128,2209 3182,2209 3271,2209 3361,2209 3450,2209 3540,2209 3629,2209 3719,2209 3809,2203 3898,2203 3988,2203 4077,2203 4167,2203 4256,2203 4346,2197 4435,2197 4525,2197"/>
                <TextEquiv>
                    <Unicode>haupt spielen wollen), im Januar Raum dafür haben? -</Unicode>
                </TextEquiv>
            </TextLine>
            <TextLine id="tr_1_tl_18" custom="readingOrder {index:17;}">
                <Coords points="3142,2345 4520,2337 4598,2315 4598,2253 3142,2292"/>
                <Baseline points="3152,2310 3170,2310 3259,2316 3349,2310 3438,2310 3528,2310 3618,2316 3707,2310 3797,2310 3886,2310 3976,2310 4065,2304 4155,2304 4244,2304 4334,2304 4424,2304 4513,2304 4603,2292"/>
                <TextEquiv>
                    <Unicode>- Wir wollen also gleich nach Pfhingsten abfahren, Zü-</Unicode>
                </TextEquiv>
            </TextLine>
            <TextLine id="tr_1_tl_19" custom="readingOrder {index:18;}">
                <Coords points="3117,2456 4191,2450 4619,2427 4621,2376 4323,2341 3970,2383 3765,2339 3607,2389 3119,2383"/>
                <Baseline points="3128,2417 3194,2417 3283,2423 3373,2417 3462,2417 3552,2417 3641,2417 3731,2417 3821,2417 3910,2412 4000,2412 4089,2412 4179,2412 4268,2412 4358,2406 4447,2406 4537,2406 4627,2406"/>
                <TextEquiv>
                    <Unicode>rich, Luzern, Genfersee etc. Olga hat soeben wieder eine</Unicode>
                </TextEquiv>
            </TextLine>
            <TextLine id="tr_1_tl_20" custom="readingOrder {index:19;}">
                <Coords points="3117,2550 3763,2569 3861,2534 3956,2571 4189,2523 4440,2540 4560,2485 3383,2494 3119,2458"/>
                <Baseline points="3128,2525 3218,2525 3307,2519 3397,2519 3486,2519 3576,2519 3665,2519 3755,2513 3844,2519 3934,2513 4024,2513 4113,2513 4203,2513 4292,2513 4382,2513 4471,2513 4561,2501"/>
                <TextEquiv>
                    <Unicode>Kinderkrankheit überstanden, den sogenannten „Mumps“</Unicode>
                </TextEquiv>
            </TextLine>
        </TextRegion>
    </Page>
</PcGts>
