5135 3635
1033 835 1923 914 Seite 86 und 87,die sowohl für
585 925 2015 1033 die Stimmung des Akts, als für die Idee des Stückes
579 1017 1952 1115 unentbehrlichen und nebstbei sehr schönen Stellen
585 1097 1958 1187 wieder aufzumachen.. In der Scene zwischen Max und
597 1185 2019 1283 Irene, konnte ich einige Striche gelten lassen. Kei-
603 1277 2013 1340 neswegs aber, den letzten auf Seite 93' klingt ihr
597 1340 2083 1448 heute aus allen Ecken hervor " -Im dritten Akt möchte
585 1436 2160 1540 ich den Strich auf Seite 102 in der bekannten Schwabe las
591 1543 2021 1610 sen. Mit manchen andern bin ich ohne tiefere Ueber-
591 1622 1946 1706 zeugung einverstanden. Der Strich Seite 127- 128
585 1708 2023 1794 ist mir total unbegreiflich gewesen. Und ebenso wehre
579 1804 2046 1882 ich mich gegen die Zerstörung des Rytmus im Ausspruch
585 1901 1905 1962 der Marie, Seite 129-180. Und nun zu Schluss.
585 1964 1972 2027 So sehr ich die Erwägungen zu ahnen vermag, die den
597 2023 2066 2124 verehrten tündalen sollte es nur einer gewesen sein
585 2138 2066 2187 verannlasst haben, den Bünnentod der Katarina zu ele¬
573 2218 2054 2301 minieren, so wenig kann ich auf diese Scene verzichten
591 2314 2019 2381 , deren Inhalt mir als Bild, Ausklang und ganz ein-
585 2385 2001 2443 fach als dramatischen Dazugehörigkeit gleich unent-
591 2481 1935 2541 behrlich scheint. Wird die Rolle der Katarina von
573 2576 2025 2659 siner guten Schauspielerin dargestellt, -und es wäre
3472 513 3678 642 décembre
2962 794 4447 923 nur peinlich, diese Eventualität von vorn herein aus-
2974 914 4511 1011 schliessen zu sollen, so ist übrigens diese Scene ihrer
2968 1023 3707 1107 Wirkung vollkommen sicher.
2979 1088 4439 1205 Entschuldigen Sie, lieber Preund, wenn etwas von mei-
2985 1197 4341 1285 vom Aerger, den ich über die masacröse Behandlung
2985 1275 4310 1356 Einer mir sympathischen Dichtung empfunden habe,
2995 1322 4431 1444 In diesen Brief über gegangen sein sollte, lassen Sie
3038 1416 4458 1532 mich recht bald weiteres wissen und seine Sie herz-
3009 1538 3410 1628 lich gegrüsst.
