7980 3578
2686 616 2840 714 102
1978 614 2404 778 Brahin
3018 680 3376 788 5.12.1911.
2494 872 2942 998 Lieber Freund.
2288 1014 3532 1156 Sie sprachen mir anlässlich meiner Anwe-
2052 1120 3532 1250 senheit in Berlin von irgend welchen Vorstellun-
2052 1198 3486 1330 gen des „Anatol" glaub ich, die im lessingthea-
2070 1306 3472 1422 ter von der Freien Volksbühne, glaub ich, veran-
2070 1416 3472 1500 staltet worden sind. Was hat es damit für eine
2052 1500 3544 1612 Bewandtnis? Bitte sagen Sie mir gelegentlich ein
2052 1554 2488 1682 Wort darüber.
2290 1616 3510 1758 Wann erscheint die „Comtesse Mizzi“ bei
2052 1726 3502 1870 Ihnen? Steht die Besetzung schon fest? Hat Herr
2052 1820 2930 1940 Walter den Philipp bekommen?
2350 1910 3514 2050 Stimmt die Zeitungsnachricht, dass Sie
2052 1986 3532 2140 im Mai nach Wien kommen und dass im lessingthea-
2064 2108 3514 2216 ter eine Wiener Operettengesellschaft pastieren
2052 2202 3460 2288 wird? Ich habe mit Teweles über die Medardus-
2040 2302 3516 2408 Angelegenheit nicht mehr verhandelt. Es scheint
2052 2356 3514 2494 mir doch klüger den Antrag einer ständigen Büh-
2046 2440 3508 2596 ne abzuwarten, die Neue freie Volksbühne, die im
2052 2534 3562 2640 Jahre 1913 ihr eigenes Haus eröffnen soll,scheint
2040 2624 2660 2754 Absichten zu haben.
6832 670 7316 770 Wien, 30.12.1911.
6128 722 6554 848 Lieber Freund,
4388 768 5696 910 Ich arbeite sowohl novellistisch als drama-
6130 826 7558 976 die gute Comtesse wartet nun schon so lang, dass sie
4210 882 5680 998 tisch. Wir bleiben bis auf Weiteres in Wien, nur,
4212 978 5726 1060 falls Sie im Jänner auf den Semmering kommen soll-
6136 942 7580 1084 sich vor lauter Müdigkeit auch neben die Erde setzen
4216 1054 5618 1170 ten, wie sie ja beabsichtigten,wird dieses Pro-
6118 1050 7556 1176 mag. Wie sich die nach der tiefsinnig kritischen No-
4200 1138 5606 1240 gramm eine Aenderung erfahren. In Hamburg, Mün-
6118 1160 7598 1326 menclatur so angefaulte dekandente Gesellschaft neben
4204 1242 5666 1340 chen und Partenkirchen haben wir noch sehr ange-
6106 1262 7546 1432 Schönherrs knödelfressendem Riesengeschlecht behaup-
4206 1324 5558 1426 nehme Tage gehabt. Meiner Frau hat die Reise
6124 1368 7540 1538 ten wird, soll die Zukunft lehren. Ich nehme an, dass
4188 1422 5660 1536 sehr gut getan, ihr Katarrh ist ganz geschwunden.
6094 1452 7608 1642 die „Erde“ den (verdienten) Erfolg haben wird und dass
6106 1556 7574 1722 die Leute wegen der C.M. ins Theater gehen werden. So
6094 1664 7598 1842 ist allen Theilen geholfen.Uebrigens wissen Sie selbst
6094 1782 7480 1958 am besten, wie sehr ich Schönherr schätze - ihn ge-
6098 1874 7528 2040 schätzt habe lang eh er berühmt war; die „Erde“ spe-
6082 1970 7522 2170 ziell war nie mein Fall. Ein Akt aus dem Stück, nach
6088 2078 7558 2268 Wahl, wäre zu geben - und das „Knechtl“ zu erschlagen.
6082 2178 7476 2352 Hier wäre eine Aufgabe für begabte Kindermörder! -
6074 2274 7630 2474 Es freut mich, dass Sie das W.L. am 2. Feiertag gespielt
6074 2378 7560 2574 und es nicht zu bedauern gehabt haben. Wir müssen nun
6058 2486 7552 2682 ja schon knapp vor 25 halten? Den Prager Philipp wer-
