5137 3624
1109 620 1312 740 84
1312 690 1809 800 Wien, 18.12.1909.
620 787 2086 918 Lieber Freund, für heute nur so viel, dass ich gerade
628 874 2092 1013 gestern Abend (heut früh, eben, kam Ihr Brief) in einem
626 977 2052 1174 plötzlichen Ekel, ohne dass sich in der Sache indess
639 1081 2078 1215 das geringste ereignet hätte, die Rein.Leute ganz kurz
637 1181 2038 1325 um sofortige Rücksendung des Med.Mescrpts.ersuchte.
664 1305 2033 1416 Für Ihr einfaches klares und wohlbegründetes Nein
645 1407 2010 1526 dank ich Ihnen wie einer, dem man, nachdem er seinen
643 1494 2111 1635 Durst aus peliduli - parfümierten Tümpeln löschen oder
637 1629 2092 1779 betrügen musste, einen köstlichen Becher Salvator vor-
631 1765 1030 1858 gesetzt hat.-
658 1819 2112 1955 Ihr sarmatischer Freund, verzeihen Sie das harte Wort,
662 1936 2183 2054 lügt glaub ich Sie gerade so an wie die andern (object) -
652 2040 2133 2175 hierüber, wie über vieles andre will ich Ihnen in weni-
656 2160 2114 2251 gen Tagen ausführlich berichten.- Die Censur hat näm-
662 2249 2116 2353 lich- nach etwa 6 Wochen - sich noch immer nicht ent-
664 2349 2061 2446 schieden, und ich hab triftige Gründe zu vermuthen,
669 2469 2128 2566 dass dieses Hinausschieben nicht ohne sarmatisches
669 2524 2097 2668 Einverständnis geschieht. Dienstag hab ich mich bei
4268 715 4555 791 18.12.09.
3178 762 4699 867 dem betreffenden Sect-Chef angemeldet - mit direktoria-
3178 848 4652 956 ler Bewilligung, ja, scheinbar zu seiner (den ich übri-
3184 950 4587 1073 gens noch immer nicht zu sprechen bekam) besondern
3195 1049 4521 1166 Freude. Entschuldigen Sie die nervöse Stilistik.
3201 1162 4540 1265 - Der „Ruf“ war ein wahrer Erfolg hier - und die
3195 1248 4657 1390 schlimmsten Grossmänner und Polgars haben sich zu mir
3188 1379 4574 1464 bekehrt; bis zu enthusiastischen Aeusserungen. Die
3178 1458 4623 1572 äussere Geschichte von Werken ist doch auch was selt¬
3195 1583 3411 1690 sames.-
3195 1655 4665 1773 Uns geht's allen gut...soweit. Also in ein paar Tagen
3176 1786 3362 1891 mehr.
3590 1862 3889 1991 Vom Herzan
4001 1974 4153 2078 A.S.
