8014 3577
2060 581 2470 767 Brahm
3007 713 3461 853 Wien 21.1.1911.
2459 816 2898 941 Lieber Freund.
2463 998 3591 1165 Ich danke Ihnen für die Uebersendung des
2167 1115 3697 1244 Briefes von Direktor Bock, den ich ebenso dum als Frech
2173 1198 3672 1330 finde. Hier ist meine Antwort, ich würde Sie bitten sie
2173 1280 3589 1437 zu lesen und den Brief dann an Direktor Bock weiter
2164 1374 2574 1481 zu expedieren.
2321 1428 3708 1606 Was die “Contesse Ziezi“ anbelangt, tat mir nun der
2150 1575 3637 1671 Gedanke gekommen, ob man nicht einfach wie in Wien die
2167 1646 3685 1788 "Liebelei" dazu geben könnte. Vielleicht wäre des euch
2160 1729 3668 1872 im Hinblick auf den Erfolg in der Komtschen Oper ganz
2150 1824 3572 1974 aussichtsvoll. Auch an den "Kakadu" habe ich wieder
2156 1918 2401 2001 gedacht.
2311 1962 3649 2156 Lauter Unverbindlichkeiten, hingegen ebenso vor¬
2160 2085 2997 2194 bindliche als herzliche Grüsse
2947 2198 3126 2311 Ihres
2118 2468 3137 2587 Herrn Direktor Dr. Otto Brahm, Berlin.
6167 295 6414 475 V.J.
7702 324 7859 443 "    "
4741 322 5184 464 Von tädtigen wäre, als ettämän
6029 667 6454 849 Brahm
7165 673 7501 845 16.3.1911.
6675 822 7137 926 Lieber Freund.
6454 912 7662 1031 Es wäre mir sehr angenehm, wenn Sie mir
6044 968 7667 1106 die Kürzungen des „Weiten Lands“ recht bald schicken
6044 1094 7723 1215 könnten. Die lessing'schen genügen mir vollkommen, ja
6044 1173 7604 1299 für meine Burgtheaterzwecke wäre es mir sogar sehr
6042 1274 7595 1401 lieb, wena Sie die müte hätten mir ein Exemplar mit
6063 1340 7729 1472 diesen Strichen zunächst schicken zu lassen oder wenn
6060 1407 7740 1556 Sie wenigstens die von Lessing und die von Ihnen vorge-
6060 1537 7631 1644 schlagenen striche irgendwie unterscheidbar machan
6056 1635 6326 1750 würden.
7183 1631 7399 1744 grossen
6475 1702 7568 1811 Gratuliere herzlich zum Erfolg von
6071 1798 7740 1909 „Glaube und Heimat". Wie steht es nun mit Ihren weite.
6073 1888 7591 2016 ren plänen? Kommen Sie mit „Ratten“ und „Kindern“
6073 1960 7742 2095 nach Wien. Wir haben die Absicht etwa um den 10. April
6065 2037 7687 2200 herum auf 2-3 Wochen südwärts, etwa an die piviera zu
6073 2162 6332 2277 reisen.
