7987 3577
2172 766 3584 930 und dem Regisseur meinen herzlichsten Dank zu
288 810 1726 956 die beiden Stücke noch umstellen, so wird damit
2186 858 3566 1030 bestellen und bin mit herzlichen Grüssen von
294 934 1774 1048 wohl wenig gewonnen sein, und ich fürchte voraus-
2174 962 2492 1104 uns Allen
282 1012 1780 1130 sehen zu müssen, dass der Comtesse am lessingthea-
288 1084 1780 1212 ter ein ähnliches Schicksal beschieden sein wird,
294 1188 1744 1278 wie es der „Puppenspieler“ erlitten hat und dass
276 1262 1664 1390 sie, wenn man sie nicht rechtzeitig vom alten
288 1360 1738 1480 Grutz losoperiert,an dem bekannten Zwillingstod
282 1446 1680 1560 verscheiden wird. Vielleicht haben Sie selbst
282 1536 1740 1640 schon darüber nachgedacht, was hier zu tun wäre,
276 1630 1750 1740 und ich will Ihrer Entscheidung umso weniger vor-
276 1706 1684 1844 greifen, als dehschon zu einer Zeit nich Ihnen
288 1814 1702 1900 hieher gehörige Vorschläge unterbreitet
282 1916 1720 2002 habe, da wir die Aufführung der Comtesse gemein-
270 1988 1780 2088 sam mit andern Stücken desselben Autors vor allem
282 2064 1120 2192 in Betracht gezogen hatten.
478 2150 1728 2274 Von hier ist weiter nichts Neues zu mel-
270 2248 1674 2356 den als dass im Volkstheater der Marionetten-
264 2338 1726 2464 Zyklus geprobt wird, der eine gute Aufführung zu
264 2426 1714 2542 werden verspricht. Ich bitte Sie nur noch, wenn
252 2524 1732 2626 Sie es für siehtighalten den verehrten Darstel-
262 2620 1722 2722 lern meines Einakters, insbesondere der Triesch,
6778 616 7126 758 108 [2 copies)
7022 714 7476 844 Wien, 18.2.1912.
6248 726 6672 886 Lieber Freund.
6248 920 7698 1052 Die Aufführung der „Marionetten“ in Wien stand unter
6254 1018 7758 1134 keinem glücklichen Stern und ich kann Sie umso weniger
6236 1130 7712 1262 ermutigen zu einer Vorstellung der Einakter herzukom¬
6254 1226 7670 1346 men als Sie sie kaum mehr auf dem Repertoire finden
6236 1330 7742 1462 dürften. „Der Ruppenspieler“ wirkte leidlich. Dass ich
6230 1434 7686 1556 den „Cassian“ im Stil eines Suppenspieles darstellen
6224 1532 7696 1666 liess, war entschieden ein Fehler. Um dieses Stück zur
6222 1626 7756 1766 Wirkung zu bringen müsste man einen andern Stil finden.
6228 1728 7710 1878 Dazu kam noch, dass Edthofer, der den Martin geben soll-
6222 1842 7734 1976 te, am Tag vor der Aufführung erkrankte und ein anderer
6212 1940 7676 2088 (begabter junger Mensch, Herr Günther) ohne genügende
6204 2002 7730 2170 Proben einsprang, An Proben hat es überhaupt gemangelt,
6200 2150 7572 2266 das zeigte sich besonders im „Grossen Wurstl“, der
6198 2236 7732 2390 übrigens nur dann vollkommen zur Geltung kommen könnte,
6188 2346 7616 2448 wenn die Figuren des Marionettentheaters von Schau¬
6194 2446 7706 2564 spielern ersten Ranges und womöglich von den berufenen
6186 2534 7720 2676 Vertretern der ernsthaften Urtypen dargestellt würden.
