4992 3748
1291 811 1581 917 (12.7.06.)
306 875 1726 1015 einen Einakter hab ich hier, ein bissel schlampig, zu
316 992 1786 1110 Ende geschrieben, aber der muss, wird sich in einen Cyc-
316 1108 1674 1221 lus fügen. Die Preise in diesem trefflichen Hotel
324 1198 1836 1335 mögen meine wachsende Geldgier entschuldigen. Ueber das
312 1312 1726 1433 A.Stück bitte sehr zu niemandem ein Wort. Ich hoffe
312 1416 1755 1541 hier jedenfalls ziemlich weit damit zu kommen. Würde
299 1539 1722 1630 mich durch Ihre höchst erwünschte Anwesenheit nicht
318 1599 1755 1726 stören, sondern nur anregen lassen. Brandes ist schon
312 1718 1766 1803 aufgestanden, wie er mir heute schreibt und soll näch-
318 1822 1809 1932 stens irgendwo eine Rede reden. Ich hab ihm Ihren Gruss
306 1938 1791 2050 schriftlich übermittelt, hat aber nichts geholfen, weil
324 2023 1285 2152 er Ihren Namen nicht lesen konnte.
312 2142 1851 2244 -Seit ein paar Tagen lese ich die Briefe von Bülow, aber
318 2256 1751 2346 es wird lange währen, bis ich zum fünften Band komme,
304 2340 1601 2460 der Sie vorigen Sommer so sehr ergriffen hat.-
312 2444 1857 2564 von Dora Erl hab en auch wir Wochen, Monate nichts gehört.
318 2556 1815 2652 Dass sie sich nicht gemeldet, ist mehr als befremdlich.
299 2654 1379 2803 Sie brannte darauf, Ihnen vorzuspielen.
3795 801 4099 923 (12.7.06.)
2859 894 4261 1031 Olga und Heini erwidern herzlich die lieben Grüsse.
2849 959 4319 1160 Sollte es in N. schon Menschen geben, die sich freund-
2872 1113 4272 1223 lich unserer erinnern, so empfehlen Sie uns bestens.
2866 1196 4240 1327 Im übrigen hab ich eine Ahnung, dass Sie herkommen.
2884 1306 4336 1427 Intuition gegen Intuition. Ein Marienlyst in der Hand
2878 1406 4230 1531 ist mir lieber als zehn Semmeringe auf dem Dache.
3067 1514 4311 1643 Doch auch zu Gebirgen finden Sie gerne bereit
3469 1622 3656 1730 Ihren
