7987 3577
828 263 1212 436 11/1:11:1:
227 792 1696 945 von den berufenen Vertretern der ernsthaften Ur-
233 909 1624 1033 typen dargestellt würden. Sehr komisch benahm
227 997 1644 1122 sich das Publikum, insbesondere, wie ich höre am
237 1087 1680 1210 zweiten Abend, wo es sich genau so albern aufge¬
231 1192 1640 1302 führt haben soll wie sein Spiegelbild auf der
225 1266 1650 1411 Bühne. Der Skandalmacher im###rklichen Parkett
231 1361 1674 1457 wurde, was mir eigentlich schmeicheln müsste, für
245 1457 1713 1550 echt genommen und der Direktor auf der Bühne bei
233 1526 1743 1660 den Worten: „Mit dem pingkämpfer hätt’s schliessen
239 1614 1739 1749 müssen“ vom wirklichen Publikum akklamiert. Unter
237 1727 1680 1845 diesen Umständen kann ich Ihnen nicht raten den
255 1823 1686 1920 „Wurstl“ zu spielen, umso weniger als Sie ihn ja
239 1889 1638 2010 auch nicht spielen würden, wenn ich Ihnen dazu
239 1978 1717 2094 riete. (Geht in edler Haltung ab).-Aus Ihrem Re-
231 2068 1717 2193 pertoire entnehme ich, dass Sie ganz berechtigter
239 2141 1698 2297 Weise mein definitives Ja nicht erst abgewartet
249 2257 1771 2358 haben, um die „Comtesse“ dem „Anatol“ zuzugesellen.
237 2328 1767 2468 Möge - etc. etc.- und seien sie von uns Allen herz-
239 2448 784 2567 lichst gegrüsst.
245 2651 1114 2782 Herrn Dr.Otto Brahm,Berlin.
3166 601 3343 802 P.S.
2102 671 2531 862 Brahm
3007 754 3359 913 22.2.1912.
2615 959 3067 1081 Lieber Freund,
2494 1065 3690 1208 Vorgestern war Barnowski bei mir,um mi
2139 1150 3708 1319 einen Vorschlag wegen der Aufführung des.Medardus
2145 1276 3702 1365 zu machen und er selbst rät mir Sie in dieser Angel
2137 1337 3704 1453 genheit um Rat zu fragen. Er würde sich verpflichte
2131 1445 3733 1546 den Medardus in seinem ersten Direkti onsjahre 1914/1
2133 1526 3660 1626 als dritte Novität zu bringen. Ich selbst aber be-
2133 1606 3660 1731 hielte vorläufig ein Rücktrittsrech bedingungslos
2125 1704 3696 1839 bis zum 31. Dezember 1913 eventuell bis zum 15.März
2139 1791 3648 1909 1914, wenn ich mich mit seinem Besetzungsvorschlag,
2121 1895 3733 1990 den er bis dahin vorlegen müsste, nicht einverstanden
2127 1986 3727 2084 erklären könnte. Mache ich von diesem pücktr itsrecht
2115 2068 3630 2183 keinen Gebrauch, so tritt der Vertrag nach Zahlung
2133 2143 3698 2291 einer noch zu bestimmenden Garantiesumme durch Bar-
2119 2241 3690 2358 norsky an mich in Kraft. Meßn Bedenken ist nun, dass
2121 2324 3666 2474 ja die Annahme des „Medardus“ durch Barnowski kein
2119 2414 3586 2561 Geheimnis bleiben kann, so dass die kontraktlich
2121 2527 3721 2621 bestehende Freiheit meiner Entschliessungen einiger-
2108 2613 3616 2724 massen illusorisch wäre, da ja andere Bühnen doch
2121 2685 3596 2830 nicht mehr mit Anträgen an mich herantreten - "
4275 854 5817 969 Andererseits dürfte neben Barnowsky doch wohl nur,
4299 965 5825 1063 wenn man es wagen darf bis 1914 vorauszusehen, das
4311 1047 5793 1184 Unternehmen der neuen Societäre in Betrabht kom-
4317 1158 5783 1278 men, die offenbar ideelldes heutigen Brahm'schen
4311 1236 5720 1355 Lessingtheaters Nachfolge anzutreten gedenken.
4305 1300 5823 1455 Persönlich hat Barnowsky einen sehr günstigen En¬
4305 1431 5811 1530 Eindruck auf mich gemacht und an dem Ernst seiner
4299 1536 5819 1632 Absicht kann ich nicht zweifeln. Wenn Sie mir al-
4305 1572 5793 1729 so gelegentlich Ihre Meinung über den Fall sagen
4305 1694 5389 1821 wollen, wäre ich Ihnen sehr dankbar.
4611 1787 5811 1889 Ich bin recht neugierig zu erfähren, wie
4305 1877 5763 1984 sich die virma Anatol und Mizzi bewährt hat und
4311 1962 5799 2090 ob Sie Ihre projektierte Frühjahrsreise über Wien
4305 2050 4699 2175 führen wird.
4657 2143 5787 2261 Mit herzlichen Grüssen von uns Allen
4263 2597 5190 2701 Herrn Dr. Otto Brahm, Berlin.
6221 318 6506 438 1. ƒ 1. 1.
6038 695 6504 864 Brahm
7089 780 7441 866 20.3.1912.
6514 921 6969 1065 Lieber Freund.
6456 1126 7584 1240 Ich habe mir gestern mit meiner Frau
6157 1206 7622 1333 in der Pension Kramer Zimmer für sie angeschaut.
6157 1298 7584 1415 Sie können zwei Schlafzimmer für sie und Ihren
6167 1399 7608 1499 Neffen samt Salon und Badezimmer mit vollkomme-
6169 1467 7608 1590 ner Pension per Tag um 62 Kronen haben mit Ver-
6163 1580 7531 1684 zicht auf den Salon etwa 18 Kr. billiger. Es
6163 1682 7634 1759 sind hübsche Räume alle drei mit Balkon versehen
6163 1739 7600 1865 im ersten stock ruhig nach dem Garten. Es gäbe
6167 1821 7537 1940 natürlich auch noch andere Appartements; das
6163 1934 7560 2036 hier geschilderte aber scheint mir am meisten
6163 2016 7531 2123 empfehlenswert. (Meine Schwester hat während
6175 2088 7527 2201 ihrer Uebersiedelung wochenlang die gleichen
6163 2179 7503 2293 Zimmer bewohnt). in jedem Zimmer warmes und
6163 2273 7622 2382 kaltes Wasser,sowie Staatstelephon. Herr Kramer
6175 2372 7521 2474 würde bitten eine fixe Bestellung womöglich
6163 2458 7562 2567 schon Anfang April an ihn gelangen zu lassen.
6468 2547 7626 2663 Dass wir im Mai etwa zwischen 10. und
6161 2633 7632 2756 20. nicht in Wien sein werden, wissen Sie schon.
6161 2724 7544 2882 Unsere Tendenz geht nach Brioni und ich mehr
