7964 3577
2378 326 2730 466 V. W. & C. J.
3140 652 3374 758 4.10.11.
2096 712 3520 822 Prag,1.11. Vorlesung Dresden. Von dort Berlin. Hof-
2094 816 3544 922 fentlich erhält sich das W.L. so lang auf dem Reper-
2108 958 3514 1032 toire. Von Berlin Hamburg (Hagemann:W.L.; eventuell
2096 1050 3530 1128 Beatrice, ev. Anatol.) - Die Proben hier in Wien ver¬
2102 1112 3524 1242 sprechen eine gute Aufführung - freilich wird Korff
2100 1250 3530 1324 nie das letzte der Gestalt bringen, und die Marberg,
2102 1328 3580 1436 sympathisch, begabt, fleissig, ist (sehr unter uns) keine
2092 1468 2802 1546 Schauspielerin von Rang.-
2096 1548 3604 1636 Das Eulenberg-Stück hat mich sehr bewegt. Dass es sich
2096 1674 3596 1746 in einem grossen Haus nicht halten würde, war vorauszu¬
2092 1746 3580 1856 sehen. Und unser Freund Lossing kann sowas wohl nicht
2102 1876 3536 1960 inszenieren (Hierin ist er vielseitig). Aber wie in-
2100 1956 3476 2054 szeniert man sowas? Ein Stück für Marionetten mit
2108 2074 3580 2152 lebendigen Herzen! Ein Ineinanderspiel von Genialität
2108 2176 3560 2268 und Manierismus! Manchmal erscheint er mir, Eulenberg
2102 2274 3584 2386 nämlich, wie einer, der mit der flimmernden Kerze durch
2108 2370 3598 2466 eine selbstgeschaffene Mondnacht spaziert. „Lösch aus,
2544 2446 2756 2520 solche
2096 2458 3556 2594 mein Freund, wer Sterne schafft,...“ oder,-„Wer
2102 2574 3016 2690 unter Sternen wandelt... " u.s.w.
7214 746 7472 816 4.10.11
6116 796 7584 898 So genät man ins jambische und romantische, selbst in
5312 756 5502 930 ..
6128 898 7596 1010 solch einem Schreibebrief, wenn man ihm nur in die Nä-
6126 996 6426 1126 he kommt!"
6128 1106 7568 1216 Wann etwa möchten Sie das Tänzchen mit der Comtesse
6134 1208 6324 1320 wagen?
6122 1288 7644 1402 Seien Sie herzlichst gegrüsst, auch von meiner Frau, die
6128 1378 6922 1492 sich auf der Terrasse sonnt.
6796 1616 6946 1744 A.S.
