7987 3577
2336 296 2506 466 P.S.
1010 314 1272 446 "    "  "
518 672 870 800 receu le
3244 702 3536 790 15. 2.12.
2282 732 3692 862 Sehr komisch benahm sich das Publikum, insbesondere,
2280 854 3752 956 wie ich höre am zweiten Abend, wo es sich genau so al¬
2288 936 3686 1040 bern aufgeführt haben soll wie sein Spiegelbild auf
2282 1072 3670 1180 der Bühne. Der Skandalmacher im wirklichen Parkett
2282 1168 3716 1282 wurde, was mir eigentlich schmeicheln müsste, für echt
2276 1268 3704 1386 genommen und der Direktor auf der Bühne bei den Wor¬
2282 1378 3650 1448 ten: „Mit dem Ringkämpfer hätt's schliessen müssen"
2280 1476 3704 1556 vom wirklichen Publikum akklamiert. Unter diesen Um¬
2270 1542 3662 1670 ständen kann ich Ihnen nicht raten den „Wurstl“ zu
2268 1652 3764 1796 spielen, umso weniger als Sie ihn ja auch nicht spielen
2274 1754 3728 1860 würden, wenn ich Ihnen dazu riete. (Geht in edler Hal-
2270 1888 3722 1996 tung ab).-Aus Ihrem Repertoire entnehme ich, dass Sie,
2258 1994 3766 2074 ganz berechtigter Weise, mein definitives Ja nicht erst
2258 2068 3722 2196 abgewartet haben, um die „Comtesse“ dem „Anatol" zuzu-
2252 2180 3766 2282 gesellen. Möge - etc. etc.- und seien Sie von uns Allen
2246 2278 2836 2386 herzlichst gegrüsst.
2890 2442 3052 2536 A.S.
6926 264 7124 404 1 7 7
6964 712 7328 844 15.2.1912.
6026 644 6500 844 Berlin
6510 916 6988 1034 Lieber-Freund.
6432 1108 7570 1222 Die Aufführung der „Marionetten“ in
6116 1190 7544 1296 Wien stand unter keinem glücklichen Stern und
6134 1292 7638 1408 ich kann Sie umso weniger ermutigen zu einer Vor-
6116 1380 7534 1492 stellung der Einakter herzukommen als Sie sie
6116 1476 7504 1560 kaum mehr auf dem pepertoire finden dürften.
6104 1560 7532 1668 „Der Ruppenspieler“ wirkte leidlich. Dass ich
6104 1656 7538 1742 den.Cassian' im Stil eines Ruppenspieles dar-
6116 1710 7634 1848 stellen liess, war entschieden ein Fehler. Um die-
6122 1820 7632 1938 ses Stück zur Wirkung zu bringen müsste man einen
6116 1922 7620 2036 anderen Stil finden. Dazu kam noch, dass Edthofer,
6102 2010 7568 2114 der den Martin geben sollte, am Tag vor der Auf-
6104 2070 7602 2206 führung erkrankte und ein anderer (begabter) jun-
6122 2172 7558 2294 ger Mensch. Herr Günther ^ ohne genügende proben
6092 2282 7602 2390 einsprang. An Proben hat es überhaupt gemangelt,
6092 2344 7626 2476 das zeigte sich besonders im „Grossen Wurstl“, der
6116 2428 7578 2570 übrigens nur dann vollkommen zur Geltung kommen
6116 2542 7580 2664 könnte, wenn die Figuren des Marionettentheaters
6104 2646 7532 2750 von Schauspielern ersten Ranges und womöglich
