5110 3624
1715 663 1937 744 10.5.10,
587 734 1941 809 (Parotitis, auch Ziegenpeter genannt), sehr leicht.
574 847 1995 939 Ich bin seit einigen Tagen recht lebhaft mit meinem
587 919 2001 1050 Aerztestück beschäftigt, das sich als zur vollendung
574 1056 2044 1165 reif präsentierte, als ich allerlei Pläne und angefan¬
574 1137 2078 1227 genes durchsah; habe Freude dran, und ist mir wohl, dass
574 1212 2031 1337 ich mir allerlei von der Seele sprechen kann, auf dem
587 1355 1931 1474 anständigen Wege selbsterschaffener und wie mich
574 1459 1506 1579 dünkt nicht unbendiger Figuren.
866 1551 1937 1692 Herzlichst, mit Grüssen von uns Allen.
1175 1666 1335 1845 I.S.
3833 595 3983 698 89
3018 627 3720 845 Biahin
4089 823 4396 915 14.6.1910.
3584 1058 4019 1188 Lieber Freund.
3453 1163 4544 1293 Ich sende Ihnen heute die Tragtkomödte
3104 1258 4574 1363 ein und möchte gleich einiges auf die praktische Sei¬
3112 1348 4574 1457 te bezügliches bemerken; vor allem (immer den Fall der
3082 1421 4591 1536 Annahme vorausgesetzt)die Besetzungsfrage. Für Hofroi¬
3100 1529 4475 1645 ter wird wohl kein anderer da sein als Monnard, der
3093 1628 4522 1698 gewiss nicht vollkommen da für ausreicht, aber aussor
3093 1698 4533 1802 Bassemann und Kainz wüsste ich überhaupt keinen, der
3087 1809 4424 1903 die Rolle spielen oder vielmehr der die Gestalt
3080 1869 4473 1999 herausbringen könnte. Gente wäre wohl Triesch, Frau
3076 1962 4407 2063 Aigner, Lehmann, Otto, Stieler, Natter, Reicher, Erna,
3076 2063 4420 2159 Herterich, Dr. Mauer, Marr? Ueber die andern Rollen
3087 2155 4480 2272 will ich heute noch nicht sprechen, es ist mir auch
3080 2242 4467 2338 die jetzige Zusammenstellung Ihres Personals nicht
3080 2317 4448 2410 ganz gegenwärtig. Für sehr wichtig hielte ich, dass
3074 2396 4467 2538 fr. v. Atgner von Sauer dargestellt würde.Er hat nur
3080 2511 4569 2622 einen Akt und könnte sich durchaus eines Stocks bedie¬
3225 2583 4571 2692 um Streichen wird stch vielfache Gelegenheit bie¬
2978 2620 4021 2782 ten, ist. im Episodischen, mehr will ich
