5110 3624
567 759 2025 871 durch den derzeitigen Direktor in Händen hätte.Also,
573 842 2080 994 wenn mir gestattet ist jenes Gesprächsfragment ins Ge¬
592 943 2002 1082 fecht zu führen, so lassen Sie es mich gütigst viel¬
573 1059 1529 1152 leicht durch ein Telegramm wissen.
801 1106 2032 1233 Ich gratuliere herzlich zum grossen Konzert-
584 1203 2009 1317 Erfolg, der mich für Bahr und für Sie ganz besonders
602 1296 2085 1452 freut. So ist es jedenfalls gut, dass die Komtesse Mizz!
586 1400 2091 1501 nicht zugleich aufgeführt worden ist, dem besser hätte
596 1501 1459 1638 es ja keinesfalls gehen können.
801 1573 2093 1704 Auf der Reinhardt-Seite ist die Medardus-Ange¬
596 1683 2036 1795 legenheit nun vollkommen abgeschlossen. Ein beleidig¬
603 1732 2044 1865 tes Telegramm bedauerte meine Hartnüchigkeit, mit der
613 1827 2059 1968 ich bewiesen habe, dass es mir nur auf die Aufführung
607 1903 2036 2046 dieses nur bei H. spielbaren Stückes, nicht aber auf
603 2028 2047 2114 eine dauernde künstlerische Verbindung mit den Deut¬
609 2097 2034 2207 schen Theater ankäme. Ich habe in einem persönlichen
609 2190 2133 2305 Brief an Reinhardt sozusagen zum ewigen Gedächtnis die
622 2281 2144 2385 ganze Geschichte unseres (Reinhardts und meines) künst¬
622 2338 2040 2484 lerisch-geschäftlichen Verhältnisses rekapituliert.
939 2431 1782 2571 Seien Sie herzlichst begrüsst
3666 617 3825 725 87.
3939 676 4442 820 Wien, 26.4.1910.
3188 808 3596 928 Lieber Freund,
3188 880 4656 1023 das wichtigste zuerst. Es existiert eine gewisse Else
3190 1008 4641 1127 Back, die sich schmeichelt die Nichte einer klugen, ja
3195 1102 4639 1216 weisen Frau zu sein, welch letztere wieder an der ge-
3188 1213 4619 1336 lungenen Zur-Welt-Reise Heinis und Lilis rühmlichen
3188 1294 4689 1427 Anteil genommen und auch sonst eine famose Person ist.
3190 1400 4664 1537 Jene Else Beck hat einmal bei Ihnen gastiert, und soll
3190 1501 4708 1638 gefallen haben; Sie aber haben sie damals nicht gesehn.
3207 1609 4711 1749 Nun hat sich besagte Wehmutter, die eben auch Anlage zu
3571 1685 3780 1763 honni
3195 1727 4600 1844 Freudentante (xx soit...) zu besitzen scheint, an
3193 1818 4672 1960 mich gewandt, ich möchte Sie bitten, die (in Düsseldorf
3201 1922 4719 2066 engagierte) Nichte nochmals bei Ihnen pastieren zu las¬
3199 2030 4664 2146 sen, sie bei dieser Gelegenheit selbst zu begutachten
3201 2146 4634 2254 und eventuell weitere Consequenzen zu ziehen. Diese
3207 2194 4700 2349 Bitte übermittle ich hiemit an Sie im eigenen und mei-
3201 2347 3708 2463 ner Gattin Namen.
3218 2434 4613 2579 Meine lakonische Karte über den Hauskauf haben Sie
3207 2539 4696 2630 wohl erhalten. Wir hoffen im Juli einziehen zu können
