5133 3750
1697 772 1942 874 (2.2.08.)
622 872 2104 1001 besonders gegen bessere Ueberzeugung,wie es in diesem
621 954 1667 1101 Fall von Direktor und Autor geschähe.
639 1052 2019 1189 Ueberlegen Sie sich die Sache doch vielleicht noch
639 1189 878 1281 einmal.
639 1262 2021 1404 Uebermorgen Mampfen wir (für etwa 10 Tage oder 14)
645 1380 2038 1511 semmeringswärts, leider ohne Magg Hoffnung, Sie dort
639 1479 2061 1607 oben anzutreffen. Ich verlasse Wien und diese aufge-
634 1596 2106 1674 regte Epoche der letzten 2 Monate (anfangs aufgeregt,
651 1672 2128 1785 später nur unruhig, was aber auch nicht wohlthuend ist)
634 1789 2098 1886 mit der heftigsten Sehnsucht nach Arbeit und dem aus-
639 1899 2092 1991 geprägtesten Widerwillen gegen alles, was sich in den
652 1997 2087 2106 Begriff „Oeffentlichkeit“ einschliessen lässt. (Ohne
645 2121 2136 2220 überzeugt zu sein, dass ich wirklich darauf verzichten
639 2229 917 2321 könnte.)
643 2310 2108 2402 Leben Sie wohl, lieber Freund. Ich lese eben, dass der
652 2409 2068 2533 Borkmann ein Riesenerfolg war (Telegramm der Zeit.)
645 2501 2147 2610 Diesmal stimmt die Sache hoffentlich. Am Ende rutschen
658 2608 2102 2721 Sie doch auf den Semmering? Sagen Sie mir etwas über
4282 840 4592 952 (2.2.08.)
3232 883 4067 999 Ihre Gastspiel- u. Sommerpläne.
3225 998 4414 1112 Mit den herzlichsten Grüssen, auch von Olga
3232 1311 4738 1410 Lieber Dr.Brahm, kommen Sie doch doch auf den Semmering
3244 1399 4658 1538 damit ich Ihnen für Ihre Theilnahme danken kann, die
3238 1513 4001 1628 mir herzlich wohlgetan hat.
