5080 3825
1423 771 1650 860 14.8.09
412 848 1816 957 ich den menschenfeindlichen Alpenkönigen mein Opfer
420 953 1886 1059 dargebracht, und in circa 8 Tagen fahren wir alle nach
420 1034 1807 1154 Wien zurück. Ich aber begebe mich bald darauf noch
410 1137 1913 1259 nach München, wo ich Reinhard *) mein Ausstattungsstück
412 1264 1903 1386 mit Gesang und Tanz auf einem Uulcan vorzulesen geden-
412 1324 1956 1452 ke. (Die Notiz, die Sie nicht gelesen haben und die schon
410 1446 1913 1595 durch zahlreiche Blätter gegangen ist, besagte, dass „der
420 1572 1847 1669 junge Herr Medardus"an der Burg mit Hartmann und der
420 1657 1807 1774 Witt, am Lessingtheater mit Monnard und der Triesch
410 1754 1859 1878 in den Hauptrollen am gleichen Tag aufgeführt werden
412 1867 1903 1967 sollte.) Meine Aenderungen am j.M. hab ich (vorläufig)
430 1965 1921 2095 abgeschlossen und die Fahnen sind mir von der Druckerei
418 2068 1930 2186 versprochen - bisher hab ich noch keine Zeile erhalten.
432 2186 1896 2318 - Seien Sie herzlichst gegrüsst, auch von meiner Frau,
412 2281 1530 2409 der es sehr gut geht, geradeso wie Heini.
438 2579 1886 2697 *) Wirallisten derum gebe-
501 2664 761 2746 ten hat.
4130 519 4287 654 il sij
3168 749 4147 866 2 copies 83 Wien, 9.12.1909.
2924 860 3350 978 Lieber Freund.
2930 941 4341 1055 Gestern erhielt ich folgendes Telegramm: „Unser Ent-
2935 1024 4413 1175 schluss Ihre dramatische Historie zu spielen, wenn Sie
2933 1131 4407 1276 uns im Vertrag Vorrecht auf Ihr modernes Werk einräu-
2935 1255 4448 1381 men, ist unverändert. Im Auftrage grüssend Kahane." Die-
2941 1336 4430 1487 ses Telegramm bedeutete die Antwort auf meinen wieder-
2935 1483 4488 1586 holt ausgesprochenen Wunsch endlich den Vertrag oder das
2947 1582 4389 1685 Manuscript zurückzuerhalten. Meine erste Regung nach
2947 1688 4395 1793 Erhalt des Telegrammes war natürlich nun einfach und
2957 1801 4391 1892 ohneweiters das Manuscript zurückzufordern, dann aber
2945 1898 4428 1994 sind mir wieder Bedenken gekommen ausschliesslich dem
2945 1994 4442 2095 Wunsch ihre Entstehung verdankend, den Medardus in Ber-
2964 2095 4417 2200 lin gespielt zu sehen. Da es mir aber innerlich wahr-
2947 2200 4498 2306 haft widerstrebt mit diesen Leuten weiter zu verhandeln,
2947 2308 4399 2391 möchte ich Ihnen, lieber Freund, heute kurz und völlig
2962 2395 4453 2521 unverbindlich folgende zwei Fragen vorlegen: 1. Hätten
2959 2494 4430 2614 Sie Lust den Medardus zu spielen? 2. Glauben Sie, dass
2953 2591 4428 2709 das Iessingtheater den Medardus spielen kann? Die Be-
2972 2693 4413 2813 setzung der Hauptrollen wäre ja so ziemlich gegeben:
