5081 3748
1642 787 1930 896 (16.3.08.)
669 851 2116 996 Scene sterben - und versuche überhaupt zu entfernen,
661 956 2177 1093 was bei der Aufführung (und besonders das was mich bei
673 1051 2181 1212 der neuen Lectüre) unangenehm berührt hat. Den dramati-
688 1196 2135 1326 schen Grundmangel - die undramatische Weltanschauung
694 1284 2164 1412 in der die Ereignisse sich abspielen, kurz die spezifi-
694 1363 2181 1521 sche Atmosphäre des Stücks, kann ich nicht fortbringen.
703 1485 2192 1617 Immerhin (obwohl meine Sympathfe für das Stück ziemlich
698 1598 2146 1726 gesunken ist) scheint es mir Qualitäten zu haben, die
700 1701 2127 1831 es zum vorläufigen Weiterleben berechtigen. Neulich
703 1797 2242 1938 hat es wieder, in czechischer Sprache in Prag, beträchtli-
711 1917 2144 2016 chen Erfolg gehabt. Dass es in Russland - mit Kakadu
709 2011 2129 2129 und - "Märchen" zu meinem „beliebtesten“ gehört, hab
711 2104 2207 2230 ich Ihnen schon einmal gesagt.) Wenn ich die Aenderun-
722 2211 2186 2364 gen gemacht habe, send ich sie Ihnen - ganz unverbind-
728 2337 1401 2466 lich für Sie und mich.-
730 2404 2246 2573 Dass die „Lebendigen“ nicht viel gemacht haben, ist mir,
736 2517 2213 2653 um unser Beider willen leid. Die Presse war ja hahezu
738 2630 2206 2804 anständig. Ob ich je einen Thea ererfolg hab en werde?
4589 4 5044 111 0e r
4256 831 4598 919 ( 16.3.08.)
3230 896 4734 1011 Und was überhaupt der nächste Theaterfolg sein wird?
3230 1007 4662 1126 Beim Himmel, x h möchte ß nicht Direktor sein! - Und
3230 1097 4684 1172 Theaterdichter auch nicht. (Sagen Sie nicht: Das ist
3236 1208 4629 1328 Ihnen gelungen!) - Oder wenigstens: es sollte nicht
3236 1311 4667 1418 „Geschäft“ sein (Sagen Sie nicht: es ist ja kein Ge-
3241 1412 3503 1485 schäft.)
3230 1470 4721 1602 Haben Sie eine Ahnung, was die Leute eigentlich wollen?
3228 1634 4709 1732 Ich frage Sie nicht, weil ich die Absicht hätte das zu
3234 1724 3498 1844 liefern.-
3236 1821 4644 1896 Hoffentlich hat Ihnen der weisse Hirsch gut gethan;
3217 1928 4692 2053 für Nerven und Muskel (von welch letzterem Sie nichts
3224 2041 4698 2121 mehr schreiben). Und wenn es mit Wien sicher geworden
3236 2154 4709 2253 ist, so lassen Sie's mich bald wissen, zur Sommerszeit
3222 2236 4704 2364 gehen Sie wohl wieder an die See? Wir haben Schweizer
3236 2341 4721 2464 Absichten. Wollen auch vorher noch kleinere steirische
3236 2458 4734 2573 und salzkammergütige Touren machen.- Seien Sie von uns
3217 2546 3951 2687 Allen herzlichst gegrüsst.
3933 2569 4184 2685 Ihr A.S.
3217 2701 4405 2804 Herzlichen Gruss und auf Wiedersehen! O.S.
