5109 3823
413 0 720 82 T P W
1187 758 1692 848 München, 3.5.1908.
1029 749 1194 899 75
1187 827 1913 949 Hotel vier Jahreszeiten.
509 895 2036 1050 Lieber Freund, hier sind wir seit gestern; nach ein paar
503 1031 1996 1158 schönen Frühlingstagen in Riva und in Bozen (das über
514 1135 1966 1255 Bozen, 1200 Meter liegende, in 5/4 Stunden zahnrädlich
520 1236 1972 1364 erreichbare Klobenstein sei Ihnen heftig ans Herz ge-
520 1349 1956 1473 legt. Eine Natur-Ueberraschung hohen Ranges. Viel zu
501 1469 1901 1551 wenig berühmt, wie so vieles österreichische!) Also
514 1543 1918 1673 hier, München, in diesem reizenden Hotel zu den über-
503 1650 1977 1755 flüssig vielen Jahreszeiten residieren wir und denken
503 1770 1972 1859 bis Ende der Woche zu bleiben. Allerlei Ausflüge sind
490 1863 1930 1958 vorgesehen; hoffentlich auch Partenkirchen. Samstag
509 1937 1977 2075 oder Sonntag fahren wir direkt nach Aussee, wo die Um-
503 2084 1972 2181 gegend in etwa 3 Tagen besichtigt werden soll, und je-
503 2170 1734 2273 denfalls vor dem 15. wollen wir daheim sein.
503 2286 2002 2358 Haben wir einige Hoffnung, Sie in die Aussichten dieser
503 2364 1930 2461 kurzen Reise einbeziehen zu dürfen? Benachrichtigen
503 2480 1987 2595 Sie uns gütigst. Auch über Ihse appllinischen und
482 2587 1968 2678 unacherlichen Ideen würde ich gern ein mehreres er¬
503 2688 1745 2783 fahren. Und überhaupt. - Herzlichst Ihr A.S.
4141 779 4402 865 (3.5.08.)
3046 804 4521 970 Heut ist es an mir, Randbemerkungen zu machen. Vor al-
3063 960 4500 1082 lem? Der Brief meines Gatten ist, ich versichere Sie,
3058 1036 4465 1160 von sprühendem Witz, es ist nötig, das zu sagen, denn
3071 1164 4039 1299 Sie werden ihn nicht lesen können.
3351 1286 3823 1381 Ich sage nichts.
3088 1349 4566 1505 Ist aber schwer gekränkt. Nun bitte, auf diese Schrift-
3075 1490 3534 1602 probe gehört I.
3090 1560 4357 1690 Kommen Sie bald, seien Sie herzlichst gegrüsst.
3816 1682 4303 1785 Olga Schnitzler.
