<?xml version="1.0" encoding="UTF-8" standalone="yes"?>
<PcGts xmlns="http://schema.primaresearch.org/PAGE/gts/pagecontent/2013-07-15" xmlns:xsi="http://www.w3.org/2001/XMLSchema-instance" xsi:schemaLocation="http://schema.primaresearch.org/PAGE/gts/pagecontent/2013-07-15 http://schema.primaresearch.org/PAGE/gts/pagecontent/2013-07-15/pagecontent.xsd">
    <Metadata>
        <Creator>prov=READ-COOP:name=TrHtr:version=2.1.0:model_id=51170:date=25_07_2023_18:01</Creator>
        <Created>2023-05-02T07:44:37.183+02:00</Created>
        <LastChange>2023-07-25T18:01:26.646+02:00</LastChange>
        <TranskribusMetadata docId="1416707" pageId="54950402" pageNr="78" tsid="130768848" status="IN_PROGRESS" userId="64420" imgUrl="https://files.transkribus.eu/Get?id=RCBMMCTXBQTBLQCYJXONCLVN&amp;fileType=view" xmlUrl="https://files.transkribus.eu/Get?id=CDDGWSIAHOLPFBHPPNJVJJPH" imageId="44454128"/>
    </Metadata>
    <Page imageFilename="1416707_0078.jpg" imageWidth="7935" imageHeight="3705">
        <ReadingOrder>
            <OrderedGroup id="ro_1711829192446" caption="Regions reading order">
                <RegionRefIndexed index="0" regionRef="tr_1"/>
                <RegionRefIndexed index="1" regionRef="tr_2"/>
            </OrderedGroup>
        </ReadingOrder>
        <TextRegion id="tr_1" custom="readingOrder {index:0;}">
            <Coords points="292,840 3591,840 3591,2818 292,2818"/>
            <TextLine id="tr_1_tl_1" custom="readingOrder {index:0;}">
                <Coords points="2740,937 2768,935 2800,949 2822,935 2844,939 2872,907 2908,919 2921,902 2945,898 2929,802 2900,796 2886,810 2862,798 2842,810 2790,802 2772,814 2754,806 2720,814"/>
                <Baseline points="2742,890 2832,902 2922,920 2952,920"/>
                <TextEquiv>
                    <Unicode>113</Unicode>
                </TextEquiv>
            </TextLine>
            <TextLine id="tr_1_tl_2" custom="readingOrder {index:1;}">
                <Coords points="3035,935 3075,951 3115,941 3144,963 3172,967 3212,953 3236,969 3292,959 3323,941 3395,931 3395,860 3312,878 3284,858 3236,884 3170,862 3120,892 3081,874 3035,872"/>
                <Baseline points="3047,932 3137,932 3226,932 3316,932 3400,938"/>
                <TextEquiv>
                    <Unicode>1.10.1912.</Unicode>
                </TextEquiv>
            </TextLine>
            <TextLine id="tr_1_tl_3" custom="readingOrder {index:2;}">
                <Coords points="324,1023 362,1041 386,1023 438,1037 466,1021 496,1031 529,1005 593,1011 591,850 539,880 521,868 488,880 472,868 458,878 428,872 366,888 322,884"/>
                <Baseline points="334,968 424,974 513,974 597,974"/>
                <TextEquiv>
                    <Unicode>S.H.P.</Unicode>
                </TextEquiv>
            </TextLine>
            <TextLine id="tr_1_tl_4" custom="readingOrder {index:3;}">
                <Coords points="2074,979 2163,1013 2245,993 2301,1011 2364,1007 2454,973 2504,989 2504,888 2472,872 2442,884 2390,878 2372,892 2348,878 2330,886 2287,856 2187,856 2143,838 2074,868"/>
                <Baseline points="2085,980 2175,980 2264,974 2354,980 2444,974 2509,980"/>
                <TextEquiv>
                    <Unicode>Brahm</Unicode>
                </TextEquiv>
            </TextLine>
            <TextLine id="tr_1_tl_5" custom="readingOrder {index:4;}">
                <Coords points="281,1087 324,1097 348,1079 446,1093 509,1077 677,1093 748,1085 748,1041 710,1023 627,1037 587,1013 561,1025 529,1005 452,1047 412,1023 362,1041 338,1023 281,1037"/>
                <Baseline points="292,1075 382,1075 472,1075 561,1075 651,1075 741,1075 752,1075"/>
                <TextEquiv>
                    <Unicode>affoV aoV. ebrige</Unicode>
                </TextEquiv>
            </TextLine>
            <TextLine id="tr_1_tl_6" custom="readingOrder {index:5;}">
                <Coords points="2589,1164 2649,1178 2687,1170 2756,1198 2784,1174 2828,1188 2894,1160 2931,1182 2979,1158 3005,1174 3049,1166 3049,1116 3031,1112 2878,1124 2838,1103 2697,1122 2589,1110"/>
                <Baseline points="2599,1159 2689,1153 2778,1153 2868,1153 2958,1153 3047,1159 3053,1159"/>
                <TextEquiv>
                    <Unicode>Lieber Freund.</Unicode>
                </TextEquiv>
            </TextLine>
            <TextLine id="tr_1_tl_7" custom="readingOrder {index:6;}">
                <Coords points="2408,1321 2627,1331 2800,1288 3214,1343 3431,1286 3556,1292 3556,1234 3325,1256 2910,1228 2844,1256 2637,1216 2515,1262 2408,1252"/>
                <Baseline points="2420,1290 2485,1290 2575,1290 2665,1290 2754,1290 2844,1284 2934,1284 3023,1290 3113,1284 3203,1284 3292,1284 3382,1284 3471,1284 3561,1278"/>
                <TextEquiv>
                    <Unicode>Barnowsky hat den „Bernhardi“ gelesen</Unicode>
                </TextEquiv>
            </TextLine>
            <TextLine id="tr_1_tl_8" custom="readingOrder {index:7;}">
                <Coords points="2177,1431 2476,1397 3254,1421 3522,1379 3465,1325 2836,1343 2768,1292 2601,1331 2177,1331"/>
                <Baseline points="2187,1386 2270,1380 2360,1380 2450,1380 2539,1380 2629,1380 2718,1380 2808,1380 2898,1374 2987,1374 3077,1374 3167,1374 3256,1368 3346,1368 3436,1368 3525,1374"/>
                <TextEquiv>
                    <Unicode>und bewirbt sich sehr dringend um das Stück.</Unicode>
                </TextEquiv>
            </TextLine>
            <TextLine id="tr_1_tl_9" custom="readingOrder {index:8;}">
                <Coords points="2169,1495 3152,1522 3495,1465 3469,1407 2171,1431"/>
                <Baseline points="2181,1470 2246,1470 2336,1470 2426,1470 2515,1470 2605,1470 2695,1470 2784,1464 2874,1464 2964,1464 3053,1464 3143,1464 3232,1458 3322,1458 3412,1458 3501,1458"/>
                <TextEquiv>
                    <Unicode>Wenn ich bald mit ihm abschliesse,so könnte</Unicode>
                </TextEquiv>
            </TextLine>
            <TextLine id="tr_1_tl_10" custom="readingOrder {index:9;}">
                <Coords points="2171,1588 3515,1564 3517,1475 3063,1528 2171,1503"/>
                <Baseline points="2181,1559 2264,1559 2354,1559 2444,1559 2533,1553 2623,1553 2713,1553 2802,1553 2892,1553 2981,1553 3071,1547 3161,1547 3250,1547 3340,1547 3430,1547 3519,1553"/>
                <TextEquiv>
                    <Unicode>natürlich auch der Termin in einer für mich</Unicode>
                </TextEquiv>
            </TextLine>
            <TextLine id="tr_1_tl_11" custom="readingOrder {index:10;}">
                <Coords points="2181,1672 2605,1660 2806,1698 3489,1646 3489,1610 3347,1558 3192,1606 2183,1598"/>
                <Baseline points="2193,1649 2240,1649 2330,1649 2420,1649 2509,1643 2599,1643 2689,1643 2778,1643 2868,1643 2958,1643 3047,1643 3137,1637 3226,1637 3316,1637 3406,1637 3495,1637"/>
                <TextEquiv>
                    <Unicode>vorteilhaften Weise festgelegt werden. Nun</Unicode>
                </TextEquiv>
            </TextLine>
            <TextLine id="tr_1_tl_12" custom="readingOrder {index:11;}">
                <Coords points="2171,1769 2380,1745 2468,1783 2653,1739 2925,1793 3095,1739 3560,1747 3578,1696 3333,1646 3158,1688 2173,1702"/>
                <Baseline points="2181,1738 2234,1738 2324,1738 2414,1738 2503,1738 2593,1732 2683,1732 2772,1732 2862,1732 2952,1727 3041,1732 3131,1727 3220,1727 3310,1727 3400,1727 3489,1727 3579,1727"/>
                <TextEquiv>
                    <Unicode>möchte ich aber doch nichts Entschiedenes un-</Unicode>
                </TextEquiv>
            </TextLine>
            <TextLine id="tr_1_tl_13" custom="readingOrder {index:12;}">
                <Coords points="2177,1837 2637,1879 2820,1823 3507,1851 3509,1743 3308,1787 3230,1743 3075,1789 2398,1793 2301,1759 2177,1789"/>
                <Baseline points="2187,1822 2258,1828 2348,1828 2438,1828 2527,1822 2617,1822 2707,1822 2796,1822 2886,1822 2975,1816 3065,1816 3155,1816 3244,1816 3334,1816 3424,1810 3513,1810"/>
                <TextEquiv>
                    <Unicode>ternehmen, ehe Sie mir in aller Kürze meinen</Unicode>
                </TextEquiv>
            </TextLine>
            <TextLine id="tr_1_tl_14" custom="readingOrder {index:13;}">
                <Coords points="2171,1936 2559,1922 2919,1968 3234,1912 3586,1918 3586,1845 3172,1881 2985,1847 2774,1885 2171,1861"/>
                <Baseline points="2181,1918 2246,1918 2336,1918 2426,1918 2515,1912 2605,1912 2695,1912 2784,1912 2874,1912 2964,1912 3053,1906 3143,1912 3232,1906 3322,1906 3412,1906 3501,1906 3591,1906"/>
                <TextEquiv>
                    <Unicode>letzten Brief beantwortet haben. Wenn es Ihnen</Unicode>
                </TextEquiv>
            </TextLine>
            <TextLine id="tr_1_tl_15" custom="readingOrder {index:14;}">
                <Coords points="2177,2032 2354,2050 2496,2014 2537,2046 3154,2070 3314,2000 3471,2028 3471,1960 2707,1972 2579,1938 2177,1974"/>
                <Baseline points="2187,2007 2223,2007 2312,2007 2402,2007 2491,2007 2581,2007 2671,2007 2760,2007 2850,2007 2940,2001 3029,2001 3119,2001 3209,1995 3298,2001 3388,1995 3477,1995"/>
                <TextEquiv>
                    <Unicode>also keine Mühe macht, so schreiben Sie mir</Unicode>
                </TextEquiv>
            </TextLine>
            <TextLine id="tr_1_tl_16" custom="readingOrder {index:15;}">
                <Coords points="2171,2121 2271,2117 2314,2147 2374,2129 2404,2137 2426,2127 2440,2137 2500,2117 2535,2123 2535,2058 2448,2038 2418,2056 2257,2040 2187,2080 2171,2078"/>
                <Baseline points="2181,2103 2270,2097 2360,2097 2450,2097 2539,2103"/>
                <TextEquiv>
                    <Unicode>recht bald.</Unicode>
                </TextEquiv>
            </TextLine>
            <TextLine id="tr_1_tl_17" custom="readingOrder {index:16;}">
                <Coords points="2529,2211 2575,2219 2619,2203 2653,2221 2695,2223 2730,2245 2748,2237 2774,2247 2786,2235 2826,2245 2862,2233 2862,2135 2784,2125 2754,2145 2716,2121 2705,2131 2653,2125 2623,2141 2587,2115 2529,2123"/>
                <Baseline points="2539,2187 2599,2181 2689,2181 2778,2181 2868,2181"/>
                <TextEquiv>
                    <Unicode>Herzlichst</Unicode>
                </TextEquiv>
            </TextLine>
            <TextLine id="tr_1_tl_18" custom="readingOrder {index:17;}">
                <Coords points="2183,2826 2225,2814 2356,2856 2494,2812 2563,2840 2709,2816 2782,2846 2864,2820 2955,2838 2955,2744 2927,2732 2758,2758 2635,2752 2591,2726 2482,2748 2350,2726 2311,2750 2229,2724 2183,2740"/>
                <Baseline points="2193,2808 2240,2808 2330,2808 2420,2808 2509,2808 2599,2808 2689,2808 2778,2808 2868,2808 2958,2802"/>
                <TextEquiv>
                    <Unicode>Herrn Direktor Dr. Otto Bezug,</Unicode>
                </TextEquiv>
            </TextLine>
        </TextRegion>
        <TextRegion id="tr_2" custom="readingOrder {index:1;}">
            <Coords points="6047,469 7678,469 7678,2854 6047,2854"/>
            <TextLine id="tr_2_tl_1" custom="readingOrder {index:0;}">
                <Coords points="6784,569 6828,555 6858,571 6882,551 6898,559 6914,547 6937,555 6955,539 6999,561 7023,551 7013,458 6987,472 6945,458 6888,460 6876,472 6826,454 6772,466"/>
                <Baseline points="6788,519 6878,537 6967,543 7027,549"/>
                <TextEquiv>
                    <Unicode>14/1</Unicode>
                </TextEquiv>
            </TextLine>
            <TextLine id="tr_2_tl_2" custom="readingOrder {index:1;}">
                <Coords points="6649,921 6677,913 6697,894 6725,911 6832,927 6860,894 6890,900 6886,816 6852,814 6838,826 6816,820 6794,832 6729,820 6703,836 6679,822 6643,822"/>
                <Baseline points="6657,878 6746,890 6836,890 6896,896"/>
                <TextEquiv>
                    <Unicode>114</Unicode>
                </TextEquiv>
            </TextLine>
            <TextLine id="tr_2_tl_3" custom="readingOrder {index:2;}">
                <Coords points="7154,925 7250,937 7264,927 7322,947 7387,931 7421,941 7481,931 7517,943 7511,832 7487,828 7471,840 7437,828 7361,864 7246,868 7196,848 7170,874 7152,868"/>
                <Baseline points="7164,920 7254,926 7344,926 7433,932 7523,938"/>
                <TextEquiv>
                    <Unicode>17.10.1912.</Unicode>
                </TextEquiv>
            </TextLine>
            <TextLine id="tr_2_tl_4" custom="readingOrder {index:3;}">
                <Coords points="6060,939 6100,931 6187,963 6291,959 6315,945 6356,967 6406,947 6496,979 6490,822 6372,836 6346,822 6309,842 6193,782 6054,796"/>
                <Baseline points="6071,926 6161,938 6250,938 6340,938 6429,944 6501,956"/>
                <TextEquiv>
                    <Unicode>Brahm</Unicode>
                </TextEquiv>
            </TextLine>
            <TextLine id="tr_2_tl_5" custom="readingOrder {index:4;}">
                <Coords points="6573,1160 6659,1146 6703,1164 6834,1158 6882,1112 7033,1126 7031,1043 6920,1029 6862,1059 6812,1043 6756,1061 6679,1041 6569,1045"/>
                <Baseline points="6579,1087 6669,1093 6758,1093 6848,1093 6937,1099 7027,1105 7039,1105"/>
                <TextEquiv>
                    <Unicode>Lieber Freund.</Unicode>
                </TextEquiv>
            </TextLine>
            <TextLine id="tr_2_tl_6" custom="readingOrder {index:5;}">
                <Coords points="6205,1240 7596,1262 7594,1184 7419,1130 7075,1176 6203,1162"/>
                <Baseline points="6214,1219 6304,1219 6394,1219 6412,1219 6465,1225 6555,1225 6645,1219 6734,1225 6824,1225 6914,1225 7003,1231 7093,1231 7182,1231 7272,1236 7362,1236 7451,1236 7541,1236 7601,1236"/>
                <TextEquiv>
                    <Unicode>Heute bin ich beim Zenser gewesen, das</Unicode>
                </TextEquiv>
            </TextLine>
            <TextLine id="tr_2_tl_7" custom="readingOrder {index:6;}">
                <Coords points="6084,1319 7626,1343 7626,1248 6084,1260"/>
                <Baseline points="6095,1308 6184,1308 6274,1308 6364,1308 6453,1308 6543,1308 6633,1314 6722,1314 6812,1314 6902,1320 6991,1320 7081,1314 7170,1320 7260,1320 7350,1320 7439,1320 7529,1326 7619,1332 7631,1332"/>
                <TextEquiv>
                    <Unicode>Stück wird jedenfalls dem sogenannten Zensurbeirat</Unicode>
                </TextEquiv>
            </TextLine>
            <TextLine id="tr_2_tl_8" custom="readingOrder {index:7;}">
                <Coords points="6078,1393 7519,1437 7620,1433 7620,1339 6352,1325 6237,1367 6076,1319"/>
                <Baseline points="6089,1392 6178,1392 6268,1398 6358,1398 6447,1398 6537,1398 6627,1404 6716,1404 6806,1404 6896,1404 6985,1404 7075,1404 7164,1410 7254,1410 7344,1410 7433,1416 7523,1416 7613,1416 7625,1422"/>
                <TextEquiv>
                    <Unicode>übergeben, der Statthalter hat sich die letzte Ent-</Unicode>
                </TextEquiv>
            </TextLine>
            <TextLine id="tr_2_tl_9" custom="readingOrder {index:8;}">
                <Coords points="6096,1497 7562,1518 7560,1423 7475,1415 6754,1443 6279,1407 6094,1447"/>
                <Baseline points="6107,1487 6196,1482 6286,1487 6376,1487 6465,1487 6555,1487 6645,1493 6734,1493 6824,1493 6914,1493 7003,1499 7093,1499 7182,1499 7272,1499 7362,1499 7451,1505 7541,1505 7565,1505"/>
                <TextEquiv>
                    <Unicode>scheidung vorbehalten, die ich dringendst bis zum</Unicode>
                </TextEquiv>
            </TextLine>
            <TextLine id="tr_2_tl_10" custom="readingOrder {index:9;}">
                <Coords points="6078,1602 7662,1624 7640,1481 7138,1534 6999,1499 6173,1534 6076,1493"/>
                <Baseline points="6089,1571 6178,1571 6268,1577 6358,1577 6447,1577 6537,1577 6627,1577 6716,1583 6806,1583 6896,1583 6985,1583 7075,1589 7164,1589 7254,1595 7344,1595 7433,1595 7523,1595 7613,1595 7666,1595"/>
                <TextEquiv>
                    <Unicode>Ende dieses Monats erbeten habe, von der ich mir aber</Unicode>
                </TextEquiv>
            </TextLine>
            <TextLine id="tr_2_tl_11" custom="readingOrder {index:10;}">
                <Coords points="6078,1674 7393,1708 7590,1690 7590,1608 6416,1588 6078,1626"/>
                <Baseline points="6089,1661 6178,1661 6268,1667 6358,1667 6447,1667 6537,1667 6627,1667 6716,1673 6806,1673 6896,1679 6985,1679 7075,1679 7164,1679 7254,1679 7344,1679 7433,1685 7523,1685 7595,1685"/>
                <TextEquiv>
                    <Unicode>noch immer nichts Günstiges versprechen kann. Die</Unicode>
                </TextEquiv>
            </TextLine>
            <TextLine id="tr_2_tl_12" custom="readingOrder {index:11;}">
                <Coords points="6066,1769 6975,1769 7113,1851 7674,1841 7672,1713 7576,1688 7425,1745 7210,1684 6066,1713"/>
                <Baseline points="6077,1750 6167,1750 6256,1750 6346,1756 6435,1756 6525,1756 6615,1756 6704,1762 6794,1768 6884,1768 6973,1762 7063,1768 7153,1774 7242,1774 7332,1774 7421,1774 7511,1774 7601,1774 7678,1780"/>
                <TextEquiv>
                    <Unicode>Aufführung ist vorläufig hier für den Anfang Dezember</Unicode>
                </TextEquiv>
            </TextLine>
            <TextLine id="tr_2_tl_13" custom="readingOrder {index:12;}">
                <Coords points="6086,1897 6137,1905 6191,1865 6291,1855 6338,1875 6438,1853 6498,1875 6601,1853 6715,1861 6729,1803 6659,1817 6510,1767 6319,1789 6084,1769"/>
                <Baseline points="6095,1846 6184,1840 6274,1840 6364,1846 6453,1846 6543,1846 6633,1846 6722,1858 6734,1858"/>
                <TextEquiv>
                    <Unicode>in Aussicht genommen.</Unicode>
                </TextEquiv>
            </TextLine>
            <TextLine id="tr_2_tl_14" custom="readingOrder {index:13;}">
                <Coords points="6424,1942 6922,1990 7138,1950 7632,1980 7618,1849 7485,1883 7021,1853 6422,1877"/>
                <Baseline points="6435,1936 6525,1936 6615,1942 6704,1942 6794,1942 6884,1942 6973,1948 7063,1948 7153,1948 7242,1948 7332,1954 7421,1954 7511,1954 7601,1960 7637,1954"/>
                <TextEquiv>
                    <Unicode>Die Besetzungsmöglichkeiten, die Sie mir</Unicode>
                </TextEquiv>
            </TextLine>
            <TextLine id="tr_2_tl_15" custom="readingOrder {index:14;}">
                <Coords points="6066,2048 7260,2068 7596,2052 7596,2018 7391,1958 7003,1952 6858,2012 6551,1942 6064,1952"/>
                <Baseline points="6077,2019 6167,2019 6256,2019 6346,2025 6435,2025 6525,2025 6615,2025 6704,2031 6794,2031 6884,2031 6973,2031 7063,2037 7153,2037 7242,2037 7332,2037 7421,2049 7511,2043 7601,2055"/>
                <TextEquiv>
                    <Unicode>bieten, lieber Freund, sind allerdings so wenig ver-</Unicode>
                </TextEquiv>
            </TextLine>
            <TextLine id="tr_2_tl_16" custom="readingOrder {index:15;}">
                <Coords points="6068,2129 7566,2143 7535,2078 7399,2100 6987,2040 6516,2048 6420,2088 6344,2046 6066,2062"/>
                <Baseline points="6077,2109 6167,2109 6256,2109 6346,2115 6435,2115 6525,2115 6615,2115 6704,2121 6794,2121 6884,2121 6973,2121 7063,2127 7153,2127 7242,2127 7332,2127 7421,2133 7511,2133 7571,2133"/>
                <TextEquiv>
                    <Unicode>lockend, dass ich keinen Anlass sehe irgend welche</Unicode>
                </TextEquiv>
            </TextLine>
            <TextLine id="tr_2_tl_17" custom="readingOrder {index:16;}">
                <Coords points="6068,2213 7626,2239 7624,2127 6366,2121 6066,2173"/>
                <Baseline points="6077,2199 6167,2199 6256,2199 6346,2205 6435,2205 6525,2205 6615,2205 6704,2205 6794,2211 6884,2211 6973,2217 7063,2217 7153,2217 7242,2217 7332,2217 7421,2223 7511,2223 7601,2228 7631,2228"/>
                <TextEquiv>
                    <Unicode>andere Chancen, die mir Berlin bieten sollte, darüber</Unicode>
                </TextEquiv>
            </TextLine>
            <TextLine id="tr_2_tl_18" custom="readingOrder {index:17;}">
                <Coords points="6056,2314 7596,2320 7594,2227 7556,2223 6054,2229"/>
                <Baseline points="6065,2288 6155,2288 6244,2288 6334,2288 6423,2288 6513,2294 6603,2294 6692,2294 6782,2300 6872,2300 6961,2300 7051,2300 7141,2300 7230,2306 7320,2300 7410,2306 7499,2300 7589,2312 7601,2306"/>
                <TextEquiv>
                    <Unicode>aufzugeben oder gar nur hinauszuschieben. Mit Bar-</Unicode>
                </TextEquiv>
            </TextLine>
            <TextLine id="tr_2_tl_19" custom="readingOrder {index:18;}">
                <Coords points="6062,2374 7672,2412 7654,2311 6442,2340 6189,2303 6060,2340"/>
                <Baseline points="6071,2372 6161,2366 6250,2366 6340,2366 6429,2372 6519,2372 6609,2372 6698,2372 6788,2378 6878,2384 6967,2384 7057,2384 7147,2384 7236,2390 7326,2390 7415,2396 7505,2390 7595,2396 7678,2396"/>
                <TextEquiv>
                    <Unicode>nowski bin ich in Verhandlung ohne bisher abgeschlos-</Unicode>
                </TextEquiv>
            </TextLine>
            <TextLine id="tr_2_tl_20" custom="readingOrder {index:19;}">
                <Coords points="6060,2468 7537,2492 7535,2414 7453,2402 7055,2432 6774,2396 6725,2434 6350,2380 6255,2426 6060,2416"/>
                <Baseline points="6071,2456 6161,2456 6250,2456 6340,2456 6429,2462 6519,2462 6609,2462 6698,2462 6788,2468 6878,2468 6967,2468 7057,2473 7147,2473 7236,2479 7326,2479 7415,2479 7505,2479 7541,2479"/>
                <TextEquiv>
                    <Unicode>sen zu haben. Aber ich werde es wohl tun, mit umso</Unicode>
                </TextEquiv>
            </TextLine>
            <TextLine id="tr_2_tl_21" custom="readingOrder {index:20;}">
                <Coords points="6060,2561 7560,2595 7558,2510 6723,2482 6516,2523 6060,2478"/>
                <Baseline points="6071,2545 6161,2545 6250,2545 6340,2545 6429,2551 6519,2551 6609,2551 6698,2557 6788,2557 6878,2557 6967,2557 7057,2563 7147,2563 7236,2563 7326,2569 7415,2569 7505,2569 7565,2575"/>
                <TextEquiv>
                    <Unicode>weniger Bedenken, als Sie ja selbst im Falle eines</Unicode>
                </TextEquiv>
            </TextLine>
            <TextLine id="tr_2_tl_22" custom="readingOrder {index:21;}">
                <Coords points="6042,2665 7572,2681 7654,2669 7654,2601 6040,2591"/>
                <Baseline points="6053,2641 6143,2635 6232,2635 6322,2635 6412,2641 6501,2641 6591,2641 6680,2647 6770,2647 6860,2647 6949,2647 7039,2653 7129,2653 7218,2653 7308,2653 7398,2659 7487,2659 7577,2659 7660,2659"/>
                <TextEquiv>
                    <Unicode>grossen Erfolges am Volkstheater sich kaum entschlies</Unicode>
                </TextEquiv>
            </TextLine>
            <TextLine id="tr_2_tl_23" custom="readingOrder {index:22;}">
                <Coords points="6042,2728 6742,2778 7644,2762 7642,2669 6042,2679"/>
                <Baseline points="6053,2718 6143,2718 6232,2724 6322,2724 6412,2730 6501,2724 6591,2730 6680,2730 6770,2730 6860,2736 6949,2736 7039,2742 7129,2742 7218,2736 7308,2742 7398,2742 7487,2748 7577,2748 7649,2748"/>
                <TextEquiv>
                    <Unicode>sen würden gerade zu Gunsten meines Veräpnerkreitet-</Unicode>
                </TextEquiv>
            </TextLine>
            <TextLine id="tr_2_tl_24" custom="readingOrder {index:23;}">
                <Coords points="6038,2830 6836,2828 6993,2892 7505,2902 7503,2790 7355,2764 6036,2768"/>
                <Baseline points="6047,2808 6137,2808 6226,2814 6316,2814 6406,2814 6495,2814 6585,2820 6674,2820 6764,2820 6854,2826 6943,2826 7033,2826 7123,2832 7212,2832 7302,2826 7392,2832 7481,2844 7511,2844"/>
                <TextEquiv>
                    <Unicode>was zerrütteten Personal neue Säfte zuzuleiten.</Unicode>
                </TextEquiv>
            </TextLine>
        </TextRegion>
    </Page>
</PcGts>
