5137 3624
973 612 1779 749 85 Ocopies Wien, 22.12.1909.
489 745 907 877 Lieber Freund!
501 834 2001 979 Vor allem nur diese Frage. Sie erwähnten in Ihrem letz-
501 921 1979 1069 ten Brief Schlenther habe Ihnen zuletzt gesagt,er wer-
497 1037 1937 1169 de mir, wenn Zensur und Drehbühne stimmen, die Annahme
506 1131 1990 1280 des Medardus ausser durch den Kontrakt noch in Brief-
506 1246 1967 1370 form mit einer Terminangabe anzeigen und an die müsse
503 1357 1930 1470 sich auch der eventuelle Nachfolger gebunden halten.
514 1457 2009 1530 - Nach den letzten Briefen Schlenthers stimmt die Dreh¬
506 1561 1997 1677 bühne, nach einem gestrigen Gespräch von mir mit Jettel
508 1674 1901 1792 stimmt auch die Zensur. Ich habe nun Schlenther in
514 1732 1977 1873 einem kurzen Schreiben um definitive günstige Erledi-
503 1875 1962 1990 gung ersucht. Wenn die Annahme kommt will ich selbst-
503 1967 1947 2095 verständlich auch einen bestimmten Termin verlangen.
520 2073 1977 2199 Ich möchte nun wissen, ob für den Fall, dass Schlenther
514 2171 2014 2250 sich daraufhin weigert, ich seine Aesserung Ihnen gegen¬
512 2259 1965 2357 über ins Treffen führen darf oder ob sie vertraulich
512 2359 1979 2474 zu behandeln ist. Mir wäre es natürlich sehr wertvoll
521 2489 1935 2603 im Ernstfall ihm je ne Zusicherung ins Engelsantlitz
527 2587 1137 2686 schleudern zu können.
4151 695 4424 789 22.12.09.
3074 747 4565 860 Dass ich im Laufe der nächsten Zeit Einakter schreiben
3070 858 4541 953 könnte will ich nicht in Abrede stellen, aber sie dann
3070 954 4539 1058 zur Komtesse Mizzi dazuzuspannen, hielte ich nicht für
3082 1073 4563 1177 oportun, es wäre so eine nachträgliche Sache. Ein guter
3087 1158 4509 1265 kurzer Dreiakter wäre schon die beste Begleitung für
3082 1248 4514 1386 die Komtesse. Im übrigen sehen Sie sich doch einmal
3093 1370 4490 1506 wieder den „Grossen Wurstl“ an. Es giht Zeichen und
3087 1500 3936 1593 Wunder (und Wunder undPlunder)!
3085 1585 4569 1689 Mit Pötzleinsdorf ist es natürlich vorläufig nichtsund
3074 1681 4486 1794 wird wohl auch nachläufig nichts werden. Können Sie
3076 1775 4539 1879 mir schon etwas Näheres über den Anatol-Termin sagen?
3070 1867 4490 1990 Natürlich unverbindlich. Wird schon fleissig an den
3070 1986 4580 2080 Schneeflocken für die „Weihnachtseinkäufe“ gearbeitet?
3099 2105 4586 2223 - Im übrigen geht es uns allen so weit gut; mit meinen
3082 2210 4038 2329 Nerven bin ich allerdings am Ende.
3584 2300 3895 2411 Herzlichst
3087 2479 4582 2600 Ueber die mir nie wahrscheinliche Affaire F.-d'A.wurde
3087 2592 4211 2677 von mir aus keine Silbe weiter getragen.
