5110 3624
528 734 1499 839 das Stück selbst heute nicht sagen.
670 831 1996 956 Etne sehr wicht tge Frage wäre die, ob bei diesem
514 928 1880 1019 sehr Wienerischen Stüche die Erfolgschancen einer
528 1027 1983 1093 raufführung in Wien nicht grösser wären als in Ber¬
512 1114 2036 1192 I in. Hier erheben sich aber gleich neue Schwierigkeiten.
509 1205 1858 1290 Dass Katnz, der für die Hauptrolle am Burgtheater
520 1296 2011 1410 einzig Mögliche im nächsten Spieljahr wieder auftreten
514 1381 1983 1490 und auch grösseren Aufgaben gemachsen sein wird, halte
514 1474 1899 1592 ich wohl für pahrscheinlich (ich sehe, ihn öfterst.
514 1562 1960 1657 aber für höchst xxxifelhaft halte ich es, dass Berger
520 1651 1947 1765 sich entschliessen könnte nach dem Medardus (Ohtober)
514 1740 1966 1842 noch in derselben Saison ein abendfüllendes Stück zu
514 1831 1935 1930 spielen.So bliebe mir nur das Volkstheater bring,wo
514 1903 1983 2017 ich für die Hauptrolle Kramer hätte „die übrigen Rol¬
520 2000 1880 2101 len wären grös tenteils gut zu besetzen, aber dort
520 2089 1983 2203 schdebt man tj Gefahr (kommt das bet anderen Theatern
520 2180 1869 2266 auch vor), wie es mir beim "Ruf" passiert ist, nach
509 2243 1935 2357 einer 2800K.-Einnahme wegen der Nachbarschaft eines
501 2355 1968 2433 2900 K.-Stückes auf ewige Zeiten abgesetzt zu perden.
503 2446 1880 2550 Trotzdem glaube ich, dass ich in den sauern Weisse
503 2501 1896 2649 werde beissen müssen. Wenn ich mich zu rechter Zeit
509 2634 1875 2717 melde glaube ich eines guten, von mir zu wählenden
406 2685 1715 2797 Temons sicher zu sein, so dass ich eine bestänffischen
4004 374 4199 545 V. P.
3106 750 4448 935 im Laufe des Jänners 1911 für durchsetzbar halte.
3099 909 4520 1021 Ich möchte nun gern von Ihnen hören, ob Sie mir auch
3106 1002 4562 1108 einen Jänner-Termin geben könnten. ferner,wie Sie über
3106 1091 4562 1209 die Chancen einer Wiener Traufführung eventuell einer
3099 1156 4207 1290 Aufführung am gleichen Tage etc. denken.
3260 1235 4558 1383 Die Sache wird für mich noch weiter kompliziert
3106 1345 4461 1471 durch meine Verhandlungen mit Russland. Es handelt
3099 1440 4453 1548 sich hier nicht um sehr grosse Summen, da ich aber
3106 1524 4499 1643 widerwärtiger Weise vom Pichten lebe, muss ich doch
3099 1592 4448 1715 darauf bedacht sein so wett als es trgend möglich.
3106 1683 4533 1816 ist auch aus Russland etwas heraus zuschlagen und das
3093 1768 4533 1903 ist diesmal nur dann möglich, wenn ich die Aufführung
3093 1863 4478 1989 des Stücks (das schon übersetzt ist) im Jänner ge¬
3093 1947 4586 2080 statte. Doch liegt mir daran, dass das Stilck in Deutsch-
3097 2032 4491 2171 land resp. Oesterreich früher gespielt wird, und um
3093 2121 4467 2268 nun nach allen Richtungen meine Massnahmen treffen
3099 2230 4533 2347 zu können, wäre es mir sehr erwünscht in Hinsicht auf
3093 2324 4619 2434 dasjenige,was nach der Termin-und sonstigen praktischen
3082 2389 4522 2527 Seiten hin wesentlich sein möchte, recht bald von Ih-
3082 2522 3899 2620 nen eine Antoort zu erhalten.
3241 2575 4560 2698 Die Aussicht Sie auf dem Semmering oder sors tro
3258 2693 4558 2806 Nähe zu begrüssen, ist mir natürlich höche xxx
