7931 3577
3258 656 3578 772 30.11.10.
298 734 618 821 .01.M.0
2221 754 3624 853 Bei Aigner-Sauer bleibt es doch? Die Besetzung der
220 740 1697 913 nun bevührt und tag einä xxx, naglebte xxx ni modos
236 851 1715 975 xxx mich xxx nachxxx.
2219 833 3720 951 kleineren Rollen haben Sie mir übrigens noch nicht be-
973 925 1509 1089 xxx
2225 953 2658 1083 kannt gegeben.
596 979 809 1099 G.H.F.P.
2233 1049 3686 1165 Nun wünsche ich uns noch gutes Anatolisches Gelingen
334 1041 1211 1197 xxx xxx xxx
2227 1141 3650 1287 und bin mit den herzlichsten Grüssen von uns Allen
1535 1139 1695 1237 G.H.F.P.
236 1161 1065 1305 eine hozeizä ein Wiederst xxx
478 1263 638 1313 -   -
244 1285 835 1403 reh für xxx
2848 1373 3006 1461 A.S.
290 1379 1049 1523 xxx sie xxx Schmæsse
368 1475 776 1587 jusqu'au moins même mais il
358 1563 788 1695 G.H.F.P.P
380 1709 1049 1797 nicht xxx wir werden.
316 1907 558 1991 G.C.F.P
310 2542 468 2654 G.H.P
6856 604 7018 694 P.S.
6152 586 6630 782 Berlin
6842 672 7603 811 94 (2nd copy) 30.11.1910.
6530 943 6982 1073 Lieber Freund.
6800 1029 7030 1117 G.C.F.P.S
7453 1023 7641 1127 G.C.F.P
6352 1085 7673 1229 Die Medarduspremiere wäre also glücklich über¬
6198 1175 7807 1311 standen. Es war ein sehr starker Erfolg, der sich immer heil
6198 1255 7713 1393 befestigt, meiner Empfindung nach der weitest tragende,
6198 1345 7641 1489 der mir je beschieden war. Ich glaube nicht, dass man
6194 1409 7653 1579 in Berlin den richtigen Sindruck davon bekommen hat.
6186 1523 7681 1669 insbesondere der Börsen-Steyfried und der Anarchisten-
6182 1615 7659 1741 Stefan haben sich durch den zweifellosen Tatbestand
6186 1693 7703 1821 der ausserordentlichen Wirkung in ihrer schönen Subjek-
6174 1775 7631 1917 tivität nicht beirren lassen. Schade, dass Sie nicht
6166 1849 7665 2013 hier gewesen sind. Dass es eine der prächtigsten Durg-
6180 1959 7621 2111 theatervorstellungen gewesen ist, die man seit Jahren
6162 2055 7651 2205 gesehen hat, darüber herrscht nur eine Stimme. Nun aber,
6150 2139 7701 2317 mit vorläufiger Uebergehung des Anatol, hinaus ine natte
6140 2237 7595 2379 Land. Ich weiss nicht recht, ob es angesichts dieses
6140 2315 7647 2440 Erfolgs, der eine grosse Zughraft des Medardus en Burg-
6138 2395 7595 2554 theater verspricht, oprortun ist, kaum ein Vierteljahr
6132 2494 7581 2628 später am selben Theater mit einem metten Stück ha-
6132 2580 7563 2730 haus zukommen. Dass aber aus grüngeäugten und andern
