8014 3577
2834 324 3008 472 1'7'
554 290 1106 444 1 1/2, rue 1/4, jusqu'il y ai 1/1
2710 670 3374 786 99 Wien, 11.9.1911.
2144 780 2554 912 Lieber Freund,
2156 868 3520 990 mir ist als hätte ich Ihnen gestern nicht für die
2150 980 3570 1138 schönen Bücher gedankt, die gerade in diesen trüben
2150 1124 3562 1236 Tagen angelangt sind, mit den lieben Widmungsworten
2156 1226 3636 1308 für meine Frau und mich. Sie liest nun ihren Stauffer,
2162 1334 3602 1416 ich meinen Kleist, und so ist man auch lesend, was nun
2148 1414 3632 1506 doppelt wohl thut, in der Gesellschaft eines edeln und
2150 1540 3548 1640 bedeutenden Freundes. Er sei herzlich begrüsst und
2150 1636 2648 1736 noch mals bedankt.
2156 1718 3580 1816 Unsere Reise musste aufgeschoben werden. Olga liegt
2150 1842 3584 1920 mit ihrem Bronchbalkatarrh zu Bette; er ist durch aus
2160 1944 3640 2026 unbedenklich, nur störend und langwierig; und so werden
2160 2044 3580 2142 wir kaum vor Ende dieser oder Anfang nächster Woche
2156 2122 3538 2250 abfähren können!" Auf wie lange ich mitgehe, steht
2150 2224 3614 2342 noch nicht fest. Meine Berliner Reise aber möcht ich
2162 2360 3610 2436 keineswegs vor Ende Oktober oder Anfang November an-
2172 2436 3728 2572 treten;ich verbinde Dresden (Vorlesung), Prag (vorlesung)
2162 2538 2900 2676 *) wahrscheinlich Lovrana.
6222 338 6534 444 II 4 1 1/2 t. 1
7296 688 7568 794 11.9.11.
6210 732 7688 890 Hamburg (Hagemann) damit.- Nun begeb ich mich in die
6204 832 7592 996 Oper zur Generalprobe der Pierrette (eine frühere
6194 930 7634 1098 Probe hab ich nicht gesehn.) Ich dictiere an meinem
6200 1040 6590 1118 Aerzte-Stück.
6544 1154 6924 1224 Ihr getreuer
