5110 3624
1667 630 1926 754 27.12.09.
557 710 2112 859 Bindung im juridischen Sinn ja nicht die Rede sein kann,
561 833 2032 971 wäre meineposition selbstverständlich eine beträcht-
563 940 2085 1083 lich bessere, wenn ich nach sechsmonatlichen Verhandlun-
572 1046 2021 1180 gen doch wenigstens die offizielle Annahme durch den
574 1131 2003 1290 derzeitigen Direktor in Händen hätte. Also, wenn mir
592 1224 2032 1379 gestattet ist jenes Gesprächsfragment ins Gefecht zu
586 1344 2061 1487 führen, so lassen Sie es mich gütigst (vielleicht durch
586 1474 1232 1591 ein Telegramm) wissen.
601 1570 2019 1680 Ich gratuliere herzlich zum grossen Konzert-Erfolg,
607 1636 2123 1779 der mich - für Bahr und für Sie - ganz besonders freut.
607 1764 2104 1895 So ist es jedenfalls gut, dass die Komtesse Mizzi nicht
621 1833 2131 1984 zugleich aufgeführt worden ist, denn besser hätte es ja
621 1982 1323 2090 keinesfalls gehen können.
621 2046 2129 2187 Auf der Reinhardt-Seite ist die Medardus-Angelegenheit
619 2145 2152 2301 nun vollkommen abge schlossen. Ein beleidigtes Telegramm
619 2286 2061 2390 bedauerte meine Hartnäckigkeit, mit der ich bewiesen
619 2367 2145 2508 habe, dass es mir nur auf die Aufführung dieses nur bei
640 2469 2044 2622 R. spielbaren Stückes, nicht aber auf eine dauernde
4345 688 4610 781 27.12.09.
3208 754 4707 853 künstlerische Verbindung mit dem Deutschen Theater an¬
3202 855 4753 946 käme. Ich habe in einem persönlichen Brief an Reinhardt,
3202 959 4658 1069 sozusagen zum ewigen Gedächtnis, die ganze Geschichte
3212 1036 4705 1149 unseres (Reinhardts und meines) künstlerisch-geschäft-
3202 1158 4206 1267 lichen Verhältnisses rekapituliert.
3469 1240 4318 1357 Seien Sie herzlichst gegrüsst
3989 1404 4144 1503 A.S.
