8014 3577
3066 232 3256 434 in the
2070 318 2300 462 V. A. P.
926 332 1144 458 1:1
3178 684 3460 822 23.12.10.
2132 764 3644 912 In München hatt ich übrigens auch als Vorleser (Schen-
2142 876 3602 1028 kenszene Medardus, Gustl, Weihnach tseinkäufe) viel Er-
2142 964 3626 1128 folg. Ich war dann 2 Tage in Partenkirchen, bei meiner
2144 1100 3602 1204 Schwägerin, der es etwas besser geht. Nun bleiben wir
2148 1204 3632 1328 in Wien, ich versuche allmählig wieder ins Arbeiten zu
2150 1312 3656 1410 kommen. - und ich kann natürlich nicht versprechen, dass
2150 1416 3572 1528 nicht am Ende zu Beginn nächster Saison doch wieder
2150 1528 3638 1600 was neues fertig ist. Aber es bleibt nichts übrig, als
2150 1604 3644 1714 diese innere Thätigkeit als eine Sache für sich zu be-
2150 1734 3590 1822 trachten, ganz ohne Rücksicht auf äussere Theatermög¬
2144 1822 3632 1928 lichkeiten, auf Aufführungschancen, Erfolge, Durchfälle,
2162 1934 2510 2018 Termine etc.
2144 2040 3646 2120 Nach Berlin dürften wir im Feber, auch wenn es mit dem
2150 2126 3568 2216 W.L. für heuer nichts werden sollte, auf alle Fälle
2150 2236 3632 2326 kommen; meine Frau gedenkt dort ein Conzert zu geben,
2160 2328 3610 2446 wie Ihnen wohl schon bekannt ist. Wie sind Ihre wei-
2156 2454 3652 2562 tern Pläne? Kommen Sie im Januar nicht nach Wien, oder
2150 2534 3656 2646 auf den Semmering, den Kleist abschliessen? Ihr Tegler-
6518 290 6736 432 :t:e:u:u 4:1:
6276 298 6428 414 11
5128 268 5372 432 G.C.P.
6956 280 7208 418 II. 1.
7226 700 7504 774 23.12.10.
6138 708 7628 846 brief klingt so wohlgestimmt und arbeitsfroh, dass man
6140 838 7658 940 nach Ihrem Befl nden kaum fragen muss. Auch bei uns ist
6146 932 7644 1032 alles wohl und mittelgross und klein sendet Ihnen, lie¬
6140 1036 7406 1160 ber Freund, herzliche Feier-und Alltagsgrüsse.
6514 1130 7030 1246 Getreu der Ihrige
