5125 3825
1519 803 1773 894 29.6.09.
438 873 1942 957 und das Singspiel einiges Interesse beanspruchen möch-
448 963 1952 1085 ten.- Immerhin hab ich vor allem einmal die Exposition
442 1056 1912 1169 einigermassen verbessert (Striche, Umste lungen), corri-
448 1190 1952 1296 giere noch da und dort, lasse die Sache abschreiben und
450 1285 1670 1399 sende sie bald gelegentlich an Sie ab.-
444 1393 1931 1491 Den Rf werde ich also am Schillertheater spielen las-
444 1527 629 1599 sen.-
454 1580 1956 1708 Nun zur Comtesse. Bin natürlich a priori sehr angenehm
461 1697 1872 1805 berührt, mit Bahr zusammen aufzutauchen, aber möchten
450 1801 1901 1916 Sie mich nicht doch das "Concert" lesen lassen? Auch
456 1899 1942 1996 nehme ich gern an, dass Sie an Tant.-Garantie das Klei-
461 2015 1922 2106 ne Theater nicht hinter sich lassen wollen. Perzente,
461 2103 1866 2194 wenn Bahr 7 hat, natürlich mir 3, andernfalls die Er-
461 2194 1939 2326 gänzung auf 10. Aber selbstverständlich fände ich 7-3
456 2329 905 2427 am richtigsten.
454 2408 1914 2512 Und nun, nach all dem geschäftlichen, wie gehts Ihnen,
473 2505 2003 2610 Ihrer Gesundheit, was haben Sie für weitere Sommerplän8?
467 2613 1927 2722 Wir bleiben wohl bis Ende August in Edlach; ich nicht
4137 785 4388 883 29.6.09.
3050 833 4516 936 ohne kleinere Berg-und Thalfahrten - am Ende schlies-
3037 959 4525 1071 sen Sie Ihren Sommer doch mit etwas Semmering ab? Heu¬
3054 1056 4506 1134 te Abend sehn wir uns, nach Jahren, Kainz wieder einmal
3050 1169 4556 1266 als Amadeus an. Mir ist, als wäre sein geändertes Spiel-
3037 1287 4543 1388 verhältnis zum Burgtheater nicht ohne Zusammenhang mit
3037 1386 4459 1494 den günstigen Chancen des Medardus an gleichem Ort.
3037 1474 3816 1605 So ist alles Constellation.
3473 1557 4558 1683 Mit den schönsten Grüssen von uns Allen
