7880 3704
2944 684 3254 858 6.10.1910.
1778 684 2236 878 Brahm
2324 948 2744 1018 Lieber Freund.
2168 1062 3354 1174 Trotzdem Sie mich vor einem schnellen Ent¬
1924 1142 3372 1284 schluss vernen, sage ich es doch und erkläre mich be¬
1942 1214 3372 1360 reit Ihnen “Das nette Land“ zur Aufführung in dieser
1942 1302 3378 1438 Saison und zwar in der Zeit vom 1. Januar-15.Februar
1960 1408 3390 1524 1911 zu überlassen. Liegt es wirklich nur an dem Ur¬
1954 1496 3368 1640 laub von der Triesch, dass das Säück im Jänner nicht
1940 1584 3420 1704 mehr drankommen könnte, so möchte ich Ihnen zu bednken
1954 1682 3352 1792 geben, ob nicht die Lossen für die Genia ebenso gut.
1952 1730 3504 1896 Ja möglicherpeise besser oder viel bessers päre. In diesem
1958 1838 3378 1956 Falle wäre dann die Herterich als Erna vor aller, in
1952 1934 3356 2054 Betracht zu ziehen. Dass ich Ihnen das Stück nicht
1976 2008 3408 2146 für den November überlassen habe, kann ich noch immer
1978 2094 3354 2228 nicht bedäern. Vor allem käme jetzt eine Colision
1960 2210 3420 2342 mit dem Medardus heraus und nebstbet gefüllt mir die
1972 2296 3386 2416 Idee gar nicht so übel oder vielmehr Ihre Hoffnung.
1972 2406 3376 2510 dass Sie im November oder Anfangs December für den
1970 2462 3372 2624 Anatol Platz finden könnten. Für heute nur dies und
1984 2540 3046 2712 viele herzliche Grüsse von uns Allen.
226 2706 1516 2914 nomente, wie die oben angedeuteten, eventuell
6912 672 7386 794 Wien, 9.11.1910.
6032 792 6482 908 Lieber Freund.
6046 878 7540 998 Die Premiere des Medardus wird voraussichtlich am 24.,
6046 974 7464 1108 vielleicht am 26.November stattfinden, und wenn Sie
6046 1098 7494 1222 Ihre Absicht wahr machen und hieher kommen wollen, so
6034 1186 7476 1328 wäre mir das Ehre und Freude zugleich. Geprobt wird
6046 1298 7496 1436 schon seit 14 Tagen, fleissig und wie mir scheint mit
6034 1406 7498 1506 Lust, meist von 10 bis gegen 3,und ich glaube es wird
6046 1510 7482 1614 zum grössern Theil eine schöne Vorstellung werden.-
6058 1600 7468 1740 - Berger möchte auch das W.L. noch in dieser Saison
6034 1696 7516 1830 geben - da der „Kainz-Nachfolger“ sich weit und breit
6052 1788 7474 1910 am Herzont nicht zeigen will, mit Korff, der neulich
6046 1936 7536 2056 als Sekretär in der natürl. Tochter 3.Akt und jetzt als
6052 2046 7510 2134 Waxhuber wieder zeigt, dass sehr viel aus ihm he-
6854 2108 7064 2176 Marberg,
6040 2132 7462 2236 rauszubringen ist. Die Genia: xxxxxx(- welche aber
6052 2228 7474 2378 erst im Laufe des März vom Volkstheater freigegeben
6052 2340 7534 2472 werden soll. Nun hoffen wir aber doch sie schon früher
6040 2448 7540 2580 herüberzukriegen, und in diesem Falle könnte noch immer
6034 2572 7458 2700 an eine gleichzeitige Erstaufführung in Berlin und
4252 2694 5570 2936 nomenk, wie die oben angezummen, wennete
