<?xml version="1.0" encoding="UTF-8" standalone="yes"?>
<PcGts xmlns="http://schema.primaresearch.org/PAGE/gts/pagecontent/2013-07-15" xmlns:xsi="http://www.w3.org/2001/XMLSchema-instance" xsi:schemaLocation="http://schema.primaresearch.org/PAGE/gts/pagecontent/2013-07-15 http://schema.primaresearch.org/PAGE/gts/pagecontent/2013-07-15/pagecontent.xsd">
    <Metadata>
        <Creator>prov=READ-COOP:name=TrHtr:version=2.1.0:model_id=51170:date=25_07_2023_18:01</Creator>
        <Created>2023-05-02T07:44:31.123+02:00</Created>
        <LastChange>2023-07-25T18:01:11.339+02:00</LastChange>
        <TranskribusMetadata docId="1416707" pageId="54950262" pageNr="43" tsid="130768733" status="IN_PROGRESS" userId="64420" imgUrl="https://files.transkribus.eu/Get?id=LRULGZCDIXARLJTZPCSEMMIH&amp;fileType=view" xmlUrl="https://files.transkribus.eu/Get?id=ACCSYPEWICCMHZYMQHKAYOUY" imageId="44453988"/>
    </Metadata>
    <Page imageFilename="1416707_0043.jpg" imageWidth="2568" imageHeight="3623">
        <ReadingOrder>
            <OrderedGroup id="ro_1711829165310" caption="Regions reading order">
                <RegionRefIndexed index="0" regionRef="tr_1"/>
            </OrderedGroup>
        </ReadingOrder>
        <TextRegion id="tr_1" custom="readingOrder {index:0;}">
            <Coords points="581,916 2011,916 2011,2406 581,2406"/>
            <TextLine id="tr_1_tl_1" custom="readingOrder {index:0;}">
                <Coords points="1813,993 1834,993 1835,996 1842,993 1851,998 1867,986 1874,991 1891,988 1895,921 1853,925 1839,911 1830,914 1816,911"/>
                <Baseline points="1823,969 1853,969 1898,966"/>
                <TextEquiv>
                    <Unicode>2</Unicode>
                </TextEquiv>
            </TextLine>
            <TextLine id="tr_1_tl_2" custom="readingOrder {index:1;}">
                <Coords points="571,1081 643,1077 708,1102 778,1075 821,1102 912,1079 940,1095 995,1067 1037,1100 1103,1079 1152,1098 1154,984 1070,1012 1012,984 944,1012 856,988 795,1021 711,998 571,1026"/>
                <Baseline points="581,1068 620,1065 665,1065 710,1065 755,1062 799,1062 844,1065 889,1065 934,1065 978,1062 1023,1062 1068,1059 1113,1062 1157,1059"/>
                <TextEquiv>
                    <Unicode>schleudern zu können.</Unicode>
                </TextEquiv>
            </TextLine>
            <TextLine id="tr_1_tl_3" custom="readingOrder {index:2;}">
                <Coords points="727,1184 1685,1145 1858,1172 1942,1161 1944,1082 729,1102"/>
                <Baseline points="737,1157 740,1154 784,1154 829,1154 874,1154 919,1151 963,1151 1008,1151 1053,1151 1098,1148 1143,1148 1187,1148 1232,1148 1277,1145 1322,1145 1366,1143 1411,1143 1456,1143 1501,1143 1545,1143 1590,1143 1635,1143 1680,1143 1724,1140 1769,1140 1814,1140 1859,1140 1904,1140 1948,1143"/>
                <TextEquiv>
                    <Unicode>Dass ich im Laufe der nächsten Zeit Einaktor</Unicode>
                </TextEquiv>
            </TextLine>
            <TextLine id="tr_1_tl_4" custom="readingOrder {index:3;}">
                <Coords points="601,1271 1697,1236 1979,1275 1981,1152 1581,1201 1242,1205 1170,1166 602,1207"/>
                <Baseline points="611,1247 641,1244 686,1244 731,1244 775,1244 820,1244 865,1244 910,1241 954,1241 999,1238 1044,1238 1089,1238 1134,1235 1178,1235 1223,1235 1268,1232 1313,1235 1357,1232 1402,1232 1447,1232 1492,1229 1536,1232 1581,1229 1626,1229 1671,1229 1716,1229 1760,1229 1805,1229 1850,1229 1895,1229 1939,1229 1984,1232"/>
                <TextEquiv>
                    <Unicode>schreiben könnte will ich nicht in Abrede stellen.</Unicode>
                </TextEquiv>
            </TextLine>
            <TextLine id="tr_1_tl_5" custom="readingOrder {index:4;}">
                <Coords points="604,1362 1149,1343 1320,1375 1616,1333 1851,1376 1886,1264 604,1298"/>
                <Baseline points="614,1334 635,1334 680,1334 725,1334 769,1334 814,1334 859,1334 904,1331 949,1331 993,1331 1038,1331 1083,1331 1128,1328 1172,1328 1217,1325 1262,1325 1307,1325 1351,1325 1396,1325 1441,1322 1486,1322 1530,1322 1575,1319 1620,1319 1665,1319 1710,1319 1754,1319 1799,1316 1844,1319 1889,1322"/>
                <TextEquiv>
                    <Unicode>aber sie dann zur Komtosse Miezi dazuzuspamen.</Unicode>
                </TextEquiv>
            </TextLine>
            <TextLine id="tr_1_tl_6" custom="readingOrder {index:5;}">
                <Coords points="599,1480 1334,1466 1499,1429 1755,1452 1834,1441 1835,1352 599,1385"/>
                <Baseline points="608,1423 629,1423 674,1423 719,1423 763,1423 808,1420 853,1420 898,1420 943,1420 987,1420 1032,1420 1077,1420 1122,1420 1166,1417 1211,1417 1256,1417 1301,1414 1345,1414 1390,1414 1435,1414 1480,1414 1525,1411 1569,1411 1614,1408 1659,1408 1704,1408 1748,1408 1793,1408 1838,1405"/>
                <TextEquiv>
                    <Unicode>hielte ich nicht für dortun. es wäre so eine</Unicode>
                </TextEquiv>
            </TextLine>
            <TextLine id="tr_1_tl_7" custom="readingOrder {index:6;}">
                <Coords points="594,1532 1487,1532 1601,1497 1881,1527 1881,1454 1818,1445 595,1475"/>
                <Baseline points="605,1516 632,1516 677,1516 722,1513 766,1513 811,1513 856,1513 901,1510 946,1510 990,1510 1035,1510 1080,1507 1125,1507 1169,1507 1214,1507 1259,1507 1304,1504 1348,1504 1393,1504 1438,1501 1483,1501 1527,1498 1572,1498 1617,1498 1662,1498 1707,1498 1751,1498 1796,1498 1841,1495 1886,1498"/>
                <TextEquiv>
                    <Unicode>nachträgliche Sache. Ein guter kurzer Dreikter</Unicode>
                </TextEquiv>
            </TextLine>
            <TextLine id="tr_1_tl_8" custom="readingOrder {index:7;}">
                <Coords points="599,1622 1870,1616 1937,1601 1937,1546 599,1562"/>
                <Baseline points="608,1605 641,1605 686,1602 731,1602 775,1602 820,1602 865,1602 910,1599 954,1599 999,1599 1044,1596 1089,1596 1134,1596 1178,1596 1223,1596 1268,1596 1313,1596 1357,1593 1402,1593 1447,1593 1492,1593 1536,1593 1581,1593 1626,1590 1671,1590 1716,1590 1760,1590 1805,1590 1850,1590 1895,1587 1939,1590"/>
                <TextEquiv>
                    <Unicode>wäre schon die beste Begleitung für die Komtesse.</Unicode>
                </TextEquiv>
            </TextLine>
            <TextLine id="tr_1_tl_9" custom="readingOrder {index:8;}">
                <Coords points="604,1693 1820,1699 1916,1678 1916,1613 734,1606 604,1650"/>
                <Baseline points="614,1680 623,1680 668,1680 713,1680 758,1680 802,1683 847,1680 892,1680 937,1680 981,1680 1026,1677 1071,1677 1116,1677 1160,1677 1205,1677 1250,1674 1295,1674 1339,1671 1384,1671 1429,1671 1474,1671 1519,1671 1563,1668 1608,1668 1653,1668 1698,1668 1742,1668 1787,1668 1832,1665 1877,1665 1921,1665"/>
                <TextEquiv>
                    <Unicode>Im übrigen sehen Sie sich doch einmal wieder den</Unicode>
                </TextEquiv>
            </TextLine>
            <TextLine id="tr_1_tl_10" custom="readingOrder {index:9;}">
                <Coords points="613,1795 1832,1792 1862,1709 615,1718"/>
                <Baseline points="623,1766 656,1772 701,1772 746,1772 790,1775 835,1772 880,1772 925,1772 969,1772 1014,1772 1059,1772 1104,1772 1148,1769 1193,1772 1238,1772 1283,1769 1328,1769 1372,1766 1417,1766 1462,1763 1507,1763 1551,1763 1596,1763 1641,1763 1686,1763 1730,1763 1775,1760 1820,1760 1865,1757"/>
                <TextEquiv>
                    <Unicode>“Grossen Wurstl“ an.Es gibt Zeichen und Wunder</Unicode>
                </TextEquiv>
            </TextLine>
            <TextLine id="tr_1_tl_11" custom="readingOrder {index:10;}">
                <Coords points="604,1886 771,1900 1133,1870 1245,1893 1299,1872 1301,1813 1240,1797 1130,1832 1003,1800 881,1825 604,1827"/>
                <Baseline points="614,1868 632,1868 677,1868 722,1868 766,1868 811,1865 856,1865 901,1865 946,1865 990,1862 1035,1862 1080,1862 1125,1862 1169,1859 1214,1859 1259,1859 1304,1859"/>
                <TextEquiv>
                    <Unicode>(und Wunder und Plunder)!</Unicode>
                </TextEquiv>
            </TextLine>
            <TextLine id="tr_1_tl_12" custom="readingOrder {index:11;}">
                <Coords points="734,1996 1317,1993 1464,1951 1622,1984 1681,1949 1944,1967 1946,1881 1440,1916 736,1897"/>
                <Baseline points="743,1954 784,1954 829,1951 874,1951 919,1951 963,1951 1008,1951 1053,1951 1098,1948 1143,1948 1187,1951 1232,1948 1277,1951 1322,1948 1366,1948 1411,1948 1456,1945 1501,1945 1545,1945 1590,1945 1635,1942 1680,1942 1724,1939 1769,1942 1814,1942 1859,1942 1904,1942 1948,1948"/>
                <TextEquiv>
                    <Unicode>Mit Pötzleinsdorf ist es natürlich vorläufig</Unicode>
                </TextEquiv>
            </TextLine>
            <TextLine id="tr_1_tl_13" custom="readingOrder {index:12;}">
                <Coords points="599,2093 1963,2077 1991,1991 599,2000"/>
                <Baseline points="608,2044 653,2044 698,2044 743,2041 787,2041 832,2041 877,2038 922,2041 966,2041 1011,2041 1056,2041 1101,2038 1145,2041 1190,2038 1235,2038 1280,2035 1325,2035 1369,2035 1414,2035 1459,2035 1504,2035 1548,2035 1593,2032 1638,2032 1683,2029 1727,2029 1772,2029 1817,2026 1862,2026 1906,2029 1951,2029 1996,2026"/>
                <TextEquiv>
                    <Unicode>nichts und wird wohl auch nachläufig nichts werden.</Unicode>
                </TextEquiv>
            </TextLine>
            <TextLine id="tr_1_tl_14" custom="readingOrder {index:13;}">
                <Coords points="601,2152 1744,2124 1814,2172 2009,2159 2009,2096 1919,2072 602,2079"/>
                <Baseline points="611,2133 623,2130 668,2130 713,2130 758,2127 802,2127 847,2127 892,2127 937,2124 981,2124 1026,2124 1071,2124 1116,2124 1160,2127 1205,2124 1250,2124 1295,2121 1339,2121 1384,2121 1429,2121 1474,2121 1519,2118 1563,2121 1608,2118 1653,2118 1698,2115 1742,2115 1787,2115 1832,2115 1877,2115 1921,2115 1966,2112 2011,2115"/>
                <TextEquiv>
                    <Unicode>Können Sie mir schon etwas Näheres über den Anatol-</Unicode>
                </TextEquiv>
            </TextLine>
            <TextLine id="tr_1_tl_15" custom="readingOrder {index:14;}">
                <Coords points="611,2250 1916,2217 1954,2163 613,2177"/>
                <Baseline points="620,2220 659,2220 704,2217 749,2217 793,2217 838,2217 883,2217 928,2214 972,2214 1017,2214 1062,2214 1107,2214 1151,2211 1196,2211 1241,2211 1286,2211 1331,2208 1375,2208 1420,2208 1465,2208 1510,2208 1554,2208 1599,2205 1644,2205 1689,2202 1733,2202 1778,2202 1823,2199 1868,2199 1912,2199 1957,2202"/>
                <TextEquiv>
                    <Unicode>Termin sa en? Natürlich unverbindlich. Wird schon</Unicode>
                </TextEquiv>
            </TextLine>
            <TextLine id="tr_1_tl_16" custom="readingOrder {index:15;}">
                <Coords points="606,2338 1977,2310 1977,2264 1821,2212 1681,2256 1182,2217 608,2252"/>
                <Baseline points="617,2309 638,2306 683,2306 728,2306 772,2306 817,2303 862,2303 907,2303 952,2300 996,2300 1041,2300 1086,2300 1131,2297 1175,2297 1220,2297 1265,2297 1310,2297 1354,2294 1399,2294 1444,2297 1489,2294 1533,2294 1578,2291 1623,2291 1668,2291 1713,2291 1757,2291 1802,2291 1847,2291 1892,2288 1936,2288 1981,2288"/>
                <TextEquiv>
                    <Unicode>fleissig an den Schneeflocken für die Wethnachts¬</Unicode>
                </TextEquiv>
            </TextLine>
            <TextLine id="tr_1_tl_17" custom="readingOrder {index:16;}">
                <Coords points="604,2413 828,2401 961,2427 1012,2397 1038,2417 1168,2396 1170,2348 1128,2331 1053,2348 949,2319 869,2352 820,2333 755,2357 693,2336 632,2364 606,2355"/>
                <Baseline points="614,2396 635,2396 680,2393 725,2393 769,2393 814,2393 859,2393 904,2393 949,2390 993,2390 1038,2390 1083,2390 1128,2387 1172,2384"/>
                <TextEquiv>
                    <Unicode>einkäufe gearbeitet?</Unicode>
                </TextEquiv>
            </TextLine>
        </TextRegion>
    </Page>
</PcGts>
