7964 3577
122 294 290 482 1e
2708 620 2874 772 100
4098 646 4326 792 .4.
3118 692 3602 782 Wien, 23.2.1911.
2124 774 3530 876 Lieber Freund, Bahr hat mir das Tänzchen geschickt.
4144 782 4308 900 .
2124 872 3598 984 finde es zum Theil ganz charmant, und Ihre neulich an-
2126 996 3548 1106 gedeutete Idee, das Stück (das Sie wohl zu den herr-
2132 1108 3548 1188 lichsten Strichen Ihres Lebens begeistern wird) mit
2132 1182 3476 1278 der Mizzi an einem (und vielen drauf folgenden)
2114 1284 3596 1398 Abenden zu geben, ist mir sympathisch. In der Stimmung
2112 1384 3592 1528 passen die Sachen wohl zusammen, ein sanfter Hauch von
2112 1512 3524 1592 Anarchie wird das Haus durchziehn. - Wir sind noch
2114 1608 3554 1702 in Wien, Olga soll erst in ein paar Tagen aufstehn, es
2108 1706 3598 1832 geht ihr viel besser. Ich freue mich an Ihrem schönen
2106 1800 2344 1910 Kleist.
2294 1918 2598 2010 Vom Herzen
2698 2028 2850 2138 A.S.
150 3032 362 3184 G.C.F.P
6086 314 6254 456 P.S.
6526 600 6682 722 101
6820 684 7620 776 Kurhaus Semmering, 4.10.1911.
6032 820 7510 918 Lieber Freund, ja denken Sie, da sind wir nun gelandet.
6038 898 7522 976 Meine Frau ist seit 8 Tagen hier, ich seit Sonntag, und
6044 998 7502 1124 bleibe wohl bis zum nächsten, und Olga kommt, wenn es so
6038 1112 7448 1182 gut weitergeht wie bisher, zur Generalprobe des W.L.
6044 1204 7532 1300 hinein. Die ersten Tage befand sie sich hier gar nicht
6056 1316 7460 1380 wohl, seit zwei Tagen aber hat eine rapide Besserung
6050 1424 7424 1492 eingesetzt. Das Wetter ist schön, etwas winterlich,
6044 1520 7538 1594 Die Anstalt wäre so übel nicht, nur der Portier ist von
6042 1618 7422 1736 seltener Talentlosigkeit. O heiliger Rosenwötler!
6044 1724 7394 1836 Thimig war am Sonntag hier, um ihn zu besichtigen.
6032 1828 7480 1906 Im Falle R. war der liebe Gott entschieden tüchtiger
6032 1924 7514 2020 als der Autor des W.L. Hingegen ist diesem der Hofrei-
6044 2050 7532 2108 ter besser gelungen als jenem (was Sie bestätigen wür-
6032 2138 7450 2218 den, wenn Sie das Urbild kennten).- Es betrübt mich,
6032 2234 7520 2360 dass Sauer wieder so krank ist, nicht nur um des Aigner
6038 2344 7472 2432 willen. Von der Triesch schreiben Sie kein Wort. Hm.
6032 2442 7450 2572 Nun wir werden ja sehen. Wann? Meine vorläufige Ab-
6032 2568 7460 2684 sicht: Ende Oktober Wien verlassen, 31.10. Vorlesung
