7931 3577
416 818 1836 994 Gründen Wien diesmal nicht später als Berlin kommen.
418 948 1816 1076 sollte, darüber sind wir wohl alle einig. Sie, Berger
424 1060 1834 1166 und ich. Halten Sie, lieber Freund, eine Verschiebung
418 1114 1750 1226 des W.L. auf Beginn nächs ter Satson, wäre es auch
378 1224 1768 1334 ausschliesslich mit Rücksicht auf Ihr Theater, für
408 1310 1860 1432 nicht angezeigt, so ist die Sache abgetan und ich will
412 1400 1816 1494 hier nur das Möglichste tun, dass das Stück am Burg¬
406 1472 1840 1602 theater zu leich mit der Freitere bei Ihnen heraus¬
408 1584 1854 1706 kommt: Zugleich! Hier stoche ich schon. Es wäre utol-
412 1650 1818 1786 leicht doch vorteilhaft, wenn ich der Erstaufführung
402 1750 1804 1876 so wohl hier als in Berlin beivohnen könnte, etwa mit
402 1826 1786 1946 einem Zwischenraum von 3-3 Tagen. Und wo dann die
400 1912 1780 2020 Uraufführung? Ueber all dies möchte ich sehr bald
394 1994 1768 2112 Ihre Meinung erfahren und möchte vorher mit Berger
394 2108 1804 2224 gar nichts darüber sprechen.horff wird hier den Hof¬
384 2180 1822 2302 reiter spielen, die Marberg Gente. Ihr Eintritt in die
396 2290 1804 2382 Burg wird wahrsche inlich schon im Feber erfolgen, am
376 2354 1852 2494 Ende gar im Jänner. Und nun, da wir eben von der Genta
382 2456 1876 2568 reden. Wohin ich auch höre, jeder ist überzeugt, dass die
372 2554 1902 2668 Lossen für diese Rolle der Triesch bezeiten vorzustehen
384 2640 1822 2766 wäre und ich war, wie Sie wissen, von jeher dieser An¬
2258 734 3698 902 sicht.Die Treisch wäre gewiss sehr gut, hein Zustfol.
2258 876 3786 974 Aber der Sindenfall der Genta würde durch seine Selbet-
2258 960 3616 1082 versändlichkeit seinen tiefern Sinn und viel von
2258 1036 3766 1180 seiner äusseren Wirkung verlieren. Die Lossen wäre die
2270 1114 3728 1236 Gestalt, würde das ganze Stück gewtssermassen erhören,
2276 1200 3770 1318 indem die Atmosphäre gereinigt schiene. Ja, ob man nicht
2252 1298 3770 1422 eher die Triesch für die Erna in Betracht ziehen könn¬
2276 1380 3686 1488 te. Jedenfalls bitte ich Sie dringend, lieber Freund,
2270 1466 3752 1606 überlegen Sie die ungelegenheit noch einmal reiflich.
2252 1556 3734 1702 Für mich erhöht sich mit der Lossen als Genta die
2270 1680 3728 1790 Jahrscheinlichkeit des Erfolgs um ein Beträchtliches.
2426 1722 3740 1878 Wenn Herr Lessing seine Striche schon gedichtet
2264 1818 3734 1952 hat, so wäre ich für freundliche Mittelung sehr dank¬
2258 1916 3680 2038 ber. Bei Aigner-Sauer bleibt es doch? Die Besetzung
2264 2014 3656 2130 der kleineron hollen haben Sie übrigens noch nicht
2256 2090 2736 2236 bekannt gegeben.
2348 2198 3626 2310 Nun wünsche ich uns noch gutes Anatolisches
2246 2302 3636 2426 Gelingen und xxx mit den herzldchs ten Grüssen von
2250 2386 2762 2506 uns Allen Ihr
7016 678 7496 780 Wien, 8.12.1910.
6228 742 6684 858 Lieber Freund,
6224 874 7634 974 eben, d.h. in einer halben Stunde fahre ich auf die
6228 956 7710 1064 Bahn, nach München, lese dort morgen Abend, besuche dann
6222 1054 7748 1194 in Partenkirchen meine Schwägerin,-Berlin lass ich aber
6212 1162 7682 1286 diesmal sein, weil ich mich sowohl nach Ruhe als nach
6216 1278 7720 1396 Arbeit sehne - und ja die Hoffnung habe, im Feber nicht
6210 1378 7682 1506 nur Sie, sondern auch noch den Anatol in Berlin zu se-
6218 1490 7670 1598 hen. Wie Monnard eigentlich gewirkt hat, geht mir aus
6212 1592 7728 1684 den divergenten Kritiken nicht recht hervor, die Schwär-
6218 1676 7650 1798 merei Kerrs und Jacobsohns (die sonst so verschieden
6198 1778 7640 1908 denken) für die Lossen hat mich noch neugieriger ge-
6206 1902 7646 2014 macht, wie sie sich hinsichtlich der Lossen entschie¬
6204 1976 7590 2094 den haben. - Der Termin für die Aufführung des W.L.
6192 2090 7646 2212 im Burgtheater ist von der Marberg abhängig; wenn es
6188 2192 7698 2330 möglich ist, sie dem Weisse schon im Feber abzuknipsen,
6188 2320 7674 2430 so wird Berger das W.L. jedenfalls mit Ihnen zugleich
6174 2396 7626 2540 oder eventuell 2 Tage früher geben, damit ich beiden
6164 2508 7658 2640 Première beiwohnen kann. Der Medardus geht hier wei-
