2568 3623
372 637 1061 819 Reichardt
526 784 1028 919 Gegenwärtigen
1445 758 1778 878 22.12.1909.
445 837 954 980 Bahn
811 908 984 1000 G.C.H.F.P.
871 967 1304 1097 Lieber Freund!
784 1089 1897 1197 Vor allem nur diese Frage. Sie erwähnter
571 1182 1899 1287 in Ihrem letzten Brief Schlenther habe Ihnen zu¬
1237 1243 1436 1302 G.C.F.P
571 1258 1877 1389 letzt gesagt,er werde mir,wenn Zensur und Dreh¬
1408 1328 1617 1397 G.C.H.P.
569 1371 1982 1465 bühne stimmen, die Annahme des Medardus ausser durch
1097 1426 1260 1484 G.C.F.P
1434 1421 1612 1478 G.C.F.P.
572 1439 1997 1543 den Kontrakt noch in Briefjorm mit einer Terminanga-
584 1530 1903 1638 be anzeigen und an die müsse sich auch der even¬
589 1621 1526 1712 tuelle Nachfolger gebunden halten.
735 1689 1932 1806 Nach den letzten Briefen Schlenthers stimmt
580 1795 1877 1912 die Drehbihne, nach einem gestrigen Gespräch von
580 1899 1858 1990 mir mit Jettel stimmt auch die Zensur. Ich habe
585 1975 1930 2069 nun Schlenther in einem kurzen Schreiben um deft¬
585 2066 1964 2164 nitive günstige Erledigung ersucht.Wenn die Annah¬
585 2147 1884 2251 me kommt will ich selbstverständlich auch einen
595 2217 1966 2356 bestimmten Termin verlangen. Ich möchte nun wissen,
587 2330 1864 2449 ob für den Fall, dass Schlenther sich daraufhin
591 2419 1908 2516 weigert, ich seine Äausserung Ihnen gegenüber ins
598 2516 1875 2616 Treffen führen darf oder ob sie vertraulich zu
598 2608 1934 2688 behandeln ist.Mir wäre es natürlich sehr wertvoll
567 2625 2058 2801 im Ernstfall dem gene Zusichtung im Engelsantlitz
