5125 3825
1555 773 1794 862 13.6.09.
430 803 1918 944 men... etc?- Andere Einakter von mir sind wohl kaum in
441 942 1885 1054 Betracht zu ziehen; auch schon alle gespielt (ausser
449 1049 1920 1157 dem famosen Wurstl.) - Ferner: September wäre mir aus
462 1155 1913 1270 familiären Gründen, wie Sie sich denken können, ein un-
456 1261 1903 1375 erwünschter Termin - wenigstens wenn der ganze Abend
454 1384 1598 1483 von mir a lein bestritten werden sollte.-
460 1453 1900 1591 Heute oder morgen langt die dramatische Historie vom
460 1574 1862 1717 jungen Medardus bei Ihnen an, die ich zu secretiren
471 1667 1939 1781 und mit Geduld zu lesen bitte. Hoffentlich werden Sie
467 1779 1939 1881 die darauf verwandten Stunden nicht für ganz verloren
481 1876 1915 1976 erachten. Morgen fahren wir nach St. Gilgen (Gasthof
479 1991 1922 2123 Lueg) woselbst ich mich mit den andern Ihnen bekann¬
492 2084 1930 2190 ten Tragikomödie so weit beschäftigen werde, dass sie
497 2177 1885 2308 Ende Juni zur Abschrift bereit liegt und sich etwa
492 2313 1663 2393 Mitte Juli bei Ihnen präsentieren dürfte.-
492 2365 1892 2509 Reicher als Borkmann hat mich überrascht; er bewegt
514 2488 1982 2608 sich hart an den Grenzen der Grösse und aus jenem ihm
503 2594 1963 2714 am Ende doch verschlossenen Reich weht der geheimnis-
3272 518 3535 626 1. ƒ 9.10
4088 795 4312 870 13.6.09.
3049 849 4498 954 volle Hauch zu seinem etwas stilisierten Haupt herü¬
3049 948 4526 1088 ber. Die anders Bassermann als Rubek. Das Genie - man
3060 1039 4543 1160 zweifelt keinen Augenblick, wenn Bassermann ihn spielt-
3066 1140 4543 1293 während doch im Buch kaum viel mehr als das unaussteh-
3068 1227 4468 1399 liehe, un-menschliche, literarische eines Kerl heraus-
3073 1347 4533 1464 kommt, der wohl auch ein Genie sein mag. Die Triesch -
3079 1468 4572 1585 so gut wie ich sie nie gesehen, dasselbe lässt sich von
3073 1555 4546 1669 der Wüste sagen und bedeutet wohl mehr, da ich ihr so
3071 1665 4537 1781 viel nicht zugetraut hätte. Im ersten Akt fuldelte
3073 1769 4552 1885 sie wohl noch ein wenig.-Am Schluss grosser Jubel, al-
3082 1859 4528 1978 les rief nach Brahm - Bassermann flüsterte in das Ge-
3082 1965 4504 2084 klat sch hinein, dass Sie nicht da seien. Also lassen
3082 2086 4531 2183 Sie mich für mich allein und natürlich auch für Olga
3088 2185 4504 2296 Ihnen herzlichst danken für alles, was Sie uns heuer
3095 2276 4563 2395 im Johann Strauss Theater haben geniessen lassen. Wir
3090 2401 4580 2481 sind Ihnen einige schöne und hohe Stunden schuldig ge¬
3088 2496 4571 2602 worden (wie kann man sie bezahlen?) und es lässt sich
3097 2585 4556 2695 wohl sagen, Ihr Theater ist das einzige heute, von dem
