7880 3704
3096 708 3336 798 9.11.10.
2012 738 3548 892 Wien gedacht werden, was dem Baron, mir, und wie ich glau¬
2026 876 3544 1012 be, auch Ihnen angenehm wäre. Hierüber liesse sich münd-
4156 846 4522 1008 M.M. M.H.
2020 960 3552 1086 lich wie über so vieles andere weiter reden. Bald nach
2026 1058 3476 1190 dem Medardus reise ich von Wien nach München (Vorle-
2038 1170 3546 1310 sung) und Partenkirchen (Schwägerin, der es viel besser
2032 1264 3564 1416 geht); also aus gemeinsamer Semmeringfahrt wird diesmal
2038 1400 3604 1502 leider nichts werden. Aber vielleicht Salzburg? (Fischers
2042 1492 3080 1604 dürften zur Premiere auch hier sein.)
2044 1532 3512 1748 Somit bin ich, mich auf die Fortsetzung Ihrer schönen
1972 1706 3494 1824 Kainzweiße und auf ein baldiges Wiedersehen freuend,
2060 1828 3484 1934 mit herzlichen Grüssen von uns Allen, treu wie immer
2692 1918 2852 2110 A.S.
6698 690 6866 816 93
7086 706 7426 882 17.11.1910.
5986 696 6492 896 Brahm
6340 982 6780 1102 Lieber Freund.
6232 1128 7472 1248 Vielen Dank für Ihre freundliche Mitteilung.
6046 1230 7554 1322 Nun hat sich auch das Deutsche Volkstheater entschlos-
6070 1296 7500 1432 sen den "Anatol" Samstag d. 3.12. zum ersten Mal zu
6070 1410 7452 1518 spielen und es würe wohl für alle Beteiligten von
6088 1500 7578 1580 grösstem Vorteil,wenn das Lossingtheater von der Even¬
6082 1542 7582 1670 tualität des 2.Dezember (mit Hinblick auf die Möglich-
6070 1648 7594 1728 keit eines Goldmann'schen Suppenspucktelegramms) absehen
6088 1724 7522 1828 und am Termin des 3. Dezember festhalten wollte. Hof-
6088 1814 7492 1954 fentlich wird es mir dann noch vor München möglich
6070 1898 7540 2044 sein den Berliner Anatol anzusehen. Sollte dies wider
6068 1998 7552 2128 Erwarten nicht gehen, so will ich nicht von vernhorcin
6094 2112 7558 2170 die Hoffnung aufgeben die fünf Stücklein noch im Fober
6094 2148 7560 2284 vor der Weiten Land-Premiere auf dem Repertoire Ihres
6082 2246 7578 2360 Theaters vorzufinden. Als Reihenfolge möchte ich Ihnen
6082 2344 7576 2446 vorschlagen: Frage, Weihnachtseinhäufe, Abschiedssoupor,
6100 2450 7582 2540 Episode, Hochzeitsmorgen, damit die Leute nicht zu lange
6112 2536 7584 2660 auf das sogenannte Lustige zu warten haben. Auch hier
6104 2626 7584 2734 ählt man diese Reihenfolge. Ihre Medardusabsage möch-
6122 2692 7488 2850 e ich nicht gerne als bindend annehmen. Ihr für
