5125 3825
1796 4 2172 135 D.F.R
1185 788 1597 942 Wien, 29.6.09.
395 930 1861 1054 Lieber Freund, Heini hat seinen Krampfhusten, befindet
406 1031 1897 1153 sich aber dabei so wohl als möglich. Nun steht die Sa-
408 1139 1901 1266 che aber so, dass Olga nicht viel mit ihm zusammen sein
408 1240 1918 1380 soll und dass er vorläufig nicht in ein belebtes Hotel
399 1333 1884 1451 darf - ich fahre also morgen mit Olganach Edlach (bei
408 1456 1885 1576 Payerbach, Edlacher Hof), Heini bleibt bis auf weiteres
408 1546 1823 1652 hier und ich werde etliche Male hin und her reisen.
401 1661 1901 1783 Warum aber fahren wir erst morgen (Nachmittag) - Hier,
406 1735 1906 1870 höchst vertraulich, Mittheilung des Grundes. Ich hatte
408 1874 1853 1969 gestern mit Schlenther eine Besprechung über den Me¬
420 1954 1855 2075 dardus; die erste, er kam eben von Montenuovo, und die
408 2066 1880 2206 immerhin vorhandenen „Bedenken" scheinen so geringfü¬
414 2165 1847 2282 gig.dass eine Aufführung am Burgtheater höchst wahr-
414 2267 1920 2385 scheinlich ist, umso mehr als Schl. das Stück "mit wär¬
408 2364 1817 2495 merer Antheilnahme gelesen als irgend eines meiner
408 2495 1792 2599 Werke" und mir auch allerlei erfreuliches darüber
425 2556 1931 2672 sagte. Sogar die Dekorationsskizzen sind schon gezeich-
408 2687 1872 2774 net und ich habe morgen Vormittag auf der Bühne eine
3454 6 3813 108 T P W I
4196 534 4352 640 G. F.
3963 775 4213 860 29.6.09.
2975 841 4360 982 Conferenz mit Frank und Leffler, wo gewisse Sachen
2987 953 4418 1082 gleich ausprobiert werden sollen. Im ganzen wird es
2989 1052 4435 1194 sich für mich nur um tüchtige Striche und Zusammen¬
2998 1149 4479 1287 ziehung einiger Figuren handeln. In einer gestrigen
2994 1234 4462 1377 Besprechung mit Frank zeigte es sich, dass die Scenen-
3002 1348 4468 1491 wechsel (ausser vor dem Bastein-Akt) nie mehr als 3-5
3025 1460 4491 1570 Minuten dauern müssen.- Es freut mich sehr, dass auch
3002 1540 4492 1673 Sie der Historie ein so herzliches Interesse entgegen-
3019 1667 4491 1796 gebracht haben; gewiss können Sie das Mscrpt. noch be-
3013 1781 4496 1897 halten.- Was nun das andre, in Betracht kommende, Stück
3019 1880 4511 1980 anbelangt, so treten meine Aufführungspläne für so lan-
3019 1960 4483 2098 ge in den Hintergrund (im Spielraum der nächsten Kai-
3023 2077 4479 2222 son) als sich nicht die Aufführungsmöglichkeiten des
3030 2172 4449 2316 Medardus wieder zerschlagen sollten, denn es schiene
3023 2288 4532 2411 mir unpraktisch, mit zwei so umfangreichen Novitäten in
3032 2366 4557 2512 einem Jahr die Götter und die Schweine herauszufordern-
4213 2485 4483 2569 zuerst)
3872 2501 4056 2584 (in I)
3501 2508 3670 2596 die
4211 2544 4508 2613 anschlagt.
3042 2523 3323 2601 umsomehr a
3872 2554 4056 2626 00 Kror
3499 2569 3668 2645 nd auf
3044 2586 3330 2662 *) Die Kos
