2560 3704
2189 439 2327 551 G.H.F.P.
1052 683 1210 799 89 c
1274 800 1852 914 XVIII.Spöftelgasse“.
432 735 778 942 Krahm
1331 898 1752 1010 Wien, 23.6.1910.
893 1024 1289 1191 Lieber Freund.
783 1164 2007 1287 Ueber Ihren Brief habe ich mich wie Sie sich
652 1279 1995 1380 denken können, sehr gefreut. Für heute nur so stel,
647 1360 2021 1485 dassste die Vereinfachung der Dekorattoren a.o 1.
649 1465 1883 1551 und 2. Akt anbelangt sehr leicht durchführen
656 1541 1859 1627 liesse.Ob es aber angezeigt uäre auch den 5.
649 1640 1967 1730 Akt an gleichem Ortspielen zu lassen möchte ich
652 1725 1961 1823 beapet faln, weil mir hier ein geschlossener Raum
647 1799 2028 1919 höchst stimmungsfördernd „wenn nicht gar notwendig
652 1885 1912 1997 erschiene.Mit der Exposition habe ich mich, nie
647 1978 1917 2086 Sie wissen, am meisten geplagt. Hier scheint mir
659 2072 1974 2160 trgend ein Grundfehler zu stecken, der vielleicht
661 2170 1917 2258 im Wesen und in der Entwicklungsgeschichte des
649 2234 1995 2351 Stoffs seine Ursache hat und daher nicht vollkom¬
649 2344 1952 2434 men zu eliminieren war.Einige weitere Kürzungen
652 2425 2002 2523 werden hoffentlich das Missliche des Anfangs auf¬
1277 2501 1916 2604 Ueber Termin etc. reder
644 2516 1255 2625 zuheben imstande sein.
647 2608 1967 2694 wir also bald mündlich mit einander. Ich bin Ende
637 2675 1991 2821 nächster Woche jedesfalls in Wien. Verständigen
