8000 3577
2698 618 3360 778 105 Wien, 22.1.1912.
2180 754 3584 882 Lieber Freund, es geht mir durch den Kopf, ob Sie es
2174 854 3614 974 nicht ermöglichen könnten, am 15. Mai hier war, von mir
2172 976 3662 1080 zu spielen. Wenn gerade das Lessingtheater, mit dem ich
2172 1072 3584 1168 so eng verbunden bin, an diesem Tag sich von der Er¬
2174 1166 3594 1306 füllung des Beschlusses emanzipiert, nach dem „alle“
2174 1284 3584 1400 deutschen Theater am 15.5. ein Stück von mir, wie am
2174 1372 3638 1506 15.12. eins von Hauptmann aufführen sollten, könnte das
2168 1478 3632 1606 für die ganze Durchführung des Unternehmens in ideel¬
2174 1594 3596 1678 lem und in materiellem Sinn von übler Wirkung sein.
2180 1696 3590 1792 Während hingegen einemöglichst frühe Ankündigung in
2174 1798 3656 1912 positiver Art die übrigen Bühnen günstig zu beeinflus-
2168 1898 3608 2016 sen imstande wäre. Sie werden mich fragen! Aber was?
2168 1990 3632 2110 (Oder auch nicht - ich nehme aber an, Sie fragen mich)
2174 2112 3626 2220 und ich antworte: Am leichtesten liesse sich noch im-
2162 2200 3626 2308 mer der Einsame Weg machen, wenn ich auch in den sau¬
2168 2308 3590 2418 ern Monnard (für den Sala) beissen müsste. Hingegen
2174 2398 3626 2520 wäre mir die Lossen für die Johanna viele hundert Mal
2160 2496 3610 2632 lieber als die Triesch. Im übrigen wäre auch an das
7238 636 7476 794 22.1.12.
6140 760 7560 880 Zwischenspiel zu denken, in dem Monnard ja gar nicht
6140 874 7620 994 übel war,- und kann die Triesch nicht mit, so wäre auch
6140 972 7292 1098 hier die Lossen ein vollwertiger Ersatz.-
6140 1060 7514 1182 Nun lieber Freund lassen Sie sich die Sache durch
6138 1172 7608 1284 Ihren Kopf gehn, ich denke Sie werden mir nachempfin-
6146 1274 7586 1400 den, dass ich Ihre Entscheidung für die Gesamtangele-
6140 1374 7232 1496 genheit als sehr wesentlich beurtheile.
6146 1472 7584 1582 Seien Sie herzlichst gegrüsst, und auf baldiges Wie¬
6152 1588 6414 1704 dersehen
