7931 3577
4970 316 5138 442 lui
7164 594 7638 738 Wien, 23.12.1910.
4396 662 4630 778 .Ot. xxx
3440 676 3734 792 8.12.10.
6276 714 7736 868 Lieber Freund, also das weite Land. Sprach neulich im
4342 742 5046 874 Todesendzug ins Mollst alles
2318 720 3766 846 ter wie seit vielen Jahren kein Stück am Burgtheater
6282 826 7772 968 Burgtheater vor. Es hat den Anschein, als wollte Weisse
4934 844 5106 924 G.C.H.F.P.
4390 834 4730 948 sindad og as
2306 834 3710 962 gegangen ist.(An xxx der Kassa kaum was zu haben.
6288 902 7772 1056 die Marberg (Genia) trotz früherer Versprechen keines-
2318 946 3806 1066 Dienstag (6. Vorstellung) haben die Agioteure bei einer
6284 996 7676 1174 wegs vor 31. März hergeben,- vielleicht erst nächste
2300 1070 3748 1162 Parterreloge 30 Kronen Aufgeld verlangt). Reinhardt
6290 1108 7826 1268 Saison. Einen April-Terminamplie ich natürlich nicht,
2306 1162 3810 1310 stellt die Bedingung: ein Stück dazu. (Nicht am selben
6304 1198 7754 1368 so dass wie die Dinge heute stehen, eine Verschiebung
2306 1256 3680 1376 Abend). Binde mich aber aus prinzipiellen Gründen
6294 1316 7766 1476 bis Beginn nächster Saison wahrscheinlichst. Die Grün-
2306 1356 3786 1484 nicht.- Sie sind mir gewiss nicht böse, dass ich jetzt
6294 1450 7734 1576 de, die eine gleichzeitige Aufführung an der Burg und
2306 1446 3812 1610 nicht nach Berlin komme - und könnten es mir beweisen,
6294 1526 7676 1656 im Tessingtheater wünschenswert erscheinen lassen,
2306 1558 3764 1706 indem Sie im Jänner den Semmering bestiegen.- Wollen
6294 1618 7742 1790 sind dieselben geblieben, und es ist eben nur die Fra-
2306 1680 3764 1772 Sie nicht auch die Güte haben Herrn lessing und allen
6288 1718 7730 1892 ge, wie Siesich zu der Angelegenheit stellen - ob Sie
2312 1764 3764 1866 Mitwirkenden meinen herzlichen Dank und meine besten
6302 1840 7712 2000 geneigt sind, auch bis nächstes Jahr zu warten. Etwa
2306 1882 3764 1980 Grüsse zu vermelden?- Mein Telegramm ist hoffentlich
6294 1940 7676 2092 20. Okt. wäre, wie Rosenbaum, die rechte Hand und der
2306 1964 3764 2072 richtig angekommen. Hier gefielen Weihnachtseinkäufe
6302 2024 7734 2198 aufrichtige Mund Bergers, behauptet, der vom Burgtheater
2318 2070 3646 2192 am besten - die Vorstellung war im ganzen famos.
6302 2144 7782 2294 in Aussicht zu nehmende Termin. Zu den bekannten Grün-
2312 2172 3746 2290 Leben Sie wohl; lassen Sie mich bei meiner Rückkehr
6306 2250 7742 2408 den, die aber so für Sie wie für die Burg in Betracht
2306 2270 3834 2398 hier einen lieben Brief von Ihrer Hand finden und seien
6294 2348 7712 2518 kommen, treten einige hinzu. Der Erfolg des Medardus
2294 2376 3792 2502 Sie, auch von meiner Frau, herzlichst und dankbarst ge-
6296 2442 7756 2620 hier, und der des Anatol bei Ihnen. (Anatol geht auch
2294 2480 3112 2616 grüsst.-Der Ihrige wie immer.
3110 2544 3292 2672 A.S.
