<?xml version="1.0" encoding="UTF-8" standalone="yes"?>
<PcGts xmlns="http://schema.primaresearch.org/PAGE/gts/pagecontent/2013-07-15" xmlns:xsi="http://www.w3.org/2001/XMLSchema-instance" xsi:schemaLocation="http://schema.primaresearch.org/PAGE/gts/pagecontent/2013-07-15 http://schema.primaresearch.org/PAGE/gts/pagecontent/2013-07-15/pagecontent.xsd">
    <Metadata>
        <Creator>prov=READ-COOP:name=TrHtr:version=2.1.0:model_id=51170:date=25_07_2023_18:01</Creator>
        <Created>2023-05-02T07:44:36.075+02:00</Created>
        <LastChange>2023-07-25T18:01:24.530+02:00</LastChange>
        <TranskribusMetadata docId="1416707" pageId="54950372" pageNr="71" tsid="130768835" status="IN_PROGRESS" userId="64420" imgUrl="https://files.transkribus.eu/Get?id=BKSSDDQFZXUOMMFKFQJUAUXZ&amp;fileType=view" xmlUrl="https://files.transkribus.eu/Get?id=CCZXOWIPNGATAPHTHRAHYLHX" imageId="44454098"/>
    </Metadata>
    <Page imageFilename="1416707_0071.jpg" imageWidth="8000" imageHeight="3577">
        <ReadingOrder>
            <OrderedGroup id="ro_1711829186825" caption="Regions reading order">
                <RegionRefIndexed index="0" regionRef="tr_1"/>
                <RegionRefIndexed index="1" regionRef="tr_2"/>
            </OrderedGroup>
        </ReadingOrder>
        <TextRegion id="tr_1" custom="readingOrder {index:0;}">
            <Coords points="2197,415 3726,415 3726,2625 2197,2625"/>
            <TextLine id="tr_1_tl_1" custom="readingOrder {index:0;}">
                <Coords points="2796,500 2846,500 2876,474 2896,482 2950,480 2946,380 2936,380 2922,394 2900,390 2884,376 2854,382 2846,374 2832,378 2822,372 2792,384"/>
                <Baseline points="2806,465 2896,465 2955,471"/>
                <TextEquiv>
                    <Unicode>1 1</Unicode>
                </TextEquiv>
            </TextLine>
            <TextLine id="tr_1_tl_2" custom="readingOrder {index:1;}">
                <Coords points="2930,776 2964,766 3066,806 3106,800 3140,772 3176,790 3266,796 3306,772 3440,758 3438,710 3398,720 3328,700 3296,720 3162,696 3132,718 3072,722 2970,692 2928,704"/>
                <Baseline points="2938,734 3027,752 3117,758 3206,758 3296,758 3385,758 3445,758"/>
                <TextEquiv>
                    <Unicode>Wien, 27.1.1912.</Unicode>
                </TextEquiv>
            </TextLine>
            <TextLine id="tr_1_tl_3" custom="readingOrder {index:2;}">
                <Coords points="2198,898 2270,876 2308,884 2364,872 2394,894 2444,870 2478,882 2606,870 2606,820 2542,802 2518,810 2490,800 2430,820 2388,820 2368,800 2346,816 2296,802 2284,814 2198,820"/>
                <Baseline points="2209,853 2299,859 2388,859 2478,859 2567,859 2609,865"/>
                <TextEquiv>
                    <Unicode>Lieber Freund,</Unicode>
                </TextEquiv>
            </TextLine>
            <TextLine id="tr_1_tl_4" custom="readingOrder {index:3;}">
                <Coords points="2198,992 3560,994 3602,980 3602,900 2198,912"/>
                <Baseline points="2209,961 2299,961 2388,961 2478,961 2567,961 2657,961 2746,961 2836,961 2926,961 3015,961 3105,961 3194,961 3284,961 3373,961 3463,961 3553,961 3606,967"/>
                <TextEquiv>
                    <Unicode>als ich Ihnen zuletzt schrieb, war meine Idee nach</Unicode>
                </TextEquiv>
            </TextLine>
            <TextLine id="tr_1_tl_5" custom="readingOrder {index:4;}">
                <Coords points="2186,1082 3686,1108 3686,1034 3596,1014 2186,1012"/>
                <Baseline points="2197,1056 2287,1062 2376,1062 2466,1062 2555,1062 2645,1062 2735,1056 2824,1062 2914,1062 3003,1062 3093,1062 3182,1062 3272,1062 3362,1062 3451,1068 3541,1062 3630,1068 3690,1074"/>
                <TextEquiv>
                    <Unicode>Berlin zur „Mizzi“ zu reisen, noch nicht aufgegeben;</Unicode>
                </TextEquiv>
            </TextLine>
            <TextLine id="tr_1_tl_6" custom="readingOrder {index:5;}">
                <Coords points="2198,1216 2562,1174 2842,1218 3152,1172 3542,1218 3662,1208 3662,1106 2198,1124"/>
                <Baseline points="2209,1164 2299,1164 2388,1164 2478,1164 2567,1164 2657,1164 2746,1164 2836,1164 2926,1164 3015,1164 3105,1164 3194,1164 3284,1164 3373,1164 3463,1164 3553,1164 3642,1164 3666,1170"/>
                <TextEquiv>
                    <Unicode>es fanden Verhandlungen mit Schönherr statt, mündlich</Unicode>
                </TextEquiv>
            </TextLine>
            <TextLine id="tr_1_tl_7" custom="readingOrder {index:6;}">
                <Coords points="2198,1284 2314,1326 2624,1282 2812,1326 3042,1278 3716,1288 3716,1220 3532,1210 2198,1216"/>
                <Baseline points="2209,1265 2299,1271 2388,1265 2478,1265 2567,1265 2657,1265 2746,1271 2836,1265 2926,1271 3015,1271 3105,1265 3194,1271 3284,1271 3373,1271 3463,1271 3553,1265 3642,1271 3720,1265"/>
                <TextEquiv>
                    <Unicode>u.schriftlich - und wenn er gefahren wäre, wär ich auch</Unicode>
                </TextEquiv>
            </TextLine>
            <TextLine id="tr_1_tl_8" custom="readingOrder {index:7;}">
                <Coords points="2198,1416 2410,1376 2518,1414 2816,1380 2972,1418 3358,1384 3536,1432 3662,1392 3662,1348 3596,1320 2346,1308 2198,1346"/>
                <Baseline points="2209,1367 2299,1373 2388,1373 2478,1373 2567,1367 2657,1367 2746,1367 2836,1373 2926,1373 3015,1373 3105,1373 3194,1367 3284,1373 3373,1373 3463,1373 3553,1373 3642,1373 3666,1373"/>
                <TextEquiv>
                    <Unicode>zu Ihnen gekommen. Nun war ich gestern Abend bei ihm-</Unicode>
                </TextEquiv>
            </TextLine>
            <TextLine id="tr_1_tl_9" custom="readingOrder {index:8;}">
                <Coords points="2228,1496 3646,1514 3646,1446 3538,1420 2228,1428"/>
                <Baseline points="2239,1474 2328,1474 2418,1474 2508,1474 2597,1474 2687,1474 2776,1474 2866,1474 2955,1474 3045,1474 3135,1474 3224,1474 3314,1474 3403,1474 3493,1474 3582,1474 3648,1474"/>
                <TextEquiv>
                    <Unicode>fand ihn aber durchaus abgeneigt, trotz mancher Pro-</Unicode>
                </TextEquiv>
            </TextLine>
            <TextLine id="tr_1_tl_10" custom="readingOrder {index:9;}">
                <Coords points="2204,1584 3132,1586 3216,1636 3576,1616 3704,1652 3704,1526 3646,1510 2204,1538"/>
                <Baseline points="2215,1570 2305,1576 2394,1576 2484,1576 2573,1576 2663,1576 2752,1576 2842,1576 2932,1576 3021,1576 3111,1576 3200,1576 3290,1576 3379,1576 3469,1582 3559,1576 3648,1582 3708,1576"/>
                <TextEquiv>
                    <Unicode>Gründe, die ich vorzubringen in der Lage war. Und da es</Unicode>
                </TextEquiv>
            </TextLine>
            <TextLine id="tr_1_tl_11" custom="readingOrder {index:10;}">
                <Coords points="2198,1684 2482,1690 2618,1742 3646,1728 3646,1644 3576,1616 3070,1656 2198,1620"/>
                <Baseline points="2209,1678 2299,1678 2388,1678 2478,1678 2567,1678 2657,1678 2746,1678 2836,1678 2926,1683 3015,1678 3105,1678 3194,1678 3284,1683 3373,1683 3463,1683 3553,1678 3642,1683 3648,1683"/>
                <TextEquiv>
                    <Unicode>doch recht spassig aussähe, wenn das Dessert sich be-</Unicode>
                </TextEquiv>
            </TextLine>
            <TextLine id="tr_1_tl_12" custom="readingOrder {index:11;}">
                <Coords points="2198,1828 2296,1792 2398,1828 2508,1792 3462,1826 3680,1782 3544,1720 2198,1746"/>
                <Baseline points="2209,1773 2299,1779 2388,1779 2478,1779 2567,1779 2657,1779 2746,1779 2836,1779 2926,1779 3015,1779 3105,1779 3194,1779 3284,1785 3373,1779 3463,1785 3553,1785 3642,1779 3684,1779"/>
                <TextEquiv>
                    <Unicode>dankte, während das Rostbeaf es unterlässt - die Deca¬</Unicode>
                </TextEquiv>
            </TextLine>
            <TextLine id="tr_1_tl_13" custom="readingOrder {index:12;}">
                <Coords points="2186,1942 2818,1892 3208,1904 3316,1948 3626,1912 3626,1862 3548,1832 2186,1852"/>
                <Baseline points="2197,1881 2287,1887 2376,1881 2466,1887 2555,1887 2645,1881 2735,1887 2824,1887 2914,1887 3003,1887 3093,1887 3182,1887 3272,1887 3362,1887 3451,1887 3541,1887 3630,1887"/>
                <TextEquiv>
                    <Unicode>dence vor dem Vorhang erschiene,während die Urkraft</Unicode>
                </TextEquiv>
            </TextLine>
            <TextLine id="tr_1_tl_14" custom="readingOrder {index:13;}">
                <Coords points="2186,1998 2502,2052 2558,2008 2740,1994 3604,2028 3604,1942 3544,1918 2186,1942"/>
                <Baseline points="2197,1982 2287,1988 2376,1988 2466,1988 2555,1988 2645,1988 2735,1988 2824,1988 2914,1988 3003,1988 3093,1988 3182,1988 3272,1988 3362,1988 3451,1988 3541,1988 3606,1988"/>
                <TextEquiv>
                    <Unicode>daheim bleibe - und überdies mein Specialbedürfnis</Unicode>
                </TextEquiv>
            </TextLine>
            <TextLine id="tr_1_tl_15" custom="readingOrder {index:14;}">
                <Coords points="2186,2108 2400,2096 2528,2144 2696,2102 3686,2122 3686,2040 3590,2026 3514,2068 2186,2038"/>
                <Baseline points="2197,2084 2287,2090 2376,2090 2466,2090 2555,2090 2645,2090 2735,2090 2824,2090 2914,2090 3003,2090 3093,2090 3182,2096 3272,2096 3362,2096 3451,2096 3541,2096 3630,2096 3690,2096"/>
                <TextEquiv>
                    <Unicode>mich vor Ihrem Premierenpublikum höflich zu verteugen</Unicode>
                </TextEquiv>
            </TextLine>
            <TextLine id="tr_1_tl_16" custom="readingOrder {index:15;}">
                <Coords points="2198,2218 3662,2206 3660,2152 3344,2166 3258,2122 3020,2168 2552,2126 2416,2154 2352,2108 2196,2136"/>
                <Baseline points="2209,2191 2299,2191 2388,2191 2478,2191 2567,2191 2657,2191 2746,2191 2836,2197 2926,2197 3015,2197 3105,2197 3194,2197 3284,2197 3373,2197 3463,2197 3553,2197 3642,2197 3666,2197"/>
                <TextEquiv>
                    <Unicode>ein verschwindend geringes ist,- so hab ich michwenn</Unicode>
                </TextEquiv>
            </TextLine>
            <TextLine id="tr_1_tl_17" custom="readingOrder {index:16;}">
                <Coords points="2186,2318 3124,2310 3388,2354 3588,2314 3716,2352 3716,2268 3608,2240 2186,2256"/>
                <Baseline points="2197,2293 2287,2299 2376,2293 2466,2299 2555,2299 2645,2299 2735,2299 2824,2299 2914,2299 3003,2299 3093,2299 3182,2299 3272,2299 3362,2299 3451,2305 3541,2299 3630,2305 3720,2305 3726,2299"/>
                <TextEquiv>
                    <Unicode>dadurch auch unser Wiedersehen bis zum Mai hinausrückt,</Unicode>
                </TextEquiv>
            </TextLine>
            <TextLine id="tr_1_tl_18" custom="readingOrder {index:17;}">
                <Coords points="2186,2416 2704,2456 3054,2408 3658,2428 3636,2352 2186,2354"/>
                <Baseline points="2197,2394 2287,2394 2376,2400 2466,2400 2555,2400 2645,2400 2735,2400 2824,2400 2914,2400 3003,2400 3093,2406 3182,2400 3272,2400 3362,2400 3451,2400 3541,2406 3630,2400 3660,2406"/>
                <TextEquiv>
                    <Unicode>doch entschieden, nicht zu kommen. Seien Sie also für</Unicode>
                </TextEquiv>
            </TextLine>
            <TextLine id="tr_1_tl_19" custom="readingOrder {index:18;}">
                <Coords points="2192,2504 2656,2546 2888,2520 3050,2566 3196,2524 3640,2554 3640,2464 3580,2436 3478,2474 3002,2434 2192,2448"/>
                <Baseline points="2203,2502 2293,2502 2382,2502 2472,2502 2561,2502 2651,2502 2740,2502 2830,2502 2920,2502 3009,2508 3099,2502 3188,2502 3278,2502 3367,2502 3457,2502 3547,2508 3636,2514 3642,2514"/>
                <TextEquiv>
                    <Unicode>Ihre nochmalige liebe Einladung herzlichst bedankt.</Unicode>
                </TextEquiv>
            </TextLine>
            <TextLine id="tr_1_tl_20" custom="readingOrder {index:19;}">
                <Coords points="2192,2638 2366,2610 2448,2654 2722,2654 2920,2614 3054,2658 3632,2620 3632,2552 3584,2548 2952,2578 2846,2532 2432,2572 2192,2540"/>
                <Baseline points="2203,2609 2293,2609 2382,2609 2472,2609 2561,2609 2651,2609 2740,2609 2830,2609 2920,2615 3009,2609 3099,2609 3188,2615 3278,2615 3367,2615 3457,2615 3547,2609 3636,2609"/>
                <TextEquiv>
                    <Unicode>Ihres Verstündnisses bin ich, wie auch in Fällen von</Unicode>
                </TextEquiv>
            </TextLine>
        </TextRegion>
        <TextRegion id="tr_2" custom="readingOrder {index:1;}">
            <Coords points="6174,750 7679,750 7679,2631 6174,2631"/>
            <TextLine id="tr_2_tl_1" custom="readingOrder {index:0;}">
                <Coords points="7256,830 7276,824 7288,832 7312,818 7388,828 7514,820 7512,730 7448,740 7426,724 7366,714 7346,722 7334,712 7302,714 7294,724 7254,722"/>
                <Baseline points="7267,800 7357,806 7446,806 7518,806"/>
                <TextEquiv>
                    <Unicode>27.1.12.</Unicode>
                </TextEquiv>
            </TextLine>
            <TextLine id="tr_2_tl_2" custom="readingOrder {index:1;}">
                <Coords points="6200,866 7644,874 7642,812 7286,830 7088,764 6720,808 6594,762 6200,792"/>
                <Baseline points="6210,836 6300,841 6389,841 6479,841 6568,847 6658,853 6747,853 6837,853 6927,853 7016,853 7106,859 7195,859 7285,859 7374,865 7464,865 7554,865 7643,865 7649,865"/>
                <TextEquiv>
                    <Unicode>höherer Bedeutung, im innersten gewiss.- Dass Sie auf</Unicode>
                </TextEquiv>
            </TextLine>
            <TextLine id="tr_2_tl_3" custom="readingOrder {index:2;}">
                <Coords points="6200,954 6370,990 6556,958 6660,994 7620,996 7618,936 7448,932 7356,878 6806,898 6732,864 6200,908"/>
                <Baseline points="6210,943 6300,943 6389,949 6479,949 6568,949 6658,949 6747,955 6837,955 6927,955 7016,955 7106,955 7195,955 7285,961 7374,961 7464,961 7554,961 7625,961"/>
                <TextEquiv>
                    <Unicode>meine Anregung, das Mai-Spiel betreffend, in Träumen</Unicode>
                </TextEquiv>
            </TextLine>
            <TextLine id="tr_2_tl_4" custom="readingOrder {index:3;}">
                <Coords points="6202,1088 7244,1070 7456,1120 7650,1088 7648,1020 7486,978 6200,1000"/>
                <Baseline points="6210,1039 6300,1051 6389,1051 6479,1051 6568,1051 6658,1056 6747,1056 6837,1056 6927,1056 7016,1056 7106,1062 7195,1062 7285,1062 7374,1068 7464,1068 7554,1068 7643,1074 7655,1074"/>
                <TextEquiv>
                    <Unicode>und Wachen so freund ich einzugehen wissen, dank ich</Unicode>
                </TextEquiv>
            </TextLine>
            <TextLine id="tr_2_tl_5" custom="readingOrder {index:4;}">
                <Coords points="6196,1168 7674,1194 7672,1128 7326,1120 7244,1070 7122,1108 6194,1110"/>
                <Baseline points="6204,1146 6294,1152 6383,1152 6473,1152 6562,1146 6652,1152 6741,1158 6831,1158 6921,1158 7010,1158 7100,1164 7189,1164 7279,1164 7368,1170 7458,1170 7548,1170 7637,1170 7679,1170"/>
                <TextEquiv>
                    <Unicode>Ihnen gleichfalls. Das Zw. wäre mit Hinsicht auf Ihre</Unicode>
                </TextEquiv>
            </TextLine>
            <TextLine id="tr_2_tl_6" custom="readingOrder {index:5;}">
                <Coords points="6202,1284 7062,1270 7510,1322 7640,1290 7638,1214 7562,1200 7128,1244 6870,1176 6200,1228"/>
                <Baseline points="6210,1254 6300,1254 6389,1260 6479,1260 6568,1260 6658,1260 6747,1260 6837,1260 6927,1265 7016,1265 7106,1265 7195,1265 7285,1271 7374,1271 7464,1271 7554,1271 7643,1277"/>
                <TextEquiv>
                    <Unicode>ganze Repertoiregestaltung wohl vorzuziehen, - für Sie</Unicode>
                </TextEquiv>
            </TextLine>
            <TextLine id="tr_2_tl_7" custom="readingOrder {index:6;}">
                <Coords points="6202,1376 7456,1416 7662,1396 7662,1346 7262,1300 7136,1344 6910,1298 6468,1340 6200,1302"/>
                <Baseline points="6210,1349 6300,1355 6389,1355 6479,1355 6568,1361 6658,1361 6747,1361 6837,1367 6927,1367 7016,1367 7106,1367 7195,1367 7285,1373 7374,1373 7464,1379 7554,1379 7643,1385 7667,1385"/>
                <TextEquiv>
                    <Unicode>vor allem, weil hier 2 oder 3 Proben vollauf genügten.</Unicode>
                </TextEquiv>
            </TextLine>
            <TextLine id="tr_2_tl_8" custom="readingOrder {index:7;}">
                <Coords points="6190,1478 7674,1504 7672,1454 7540,1430 6188,1416"/>
                <Baseline points="6198,1451 6288,1457 6377,1463 6467,1463 6556,1463 6646,1463 6735,1469 6825,1469 6915,1469 7004,1469 7094,1474 7183,1474 7273,1474 7363,1480 7452,1480 7542,1480 7631,1480 7679,1480"/>
                <TextEquiv>
                    <Unicode>Und dem E.W., müssten Sie mindestens eine Woche weihen-</Unicode>
                </TextEquiv>
            </TextLine>
            <TextLine id="tr_2_tl_9" custom="readingOrder {index:8;}">
                <Coords points="6188,1582 7364,1614 7676,1592 7676,1544 6186,1496"/>
                <Baseline points="6198,1552 6288,1558 6377,1558 6467,1564 6556,1564 6646,1570 6735,1570 6825,1570 6915,1570 7004,1576 7094,1576 7183,1576 7273,1576 7363,1582 7452,1582 7542,1582 7631,1582 7679,1582"/>
                <TextEquiv>
                    <Unicode>und es ist sehr fraglich, ob sich, mit einem mindern Sa¬</Unicode>
                </TextEquiv>
            </TextLine>
            <TextLine id="tr_2_tl_10" custom="readingOrder {index:9;}">
                <Coords points="6188,1688 7622,1718 7620,1662 7552,1642 7238,1648 7152,1600 7018,1652 6186,1626"/>
                <Baseline points="6198,1654 6288,1660 6377,1666 6467,1666 6556,1666 6646,1672 6735,1672 6825,1672 6915,1672 7004,1678 7094,1678 7183,1678 7273,1683 7363,1683 7452,1683 7542,1689 7625,1689"/>
                <TextEquiv>
                    <Unicode>la und einem auch nicht eben vergnüglichen Fichtner,</Unicode>
                </TextEquiv>
            </TextLine>
            <TextLine id="tr_2_tl_11" custom="readingOrder {index:10;}">
                <Coords points="6190,1800 6282,1780 6318,1802 6348,1778 6444,1776 6576,1816 6608,1796 6716,1812 6738,1790 6804,1788 6802,1746 6734,1734 6488,1742 6450,1722 6408,1740 6356,1714 6338,1732 6260,1736 6186,1718"/>
                <Baseline points="6198,1761 6288,1761 6377,1767 6467,1767 6556,1767 6646,1773 6735,1773 6807,1779"/>
                <TextEquiv>
                    <Unicode>die Mühe lohnen würde.</Unicode>
                </TextEquiv>
            </TextLine>
            <TextLine id="tr_2_tl_12" custom="readingOrder {index:11;}">
                <Coords points="6178,1890 6574,1924 7358,1896 7552,1936 7646,1904 7644,1860 7570,1840 7332,1830 7266,1868 7014,1792 6880,1840 6632,1792 6404,1842 6176,1824"/>
                <Baseline points="6186,1863 6276,1869 6365,1863 6455,1869 6544,1869 6634,1875 6724,1875 6813,1881 6903,1881 6992,1881 7082,1887 7171,1887 7261,1887 7351,1893 7440,1887 7530,1893 7619,1898 7649,1898"/>
                <TextEquiv>
                    <Unicode>Der grosse Erfolg von Gebriel Schilling, so berechtigt</Unicode>
                </TextEquiv>
            </TextLine>
            <TextLine id="tr_2_tl_13" custom="readingOrder {index:12;}">
                <Coords points="6184,2004 6370,1984 6542,2026 6768,1990 7564,2042 7560,1940 7476,1910 7140,1958 6182,1934"/>
                <Baseline points="6192,1964 6282,1970 6371,1970 6461,1976 6550,1976 6640,1976 6730,1982 6819,1982 6909,1982 6998,1988 7088,1988 7177,1994 7267,1994 7357,1994 7446,1994 7536,2000 7566,2000"/>
                <TextEquiv>
                    <Unicode>ich ihn finde, wie Sie wissen, ist doch hinsichtlich</Unicode>
                </TextEquiv>
            </TextLine>
            <TextLine id="tr_2_tl_14" custom="readingOrder {index:13;}">
                <Coords points="6172,2114 7556,2128 7538,2038 6170,2038"/>
                <Baseline points="6180,2072 6270,2072 6359,2078 6449,2078 6538,2078 6628,2084 6718,2084 6807,2084 6897,2090 6986,2090 7076,2096 7165,2090 7255,2096 7345,2096 7434,2096 7524,2102 7560,2102"/>
                <TextEquiv>
                    <Unicode>Kritiker-u.Publikumspwychologie recht interessant.</Unicode>
                </TextEquiv>
            </TextLine>
            <TextLine id="tr_2_tl_15" custom="readingOrder {index:14;}">
                <Coords points="6176,2196 7370,2240 7638,2208 7638,2140 7300,2168 6684,2114 6444,2154 6174,2126"/>
                <Baseline points="6186,2173 6276,2179 6365,2179 6455,2185 6544,2185 6634,2185 6724,2185 6813,2191 6903,2191 6992,2191 7082,2191 7171,2197 7261,2197 7351,2197 7440,2203 7530,2203 7619,2197 7643,2197"/>
                <TextEquiv>
                    <Unicode>Die Bescheidenheit wird belohnt und das Leben ist zu¬</Unicode>
                </TextEquiv>
            </TextLine>
            <TextLine id="tr_2_tl_16" custom="readingOrder {index:15;}">
                <Coords points="6164,2288 7608,2328 7592,2256 7336,2228 7194,2268 6492,2212 6162,2234"/>
                <Baseline points="6174,2275 6264,2281 6353,2281 6443,2281 6532,2287 6622,2287 6712,2287 6801,2293 6891,2293 6980,2293 7070,2299 7159,2299 7249,2299 7339,2299 7428,2299 7518,2305 7607,2305 7613,2305"/>
                <TextEquiv>
                    <Unicode>weilen eine moralische Erzählung. Hätte Hauptmann im</Unicode>
                </TextEquiv>
            </TextLine>
            <TextLine id="tr_2_tl_17" custom="readingOrder {index:16;}">
                <Coords points="6178,2412 7302,2416 7494,2474 7596,2416 7594,2374 7484,2358 6176,2336"/>
                <Baseline points="6186,2370 6276,2382 6365,2388 6455,2388 6544,2394 6634,2388 6724,2394 6813,2394 6903,2394 6992,2400 7082,2400 7171,2406 7261,2406 7351,2406 7440,2406 7530,2406 7601,2412"/>
                <TextEquiv>
                    <Unicode>Vorwort nicht eine einmalige, sondern hundert Auffüh-</Unicode>
                </TextEquiv>
            </TextLine>
            <TextLine id="tr_2_tl_18" custom="readingOrder {index:17;}">
                <Coords points="6170,2492 7574,2548 7572,2462 7522,2458 6168,2438"/>
                <Baseline points="6180,2478 6270,2490 6359,2490 6449,2490 6538,2490 6628,2496 6718,2496 6807,2496 6897,2502 6986,2502 7076,2502 7165,2508 7255,2508 7345,2514 7434,2508 7524,2514 7577,2508"/>
                <TextEquiv>
                    <Unicode>rungen gewünscht, die Herren wären strenger gewesen.</Unicode>
                </TextEquiv>
            </TextLine>
            <TextLine id="tr_2_tl_19" custom="readingOrder {index:18;}">
                <Coords points="6164,2594 6318,2628 6480,2604 6564,2646 6652,2606 6886,2606 6940,2644 7538,2624 7536,2580 7360,2552 7206,2586 7026,2542 6288,2566 6164,2532"/>
                <Baseline points="6174,2579 6264,2591 6353,2591 6443,2597 6532,2597 6622,2597 6712,2603 6801,2609 6891,2603 6980,2603 7070,2609 7159,2609 7249,2609 7339,2621 7428,2615 7518,2615 7542,2621"/>
                <TextEquiv>
                    <Unicode>Was aber mich anbelangt, so wünsche ich von ganzem</Unicode>
                </TextEquiv>
            </TextLine>
        </TextRegion>
    </Page>
</PcGts>
