5125 3825
1531 773 1790 882 13.6.09
533 842 2015 994 Fäden sich zum Herzen der Welt spinnen. Es muss kein
542 957 1946 1099 übles Gefühl sein so einen Ibsen Cyclus gemacht zu
537 1083 2039 1195 haben, (sowohl für Ibsen als für Brahm.) Freuen Sie sich
544 1173 1796 1293 des vollendeten Werks länger als der andere.)
687 1278 1396 1413 Wir grüssen Sie vielmals.
919 1398 1289 1507 Ihr getreuer
3552 760 4244 919 79 Wien, 22.6.09.
3071 902 3497 1017 Lieber Freund,
3071 983 4567 1116 wir sind schon gestern wieder in Wien angekommen; Nach-
3083 1113 4552 1210 richten von einem krampfartigen Husten Heinis trieben
3090 1191 4552 1327 uns zurück. Heini ist im ganzen recht wohl und fidel,
3090 1327 4484 1424 doch wird sein Husten gewisse Abänderungen unserer
3085 1435 4492 1535 Sommerpläne notwendig machen; besonders da Olga in
3101 1490 4582 1623 ihrem Zustand nicht viel mit ihm beisammen sein soll.-
3103 1621 4557 1736 - Ferner muss ich Ihnen von einem recht günstigen An¬
3107 1719 4616 1841 trag des Kleinen Theaters in Berlin Mittheilung machen:
3103 1820 4582 1936 sie wollen Comtesse Mizzi geben, tausend Mark Garantie,
3094 1925 4270 2047 3½ Perzent, 30malige Aufführung garantiert.
3107 2021 4569 2154 - Wir bleiben die nächsten Tage jedenfalls hier. Las¬
3101 2135 4494 2274 sen Sie recht bald von sich hören. Wir grüssen Sie
3096 2261 3387 2370 vielmals.
3375 2338 3768 2477 Herzlichst Ihr
3773 2381 3929 2484 A.S.
