7987 3577
4393 661 5573 851 .Ld.L.W3, aus man dahin -.O0s überz. seine
3160 679 3390 749 27.1.12.
4311 699 4664 799 G.C.F.P.
2085 717 3520 847 Herzender „Erde“ 200, - nicht nur aus Sympathie für
4333 789 5653 969 xxx.baiw rejdrew samml exegindö him seb. rxxchic
2103 831 3576 941 Schönherr, der mir übrigens immer werther wird. Und es
4620 919 5467 1077 xxx gesq wie noch dieW gab xxx
2091 919 3532 1061 hätten in der Welt noch ein paar Dutzend Platz, ohne
4484 995 4642 1121 G.H.F.P
4746 1021 5058 1119 o V.A.F.S
2103 1021 3304 1143 dass einer mit dem andern erschlagen würde.
2281 1113 3334 1278 Herzlichst mit Grüssen von uns Allen.
2928 1270 3088 1400 A.S.
6833 605 7013 741 107
6118 591 6570 781 Brehm
6943 711 7287 817 3.2.1912.
7131 765 7644 921 Leidä Schiedgelb
6760 875 6995 963 G.H.F.P.
7205 873 7646 995 Kreisamt von
6544 931 7019 1053 Lieber Freünd.
7129 957 7626 1073 dass auf diesen Stadt umheilen
6150 1021 6995 1141 Jchle alles habeidosed isadol
7077 1037 7579 1161 gedeilnds sie Te
6188 1119 7662 1226 Vielen Dank für Ihr freundliches Tele-
6198 1183 7672 1330 gramm über den Erfolg der „Comtesse Mitzie“. Ich
6206 1284 7690 1426 habe nun auch eine ganze Anzahl von Kritiken ge-
6200 1376 7569 1520 lesen; die Herren überschätzen im Ganzen die
6210 1454 7666 1586 kleine Komödie, damit sie umso beruhigter gleich
6194 1566 7664 1684 alles übrige, was ich geschrieben, nach beliebter
6186 1622 7650 1764 Art heruntersetzen und unterschlagen können.Na,
6198 1720 7654 1872 immerhin, der Spezialerfolg der Comtesse ist ein
6180 1814 7563 1940 viel beträchtlicherer als ich erwartet hatte
6170 1930 7684 2035 und es scheint nur, als wenn die Kassenchancen den
6174 1980 7674 2137 Abends durch die Erdenschwere des Nachbarstückes
6182 2069 7509 2233 und dessen weniger einwandfreie Darstellung
6162 2183 7569 2297 beeinträchtigt werden dürften. Aber erklären
6168 2235 7616 2385 Sie mir nur, lieber Freund, wie kann Sie vor auf
6156 2337 7662 2501 die Idee die „Comtesse“ an den Anfang des Abends
6158 2455 7766 2587 zu setzen? Nie war davon zwischen uns die Redegeurten
6170 2517 7654 2661 und es galt als ganz ausgemacht, dass mein Einak-
6156 2613 7664 2777 ter den Abend beschliessen sollte. Wenn Sie jetzt
