5123 3685
842 605 1688 797 64 6/5 Wien, 5.5.1906.
771 760 1177 880 Lieber Freund,
515 853 2009 979 in Brünn wird sich Ihnen Doktor Hans Müller, ein begab-
532 971 2002 1068 ter und interessanter junger Oesterreich. Dichter vor-
530 1081 1983 1193 stellen. Ich werde von ihm ersucht, Sie auf seinen Be-
527 1186 1959 1290 such vorzubereiten. Ich thue es gern, denn ich denke,
527 1300 1483 1404 der Jüngling wird Ihnen gefallen.-
527 1386 1937 1481 Unsere Hinterbrühler Adresse: Hinterbruhl, Hotel Ra¬
532 1490 1950 1638 datzky. Wir denken, bis zum nächsten Sonntag dort zu
527 1593 2002 1726 verweilen. Wenn Sie kommen, was höchst erfreulich wäre,
538 1705 1698 1830 so telegraphieren Sie am Tag vorher bitte.
525 1802 1948 1901 Der Ruppenspieler scheint mir ist bei der Kritik im
527 1927 1966 2011 ganzen besser weggekommen, als die Elga. Bei den Stü-
527 2037 2008 2112 cken ist es umgekehrt als bei den Dieben. Die grossen
536 2118 2002 2211 henkt man, die kleinen lässt man laufen. (Wer verlangt
527 2232 1978 2333 übrigens von Stücken, daß sie laufen? Es genügt, dass
532 2344 1996 2422 sie gehen.) Sehr erfreulich wäre es ja, wenn das Zimmer
527 2441 2002 2562 des Oboespielers und das rothweiss-gestreifte kurzge-
4039 698 4286 794 (5.5.06.)
3089 743 4575 852 schürzte Zöfchen noch ein wenig nach der realistischen
3083 857 4525 977 Seite umgelegt werden könnten. (Oder hat das lessing-
3083 943 4570 1061 theater nicht das Recht ein von Karczag-Wallner beige-
3083 1064 4047 1193 steuertes Stubenmädchen umzulegen?)
3078 1156 4575 1276 Fernere, wenn auch nicht bessere Witze für jenes mythi-
3083 1253 4547 1388 sche Lustspiel reservierend verbleibe ich, mit herzli-
3070 1382 3871 1487 chen Grüssen von Olga u. mir
3728 1574 3884 1684 A.S.
