7880 3704
2772 636 3548 860 24 (2 copie) Wion, 30.11.1910.
2200 758 2626 902 Lieber Freund.
262 838 1758 1034 Wienertum so wann empfindender Lessing wird den Anatol
2206 888 3690 1050 Die Medarduspremiere wäre also glücklich überstanden.
276 958 1670 1110 eine Weile schon allein überwachen können und Ihre
2212 1016 3618 1138 Es war ein sehr starker Erfolg, der sich immer mehr
276 1040 1730 1178 Anwesenheit hier wäre mir xxx Freude. Wenn
288 1110 1738 1276 die achtzig mitwirkenden Schauspieler gesund blethen,
2212 1100 3704 1224 befestigt, meiner Empfindung nach der weitest tragende,
306 1192 1774 1376 die dreihunter Kostüme und die zwölf Dekorationen fer¬
2218 1208 3672 1302 der mir je beschieden war. Ich glaube nicht, dass man
316 1306 1796 1472 tig verden, so steht der Première am 24. nichts im Jege.
2218 1302 3658 1420 in Berlin den richtigen Eindruck davon bekommen hat,
298 1356 1732 1540 Jedenfalls verständigen Sie mich bitte ob ja, ob noin
2212 1420 3704 1516 insbesondere der Börsen-Siegfried und der Anarchisten-
2212 1504 3646 1610 Stefan haben sich durch den zweifellosen Tatbestand
310 1512 800 1632 vongegen Billets.
2230 1612 3664 1712 der ausserordentlichen Wirkung in ihrer schönen Sub-
2224 1704 3676 1822 jektivität *) nicht beirren lassen. Schade, dass Sie
2212 1808 3722 1946 nicht hier gewesen sind. Dass es eine der xxx prächtig-
2224 1932 3736 2018 sten Burgtheatervorstellungen gewesen ist, die man seit
2224 2044 3664 2130 Jahren gesehen hat, darüber herrscht nur eine Stimme.
2230 2146 3746 2234 Nun aber, mit vorläufiger Uebergehung des Anatol, hinaus
2242 2254 3746 2340 ins weite Land. Ich weiss nicht recht, ob es angesichts
2224 2338 3706 2442 dieses Erfolgs, der eine grosse Zugkraft des Medardus
2248 2436 3712 2540 am Burgtheater verspricht, opportun ist, kaum ein Vier-
2224 2530 2906 2684 *) (kommt von „subject")
7192 652 7482 752 30.11.10.
6076 710 7496 934 teljahr später am selben Theater mit einem zweiten
6084 830 7566 1020 Stück herauszukommen. Dass aber aus grüngeäugten und
6090 938 7530 1128 andern Gründen Wien diesmal nicht später als Berlin
6104 1032 7550 1224 kommen sollte, darüber sind wir wohl alle einig, Sie,
6110 1142 7656 1338 Berger und ich. Halten Sie, lieber Freund, eine Verschie -
6122 1226 7592 1440 bung des W.L. auf Beginn nächster Saison, wäre es auch
6116 1296 7646 1522 ausschliesslich mit Rücksicht auf Ihr Theater, für nicht
6126 1446 7574 1642 angezeigt, so ist die Sache abgetan, und ich will nur
6134 1544 7580 1726 das Möglichste tun, dass das Stück am Burgtheater zu-
6142 1612 7696 1840 gleich mit der Premiere bei Ihnen herauskommt. Zugleich?
6144 1740 7586 1946 Hier stock' ich schon. Es wäre vielleicht doch vor-
6162 1854 7622 2060 teilhaft, wenn ich der Erstaufführung sowohl hier als
6166 1918 7676 2124 in Berlin beiwohnen könnte, etwa mit einem Zwischenraum
6182 2064 7678 2238 von 2-3 Tagen. Und wo dann die graufführung? Ueber all
6192 2142 7628 2372 dies möchte ich sehr bald Ihre Meinung erfahren und
6192 2258 7670 2462 möchte vorher mit Berger gar nichts darüber sprechen.
6208 2352 7694 2548 Korff wird hier den Hofreiter spielen, die Marberg Ge-
6200 2474 7656 2660 nia. Ihr Eintritt in die Burg wird wahrscheinlich
