7935 3705
1390 448 1580 564 1
2192 814 2708 966 Lud. Bochen
3150 898 3510 1042 28.10.1913.
422 938 1882 1110 Freilich kenne ich die Berliner Theaterverhält-
448 1022 1902 1192 nisse zu wenig,um zu Wissen,ob das Stück anders.
2570 1038 3234 1174 Verehrter Herr Brahm.
450 1128 1890 1282 wo besser gespielt werden kann als es heute bei
2516 1220 3684 1340 Ichnehme an, dass die Briefe, die ich im
432 1184 1894 1404 Ihnen möglich wäre. Wir wollen es hoffen.Jedan-
426 1274 1826 1452 falls bringt Barnowski, der hier vortreffliche
2312 1314 3688 1406 Laufe von 16 Jahren an Ihren Bruder gerichtet
2302 1376 3690 1478 habe, sich jetzt in Ihrer Verwahrung befinden.
436 1420 1870 1578 Vorstellungen gegeben hat, dem Stück ein Inter-
2308 1468 3730 1582 Es wäre mir nun sehr interessant in diese Brie¬
424 1512 1472 1646 esse entgegen, das Gutesverspricht.
2296 1550 3640 1664 fe wieder einmal Einsicht zu nehmen und ich
648 1608 1856 1728 Was haben sie für Herbst-und Winterplä-
410 1642 1808 1854 ne? Werden sie Wien-oder Semmeringswärts rei-
2302 1646 3622 1740 frage daher bei Ihnen an, ob Sie sie mir auf
2308 1740 3598 1850 einige Zeit zur Verfügung stellen könnten.
404 1738 1286 1886 sen? Mit herzlichen Grüssen
2308 1830 3700 1958 Gern möchte ich auch diese Briefe,sowie dieje-
2320 1930 3468 2026 nigen Ottos an mich abschreiben lassen
3460 1926 3666 2018 »even—
3120 1994 3336 2056 eren Le
3410 2002 3602 2138 lich
2302 2004 3340 2120 tuell in 2 oder 3 Exemplaren,dix n
2308 2114 3726 2210 vorläufig niemanden als Ihnen und mir, eventuell
2308 2202 3700 2304 einer oder der andern uns Beiden genehmen Per-
2302 2284 3670 2400 sönlichkeit, zugänglich gemacht werden dürften
2654 2386 3354 2474 Mit herzlichen Grüssen
2846 2482 3404 2580 Ihr sehr ergebener
2288 2624 3134 2806 Herrn Ludwig Brahm, Hamburg.
6858 762 7206 910 F. F.
6294 948 7650 1066 Wie denken Sie endlich über die Idee, den Wollner
6294 1054 7740 1164 (der übrigens ein recht fader Kerl ist) zum Reg. Arzt
6292 1144 7752 1272 zu ernennen? - Ich kann diesen Brief nicht abschlies-
6294 1248 7684 1360 sen, ohne des vortrefflichen Schauspielers Kainz zu
6282 1340 7784 1476 gedenken, der vor dem gewiss gleichfalls vortrefflichen
6280 1452 7716 1570 Schauspieler Sauer den für das betreffende Stück un-
6294 1580 7556 1670 schätzbaren Vorzug hat, Oesterreicher zu sein.-
6574 1660 7178 1780 Mit herzlichem Gruss
6680 1758 7382 1888 Ihr aufrichtig ergebener
7330 1870 7524 1982 A.S.
