7935 3705
2852 858 3200 986 112 117
2254 846 2624 1062 (undatiert).
2240 1030 3616 1162 Lieber Herr Brahm, ich habe schon gestern Abend im
2258 1160 3690 1262 Cafehaus mit angenehmen Erstaunen das dieswöchentli-
2260 1256 3654 1358 che Repertoire gelesen; und in diesem Punkte sagte
2254 1348 3658 1484 mir Ihr freundlicher und erfreulicher Brief nichts
2272 1456 3666 1566 neues. Den „Kakadu" wollte ich nicht in der Schwebe
2266 1552 3682 1672 lassen; sondern lehne im Augenblick, da Sie das Ding
2266 1664 3678 1778 bestimmt geben, den Vorschlag des Volkstheaters be-
2266 1780 3702 1884 stimmt ab. Es ist nun die Frage, an welchen Dreiakter
2264 1874 3688 2000 Sie die Groteske anschliessen wollen? Sie sagen mir
2278 1976 3574 2106 auch da bald ein endgiltiges Wort, nicht wahr? -
2278 2074 3670 2212 Was die Leb. St. anlangt, so hindert uns wohl nichts
2266 2206 3718 2316 mehr, die Sache durch einen Vertrag auch geschäftlich
2276 2306 3690 2408 ins reine zu bringen. Für alle Fälle möchte ich Sie
2272 2378 3648 2534 bitten, die Stücke für später d.h. für die nächste
2272 2490 3662 2628 Saison mir in wien freizulassen. Das würde Sie ja
2284 2570 3666 2718 nicht mehr schädigen, abgesehen davon, dass ja eine
2276 2688 3724 2842 Aufführung durch ein Wiener Theater nach Ihrem Gast-
6262 1012 6592 1130 (undatiert)
6276 1112 7668 1250 spiel an sich sehr unwahrscheinlich. Die Garantie
6276 1220 7706 1330 lassen Sie mir vid leicht zugleich mit der Januarab-
6262 1320 7752 1452 rechnung auszahlen, und zwar an die Allg.österr. Boden-
6270 1448 7778 1540 credit-Anstalt, Wien, I.Teinfaltstrasse, für mein Conto.-
6424 1538 7728 1660 Von Ihrem Gastspiel habe ich bisher (ausser zu
6270 1644 7650 1792 meinen Allernächsten) noch keine Erwähnung getan.
6274 1750 7268 1876 Ich schreibe es heute an goldmann.-
6532 1862 7322 1978 Mit herzlichen Grüssen Ihr
6998 1944 7530 2082 Arthur Schnitzler.
5420 2016 5696 2182 G.C.H.F.P.
6258 2076 7638 2212 Was ist's mit dem Triesch-Urlaub? Wann wollen Sie
5350 2118 5700 2244 . dann auch amtschrächtigung
6264 2172 7058 2310 Liebelei und Kakadu bringen?
5498 2220 5690 2378 De la riviere
