5080 3825
443 942 1862 1076 nicht einmal andeutungsweise dem Kollegen vom Deut-
451 1079 1889 1169 schen Theater übermittelt werden würde, da er ja dann
460 1131 1880 1248 wohl rasch mit einem Vertrag bei der Hand sein dürf¬
454 1237 1842 1340 te (auch ohne das moderne Stück). Bis zum Eintref¬
456 1332 1889 1407 fen einer Aeusserung von Ihnen gedenke ich das Tole¬
462 1422 1217 1525 gramm nicht zu beantworten.
618 1484 1853 1616 Von Schlenther keine Nachricht. Sie schreiben
438 1600 1847 1677 mir, dass er gewiss ernsthaft daran denkt den Medar¬
456 1662 1838 1774 dus aufzuführen, pas wohl auf eine mündliche Bener¬
451 1768 1811 1853 kung von ihm zurückgeht. In der Kanzlei wurde mir
475 1864 1807 1950 von etwa 10 Tagen gesagt, dass das Stück noch bei
451 1946 1800 2058 der Zensur liegt, was allermindestens seltsam ist.
475 2034 1811 2118 Jedenfalls will Schlenther ein Nein, zu dem nun
462 2126 1853 2208 absolut kein Anlass mehr ist, und ein Ja, das er soi-
475 2206 1836 2316 ner "unglücklichen Liebe" für mich offenbar nicht
451 2316 1825 2399 abringen kann,so lange hinausschieben als möglich.
456 2386 1759 2481 Neulich hörte ich, dass er fester stünde als je,
456 2467 1867 2569 andererseits zirkulieren allerlei Gerüchte über die
456 2560 1871 2675 möglichsten und unmöglichsten Nachfolger. Ich glau¬
451 2648 1878 2762 be,er möchte nicht gem als Vermächtnis ein angenom-
438 2740 1382 2828 men es Stück von mir zurücklassen.
594 2798 1735 2916 Eins Votis, die ich heute im Lokalanzeiger
3068 971 4360 1094 finde lässt mich vermuten, dass Sie so ziemlich
3018 1046 4383 1164 entschlossen sind das Konzert allein zu geben. Wie
3038 1140 4363 1281 Ich Ihnen schon telegraphiert habe, am Beginn des
3020 1244 4414 1356 Abends würde sie keinesfalls glücklich stehen (dte
3036 1340 4365 1475 Komtesse Miezi, meine ich). Wir wollen also eine
3031 1422 4427 1565 bessere Gelegenheit abwarten. Sollte sich aber ir¬
3049 1490 4427 1624 gendwo anders eine besonders gute finden, so möchte
3049 1602 4402 1715 ich mir doch, damit das gute Ding nicht noch älter
3053 1658 4501 1787 wird, das Recht vorbehalten über den Einakter (selbst-
3042 1759 4477 1884 verständlich gegen Rückgabe der bereiten und aufre¬
3060 1862 4475 1975 grenden Garantie ) nach einem gewissen, von Ihnen zu
3068 1935 4486 2065 bestimmenden Termine wieder frei verfügen zu dürfen.
3060 2029 4493 2166 Ich brauche nicht erst zu sagen, dass mir die Auffüh-
3055 2115 4451 2270 rung bei Ihnen in entsprechender Gesellschaft nach
3066 2230 4539 2342 wie vor als das Wünschenswerteste erscheint.An Weisse
3060 2309 4424 2415 und Edthofer habe ich Ihren freundlichen Dank be¬
3071 2346 4499 2516 stellt. Sie behalten E. wohl auch für einen späteren
3073 2468 4497 2586 Termin im Auge. Um noch die Frage betreffe der Pfar-
3068 2571 4515 2683 rerstochter zu beantworten, einen nachhaltigen Erfolg
3082 2637 4510 2773 in Wien halte ich nicht für sehr wahrscheinlich, doch
3095 2734 4491 2884 glaube ich würde sie nicht übel aufgenommen worden.
