5080 3825
1583 0 1793 71 W I
270 0 1263 69 2. V. E E I AV E
1430 777 1646 855 9.12.09.
431 832 1927 972 (Monnard-Medardus, Triesch -Helene, Lehmann-Frau Klaehr,
450 961 1967 1070 Reicher-Herzog, Marr-Eschenbacher, Lossen-Agathe, Stieler-
442 1041 1931 1173 Etzelt etc.etc.) Immerhin gibt es noch so viele andere
438 1160 1939 1261 Rollen und bietet das ganze Stück auch in seiner jetzi-
444 1263 1902 1366 gen Fassung noch so beträchtliche Schwierigkeiten,be-
455 1353 1933 1498 darf so vieler Proben und so vieter Arbeit,würde sogar
461 1466 1868 1585 eine Anzahl von Neuengagements unbedingt nothwendig
454 1579 1921 1682 machen, dass die Sache sehr reiflich zu überlegen ist.
465 1675 1921 1776 Jedenfalls aber bitte ich Sie, lesen Sie das Stück nun
465 1749 1879 1912 auch ein wenig als Direktor des lessingtheaters und
465 1833 1942 1996 sagen Sie mir für alle Fälle, wie Sie über meinen Ein-
461 1979 1860 2101 fall denken, der vorläufig wirklich nicht mehr sein
467 2086 1933 2191 soll, als ein Einfall und gleich unverbindlich für Sie
471 2180 1939 2298 wie für mich hier ausgesprochen wurde. Wenn Sie glau¬
459 2295 1992 2400 ben der Idee irgendwie nähertreten zu können, so ist das
461 2390 1944 2511 eine Sache, die vorläufig ganz zwischen uns bleibt, und
471 2496 1918 2595 ich brauche hoffentlich nicht erst zu erwähnen, dass
455 2595 1967 2704 eine eventuelle Geneigtheit Ihrerseits auch nicht ein-
461 2695 1964 2813 mal addeutungsweise dem Kollegen vom Deutschen Theater
4059 804 4316 917 9.12.09.
3008 852 4465 991 übermittelt werden würde, da er ja dann wohl rasch mit
3008 980 4471 1100 einem Vertrag bei der Hand sein dürfte (auch ohne das
2995 1114 4501 1177 moderne Stück). Bis zum Eintreffen einer Aeusserung von
3008 1167 4495 1326 Ihnen gedenke ich das Telegramm R.'s nicht zu beantwor-
2995 1403 4490 1481 Von Schlenther keine Nachricht. Sie schreiben mir, dass
3001 1491 4472 1592 er gewiss ernsthaft daran denkt den Medardus aufzufüh¬
3008 1579 4448 1726 ren, was wohl auf eine mündliche Bemerkung von ihm zu-
3001 1678 4436 1831 rückgeht. In der Kanzlei wurde mir vor etwa 10 Tagen
2995 1807 4419 1931 gesagt, dass das Stück noch bei der Zensur liegt, was
3001 1908 4495 2027 allermindestens seltsam ist. Jedenfalls will Schlenther
3001 2000 4444 2103 ein Nein, zu dem nun absolut kein Anlass mehr ist, und
3001 2090 4444 2189 ein Ja, das er seiner "unglücklichen Liebe" für mich
2989 2228 4436 2316 offenbar nicht abringen kann, so lange hinausschieben
2995 2300 4442 2446 als möglich. Neulich hörte ich, dass er fester stünde
2984 2434 4495 2545 als je, andererseits zirkulieren allerlei Gerüchte über
2995 2524 4534 2605 die möglichsten und unmögl ichsten Nachfolger.Ich glaube,
2984 2599 4465 2695 er möchte nicht gern als Vermächtnis ein angenommenes
2989 2649 3755 2706 Stück von mir zurücklassen.
2995 2689 4250 2809 Eine Notiz, die ich heute im Lokalanzeiger
4094 2714 4402 2846 (unfertig)
