5073 3749
1576 752 1816 881 (28.7.06
372 843 1811 968 reich“... Das E.Stück spielt wie Ihnen bekannt in Ar
382 941 1882 1091 tisten- und Bohemekreisen, das zweite in Aerzte-das drit-
384 1075 1852 1198 te in Journalistenkreisen. Nun zweifle ich nicht, dass
395 1164 1869 1304 sich bei Erscheinen des F.Stückes Stimmen erheben wer-
395 1270 1882 1397 den, die sich indigniert äussern, dass ich schon wieder
399 1382 1794 1508 Künstler schildre (statt Schornsteinfeger, Brillant-
395 1489 1809 1589 schleifer und Schweinezüchter), und da habe ich mich
393 1589 1860 1716 gefragt, ob man nicht gelegentlich das Gerücht von der
395 1673 1907 1833 oben gekennzeichneten österreichischen zusammenhängen-
395 1780 1890 1935 den Komödienreihe in die Oeffentlichkeit bringen könn-
395 1916 1890 2017 te? Denn vor dem cyklischen haben die Leute doch immer
412 1992 1831 2122 einen geheimnisvollen Respekt. Sonst hätten sie frü-
412 2094 1898 2213 heren Collegen gegenüber den Ausruf „Ewig diese König
401 2196 1894 2310 Was interessieren uns denn diese Könige...“ nicht un-
384 2296 1877 2440 terkneifen können. Vorläufig bleibt selbstredend oder
410 2397 1822 2548 selbstschweigend sowohl das G.Stück als jene andern
412 2527 1119 2614 ein strenges Entre-nous.-
406 2616 1928 2748 Ausser den Bülowbriefen lese ich Freytags Bilder etc.;
4120 514 4640 646 Votre très-Monsieur, jusqu'au mois
4073 775 4375 905 (28.7.06.)
2945 883 4385 996 bin jetzt in der Zeit des 30j. Krieges und fühl mich
2956 970 4462 1091 unbeschreiblich gefesselt. (Einer meiner nächsten Ein-
2962 1077 4372 1189 akter begibt sich zu dieser Zeit.) Auch einigen Poe
2962 1194 4402 1304 hab ich zu mir genommen, dem ich mich aber recht ent-
2967 1315 4436 1397 fremdet fühle, und ausser etlichem flüchtigem lese ich
2965 1406 4169 1521 Liliencronsche u. Grillparzersche Gedichte.
2973 1506 4409 1606 Neulich waren wir in Frederiksburg und Fredensborg -
2981 1597 4400 1709 kennen Sie denn eigentlich all diese schönen Schlös-
2981 1733 4460 1835 ser, Wälder, Gärten Dänemark? Ich fühl mich dieses Jahr
2973 1818 4400 1939 noch viel stärker berührt von dem Reiz dieser Land-
2973 1930 4409 2015 schaften als vor zehn Jahren, da ich mit Beerhof- und
2981 2039 4415 2164 Goldmann in Skodsborg weilte, Domino spielte und die
2986 2126 4426 2223 „ehernen Gestalten“ des Freiwild (wie sie einmal der
2986 2221 4423 2330 höhnische Hugo nannte) aufs Papier schleuderte. Die
2992 2351 4491 2434 Wahrheit zu sagen: alles berührt mich stärker, von Jahr
2973 2421 4460 2534 zu Jahr, und hätte gegen die Weltordnung nichts einzu-
2986 2553 4491 2663 wenden, wenn man nur jünger würde statt dem unerbittli-
2986 2646 3837 2795 chen Gegenteil anheimzufallen.
