5123 3685
1045 612 1215 729 65
1324 612 1638 720 20.6.1906.
651 694 1059 842 Lieber Freund,
466 811 1884 946 wir reisen schon sehr bald, wahrscheinlich am Montag
466 909 1927 1041 den 25.- über Berlin (1-2 Tage) Kopenhagen (3-4Tage)
472 1000 1950 1137 nach Marienlyst. Wie lange wir dort bleiben, hängt von
476 1117 1907 1248 unserm Wohlbefinden und den unberechenbaren Nebenum-
484 1230 1919 1359 ständen eines unbekannten Aufenthalts in unbekannnten
497 1346 1985 1472 Tagen ab. Nach 3-5 Wochen etwa möchten wir noch in ein
497 1461 1874 1572 stilleres Nordseebad (Wyk oder dergleichen) würden
489 1550 1921 1669 dann den Buben mit dem Fräulein von Hamburg aus zu-
495 1650 1930 1794 rückspedieren und, wenn alles gut geht, noch eine ganz
497 1745 2063 1876 kleine holländische Reise thun. Sagen Sie mir jedenfalls,
495 1845 1911 2020 wann Sie nach Nordyk kommen und wie lange Sie dort-
489 1979 1938 2083 selbst bleiben. Hoffentlich führt uns der Sommer we-
488 2048 1901 2192 nigstens auf kurze Zeit zusammen. Das obenstehende
497 2176 1952 2307 programm hat nicht die Bedeutung eines Lessingthea-
519 2276 1977 2393 ters- sondern höchstens die eines Deutschen Theaters-
503 2393 866 2516 Repertoire.-
507 2473 1971 2619 Bevor Sie wiederwas von uns erfahren, adressieren Sie
3769 183 3957 296 A
4114 583 4407 718 (20.6.06.)
3022 673 4528 809 Ihre sehr erwünschten Nachrichten hieher, Spöttelgasse
3022 796 4493 913 An Dramatisches hab ich mehrfach gedacht; beinahe alle
3034 883 4504 1020 meine Pläne durchgelssen, durchmodeliert, ohne zu einem
3040 1030 4446 1110 zwingenden Entschluss gekommen zu sein, und beklagt,
3032 1080 4524 1234 dass für die beträchtliche Zahl meiner Ein-Aus- und Ab-
3046 1205 4602 1320 fälle weder meine Arbeitskraft noch meine künstlerischen
3046 1334 4495 1441 Fähigkeiten ausreichen (was übrigens eine Lebenslüge
3050 1431 4070 1537 oder eine Sterbensausrede sein kann.)
3370 1548 3795 1632 Herzlichst Ihr
3063 1747 3955 1847 viele Grüsse von Olga und Heini.
3058 1851 4347 1950 Haben Sie Dora Erl schon zu Gesichte bekommen?
