5110 3624
1637 635 1940 758 26.4.10.
581 697 2030 846 und werden somit den Hochsommer in Wien verbringen.
587 810 2043 944 Doch wollen wir circa 10.Mai auf 2-3 Wochen in die
574 917 1804 1030 Schweiz: Zürich, Luzern, Territet, Bern etc. -
574 1017 2030 1153 Mein Stück (D.w.L.) hab ich einer gründlichen Durch¬
574 1115 2080 1261 und theilweise Umarbeitung unterzogen und denke es nun-
587 1251 2066 1360 mehr endgiltig abgeschlossen zu haben. Es scheint mir
574 1343 2013 1447 nicht übel. Nun will ich es, zur Erleichterung aller
574 1437 1953 1571 weiteren Massnahmen, drucken lassen, natürlich nicht
562 1554 1976 1641 gleich als Buchsondern in Fahnenexemplaren, so dass
562 1671 2001 1771 correcturen auch weiterhin möglich sein werden. Ich
581 1754 2042 1890 möchte Ihnen dann lieber gleich so ein gedrucktes Ma¬
574 1855 2116 1980 nuscript senden, was etwa Anfang Juni statthaben könnte.-
568 1969 2047 2047 Im übrigen hab ich keinen guten Winter gehabt, war mit
581 2042 2057 2180 den Nerven miserabel dran und habe wohl einiges recht
562 2172 2068 2276 weitläufig skizziert, insbesondere novellistisches,aber
562 2260 2042 2397 nichts abgeschlossen. Der Sommer wird hoffentlich in
581 2375 2061 2494 jedem Sinne besser werden. Mit einem Wiener Gastspiel
562 2454 1591 2608 Ihrerseits ist es heuer wohl nichts?
4311 633 4570 743 26.4.10.
3177 720 4605 835 Von zwei Theatervorstellungen hab ich zu melden, die
3166 835 4634 931 mir, beide in ihrer Art, viel Vergnügen bereitet haben:
3166 917 4622 1009 „Der halbe Held“ und „Feldherrnhügel“. Letzteres sah
3166 1002 4645 1159 ich heut in einer Generalprobe der Neuen Wiener Bühne
3172 1117 4586 1266 (fürs Dresdner Gastspiel) und erkläre diese Komödie
3172 1207 4651 1366 für eine der amüsantesten, die ich jemals gesehen habe.
3166 1332 4580 1456 Der „halbe Held“ (Volksbühne) bleibt das tüchtigste
3172 1408 4628 1525 Theat erstück Eulenbergs, und mir ist es geradezu unbe-
3147 1529 4557 1671 greiflich, dass sich noch kein ernsthafter Direktor
3153 1650 4611 1781 zu der Aufführung entschlossen hat. Ein so schlanker
3160 1756 4511 1873 Baueine so reinliche Arbeit, eine so einheitlich
3153 1857 4628 1953 durchbildete Sprache, so treffliche theatralische Ein-
3153 1946 4580 2055 fälle im Einzelnen, als ein echt dramatischer Zug im
3160 2070 4622 2184 Ganzen. Spräche sich eine wahrhaft grosse Persönlich-
3147 2159 4526 2276 keit in dem Werk aus, so wäre es gross zu nennen -
3153 2274 4651 2354 denn alles übrige ist da, und in so guter Mischung, dass
3147 2368 4549 2448 man in den besten Momenten des Stücks geneigt sein
3147 2487 4653 2575 möchte, auch die Persönlichkeit zu wittern, deren Eigen-
