5133 3750
446 531 613 646 ouvrier de
1320 512 1543 653 II
1739 832 2052 918 (29.1.08.)
657 893 1248 987 vorschläge zu hören.-
663 966 2130 1082 Olga ist wieder wohlauf; in der vorigen Woche ist bei
657 1088 2145 1177 uns desinfiziert worden; nächste hoffen wir auf einige
657 1183 2170 1292 Tage auf den Semmering zu gehen, wo wir mit unserm Buben
663 1288 2067 1385 zusammentreffen, der vorläufig noch bei meiner Mama
655 1419 2109 1503 wohnt. Für Ihre Theilnahme in dieser ganzen Zeit, lie¬
644 1509 2096 1608 ber Freund, danken wir beide Ihnen vom Herzen, sie hat
663 1629 2036 1701 uns wirklich wohlgetan. Ich bin schon mit allerlei
644 1707 2120 1848 Plänen beschäftigt; vielleicht fang ich bald ernstlich
652 1838 2137 1913 zu arbeiten an. Sie kommen doch im Frühjahr nach Wien?
646 1922 2031 2033 Ich habe ein rechtes Bedürfnis, mit Ihnen zu reden!
933 2014 1905 2143 Viele schöne Grüsse von uns Reiden.
3905 848 4330 962 Wien, 2.2.1908.
3244 964 3661 1053 Lieber Freund,
3250 1021 4705 1154 etwas verspätet entledige ich mich eines Auftrags, der
3237 1156 4688 1267 mir schon vor Monaten geworden: Sie zu fragen, ob Sie
3237 1269 4705 1389 so eine Art von Vicedramaturgen,Vicesekretär etc. be¬
3237 1368 4688 1480 nöthigen, für welches Amt man Ihnen den kleinen Herrn
3225 1427 4663 1558 ### empfehlen möchte, der früher am Kleinen Theater
3250 1587 4688 1692 war. Dass aus diesem jungen Menschen unter günstigen
3237 1661 4604 1793 Verhältnissen was werden könnte, glaub ich selbst.
3250 1795 4700 1892 Wenn Sie der ganzen Frage überhaupt näher treten wol-
3237 1873 4721 1987 len, steh ich zu weiterer Auskunft gern zur Verfügung.-
3250 1979 4719 2115 - Auf meinen letzten Brief bin ich noch ohne Antwort;
3256 2096 4679 2195 trotzdem will ich nicht unterlassen heute auszuspre-
3237 2214 4749 2322 ehen, dass es mir mit jedem Tag um die Ausschaltung des
3237 2299 4610 2396 Einakters "Lebendige Stunden", leider und leiderer
3256 2406 4736 2528 thut. Es sind schon schwächere Kinder gerettet worden,
3273 2505 4652 2633 und man sollte den Kritikern (ich meine natürlich
3242 2595 4772 2724 nicht die wirklichen - die schreiben nämlich nur selten
3244 2694 4772 2793 Kritiken) doch eigentlich nicht so ohneweiters weichen-
