5123 3685
1110 645 1796 771 Marienlyst, 12. Juli 1906.
652 791 1054 874 Lieber Freund,
538 829 1986 958 nun sind wir schon 14 Tage da, und es gefällt uns ei¬
538 954 2044 1078 gentlich mit jedem Tage besser. Das Hotel ist in jeder
551 1041 2044 1164 Art vorzüglich, Wohnung, Essen, Bedienung, die gemeinsamen
538 1155 1991 1279 Räume weit und luftig; der Park schattig und freund-
551 1239 2032 1382 lich zugleich, das Seebad, wenn auch kein sog. Strand da
562 1359 2021 1487 ist (wenigstens keiner zum Baden) köstlich u. wellen-
568 1461 1972 1584 schlägerisch; anmutige Spaziergänge, reizvolle Gänse
562 1571 2032 1686 ins Land, Wald, Feld, Meer, auch Blicke in die freie See;
568 1672 1967 1800 kurz, wenn es Ihnen in Nordwyk nicht sehr behagt, so
562 1772 2019 1918 kann ich Ihnen nur rathen? Kommen Sie her, Sie werden
581 1860 1961 2002 es nicht bereuen. Wir leben in halber Pension; den
568 1982 2076 2108 Abend haben wir uns frei gemacht, weil das 6 Uhr Dinner
581 2108 2076 2199 mir zu früh und zu opulent war. Wir bleiben jedenfalls
585 2182 2014 2312 bis auf weiteres; eine Reise von hier an die Nordsee
587 2308 1989 2408 en famille ergibt sich als eine allzu umständliche
598 2379 2053 2528 Sache, und so ist unser (natürlich nicht felsenfestes,
598 2486 2092 2702 aber doch auch nicht geradezu kahanisch-holländerisch-
4067 669 4352 774 (12.7.06.)
3066 742 4408 849 reinhardtisches) Programm: etwa Mitte August Kiel
3071 849 4517 939 TSchleswig Holstein), Berlin (Heini und Fräulein nach
3075 936 4534 1044 Wien senden) Weimar,Thüringen - (München? - Salzkamner-
3077 1046 3405 1159 gut?) Wien.
3077 1157 4519 1239 Mit jener Intuition, die ich stets an Ihnen bewundert
3082 1256 4551 1359 habe, wissen Sie an der Nordsee, ja schreiben mir genau
3069 1352 4513 1455 an dem 8.Juli, dass Sie das A.stück von mir erhoffen,
3088 1455 4532 1582 an dem ich es frisch und frei, einigermassen fröhlich,
3082 1558 4487 1665 aber gar nicht fromm zu dichten oder mindestens zu
3071 1672 4513 1778 verfassen begonnen habe. Dass es heuer oder gar für
3088 1770 4581 1877 heuer fertig wird, erscheint mir allerdings ausgeschlos-
3088 1871 4492 1971 sen, Auch müsst ich dieses Stück (wenn es überhaupt
3082 1965 4551 2074 für Russland geeignet ist) jedenfalls ein paar Monate
3082 2053 4541 2196 vor einer Aufführung in Deutschland dem Stanislawski
3101 2168 4564 2291 schicken - sowohl aus künstlerischen als finanziellen
3082 2286 4461 2391 Gründen möcht ich auf das Moskauer „Künstlerische
3081 2378 4581 2479 Theater" nicht verzichten. Aber das ist natürlich noch
3086 2481 4549 2618 ein weites Feld, eine Steppe möcht man sprechen. Auch
3081 2599 3244 2691 ΞΑκαι  κἰν
