2569 3635
2269 387 2419 517 G.F.P.
1900 474 2122 619 rcheur.
1347 512 1519 629 lui
633 793 2005 941 und Seite 19 " der Geruch ihrer Jugend steigt Dir
654 916 1992 1047 in die Nase, etc. kann ich unmöglich verzichten.
644 1035 2101 1132 Völlig rätselhaft ist der Strich Seite 26, durch den
648 1117 2054 1209 die wichtige Stelle wegfallen würde“ sie haben ein-
654 1187 2076 1320 ander zugeschworen, dass keiner von ihnen die Heimat
648 1291 2025 1380 wiedersehen wird“.Im weitern Verlauf, bis zur 8.
654 1332 2206 1439 Seene, habe ich mich mit dem grösseren Teil der Striche
658 1441 2183 1525 einverstanden erklärt. Doch hier müssen die Stellen auf
650 1537 2208 1634 Seite 45, die ebenso wichtig für die Charakteristik
652 1611 2218 1716 für des Adjunkten, als für den Sinn des Stückes sind,
711 1669 2200 1771 in einer früheren Epoche sollte das Stück sogar den
644 1783 2120 1884 Namen tragen, der Wiederhall unbedingt wieder auf-
664 1861 2072 1954 gemacht werden. In der 9. Scene ist insbesondre die
664 1937 2152 2033 Rede der Marie auf Seite 53, sowohl aus rytmischen als
672 2013 2228 2138 physchologischen Grunden unerlässlich. Wo ich sonst nicht
670 2124 2054 2202 der Ansicht des verehrten Herrn Streichers bin, ist
650 2179 2218 2300 aus dem Buche zu ersehen. Im 2. Akt, der schon an sich
676 2271 2220 2361 von einer gefährlichen Kürze ist, wurde es für ntig gehab
678 2359 2115 2448 teneine für den Obersten sehr Charakteristischen und
681 2404 2220 2532 wahrhaftig nicht langweilige Stelle auf Seite 78 zu elem
648 2501 1945 2628 nieren.Ich gebe ihr hiermit das Leben wieder.
670 2583 2074 2714 In gleicher Weise, glaube ich mich berechtigt, auf
