8232 3705
2138 646 2614 820 3 choses
3192 686 3540 838 20.9.1910
462 810 1746 944 mich nur rechtzeitig an welchem Tag Sie kommen.
448 906 1722 1030 Natürlich hoffe ich auch auf dem Semiering mit
2486 904 2894 1024 Lieber Freund.
466 1014 1678 1144 Ihnen batsammen zu sein. Kainz geht (das ist
2410 1052 3754 1194 Gestern habe ich zur ersten Mal wieder den Paron
450 1098 1782 1192 ziemlich sicher) in ungefähr zehn Tagen auf den
2278 1158 3766 1284 Bergergesprochen.Mtt Beziehungsnahme auf seine frühere
454 1186 1698 1300 Semmering. Sollte sich in diesen Dispositionen
2282 1264 3672 1352 Ihnen behannte Aeusserung,er traue sich gar nicht
456 1264 1766 1416 etwas ändern, so verständige ich Sie rechtzeitig.
2284 1340 3622 1466 recht “Das meite Land” am Burgtheater ohne Kainz
2278 1444 3598 1548 zu spielen, legte ich ihn nahe mir das Stück, ber
2278 1520 3736 1628 das wir ja noch keine offizielle Vereinbarung getrof-
2278 1620 3730 1700 fen, wieder zur Verfügung zu stellen.Er aber erklärte
2278 1690 3766 1824 in der denkbar schmeichelhaftesten Weise, dass er nicht
2284 1788 3754 1902 daran denke auf dieses Stück zu verzichten und erzähl¬
2296 1858 3730 1984 te mir von seinen verschiedenen +länen und Absichten.
2290 1970 3670 2082 insbesondere insoweit sie sich auf die Nachfolger-
2284 2070 3634 2142 schaft für unsern armen Kainz und spezieller noch
2284 2136 3736 2240 auf eventuelle Besetzungsmöglichkeiten des Hofreiter
2284 2220 3684 2328 beziehen.Hier ber kann ich nichts Näheres verraten,
2284 2300 3678 2430 erstens veil es indiskret wäre, zuettens, weil es so-
2278 2410 3658 2524 wieso in den Zeitungen steht. Er hält es sogar noch
2278 2488 3688 2598 immer für möglich "Das weite Land" mit seinem neuen
2272 2570 3708 2694 Mann im Januar herauszubringen oder behauptet es für
2266 2682 3694 2822 möglich zu halten. Ich für meinen Teil halte es für
6234 786 7694 920 vermindert würden.Andererseits die ganze Satson vor¬
4446 828 5858 988 für höchst unwahrsche inlich. Natürlich weiss er sehr
6246 900 7712 1020 streichen lassen,-der Gedanke wäre auch nicht erfreu¬
4452 968 5800 1090 gut, dass er nun keineswegs von mir verlangen kann.
6252 1002 7622 1108 lich. So bitte ich Sie denn mich ehebaldigst Ihre
4440 1046 5864 1164 eine Traufführung am Burgtheater abzuwarten und hic-
6246 1080 7658 1208 Ansicht wissen zu lassen. Erwähnen möchte ich noch.
4440 1142 5872 1242 mit beginnt der Sie interessterende Teil der Angele¬
6258 1170 7640 1316 dass das Münchner Hoftheater die Première gern mit
4452 1232 5812 1354 genheit. Lassen Sie mich die Entscheidung in Ihre
6246 1260 6868 1376 Berlin zugleich hätte.
4456 1338 5812 1422 direktorialen Freundeshände legen. Erstens - könne###
6376 1372 7638 1500 Die Medardus-Première, bei der Sie hoffentlich
4440 1398 5882 1522 Sie das Stück noch im Jünner spielen! Wenn Ihnen des
6252 1448 7616 1550 nicht fehlen werden, erleidet durch die Totenfeier
4440 1486 5900 1594 nicht mehr möglich ist, so möchte ich die Sache jedes¬
6252 1524 7698 1664 für Kainz eine Verzögerung.Ste dürfte kaum vor Mitte
4452 1560 5904 1692 falls auf nächs te Satson verschoben wissen. Und ferner
6246 1640 7596 1738 November statt finden. Gestern hatte ich Kainzenc
4440 1674 5782 1766 wollen Sie es zuerst spielen? Das heisst, scheint
6246 1708 7696 1840 Manuscrirte in Händen. Berger will den "Saul" auf jäh-
4458 1736 5854 1868 Ihnen die Graufführung mit Mornard (die andern Rcl-
4458 1860 5806 1952 len sind natürlich bei Ihnen alle glänzend zu be¬
6396 1884 7626 2006 Gratuliere zu Ihrem Erfolg mit den "Einsamen
4464 1940 5738 2044 setzen) und bei dem oft genug zwischen uns be¬
6246 1986 7706 2094 Menschen“, prophezete Ihnen für heuer ein gutes Jahr,
4464 2008 5896 2150 sprochenen Missverhältnis des Berliner Publikums und
6258 2062 7724 2210 ohne noch zu ahnen, ob ich daran beteiligt sein werde.
4480 2118 5884 2220 insbesondere ### der Berliner Kritik zu österreichi-
6258 2148 7068 2250 Ja richtig, und der “Anatol”.
4470 2202 5906 2304 scher Welt und Atmosrhäre nicht als eine niskirte Sa-
4474 2272 5896 2392 che? Rosenbaum (nicht-Stock) sonst als guter Prophet
4476 2358 5800 2498 bekannt, hält “Das weite Land” allerdings für das
4482 2470 5834 2584 theatersicherste Stück, das ich je geschrieben und
4476 2520 5878 2656 findet,es set gerade dasjenige, vonach die deutschen
4476 2634 5928 2734 Bühnen heute lechzen, aber gerade deshalb wünschte ich
5620 2696 5932 2828 Durch aussi
4462 2712 5484 2824 sehr, dass die Chancen meines Stücken
4464 2772 5484 2920 Mamente, wie die oben angedeuteten,
