5081 3748
1182 763 1363 897 74
1594 817 2042 903 Wien; 16.3.1908.
679 936 2126 1015 Lieber Freund, wenn man, wie ich unbescheiden beginne,
693 1023 2143 1122 von uns absieht, haben Sie diesmal durch Ihr Fernblei-
693 1153 2071 1225 ben von Wien nicht viel verloren - ein quatschiges
676 1207 2170 1326 Märzwetter, das nun in unfreundliches Winterspiel über-
676 1365 2190 1433 geht. Im Grunde haben wir uns noch alle nicht ganz er-
687 1466 2106 1534 rafft, Olga eigentlich schon mehr als ich, dem es mit
687 1574 2062 1642 den Nerven recht miserabel geht, was sich physisch
687 1671 2114 1747 in einem beinahe ununterbrochenen Kopfdruck und pay-
697 1714 2151 1879 chisch in einem mangelnden Arbeitsmut ausdrückt, Bes-
693 1829 2163 1949 ser sagte ich: Begriffsmut; denn Visionen sind da,mehr
705 1924 2174 2052 als das, weit und präzis geführte Pläne; Gestalten von
705 2040 2139 2168 lockender Lebendigkeit;- aber ich schwanke von einem
687 2135 2062 2250 Stoff zum andern ohne mit entscheiden zu können.
699 2229 2194 2357 (Manches ist szenen-ja aktweise schon hinge schrieben.)
691 2345 2188 2471 Es sind ganz besonders (um nur vom dramatischen zu re-
699 2444 2199 2564 den) drei Stücke, um die es sich dreht; eine dreiaktige
699 2537 2199 2689 Komödie, ein fünfaktiges Schauspiel, eine phantastische
710 2652 2137 2811 Historie in etwa 20 Bildern (genug?) - aber allerlei
4238 808 4529 909 (16.3.08.)
3242 856 4729 982 anderes ist so weit vorgerückt, dass es doch noch frü-
3254 988 3882 1095 her drankommen kann.-
3254 1066 4758 1192 -Zum Ruf: die Aenderungen, die ich vor hatte, haben sich
3252 1184 4675 1301 als (für mich) unmöglich erwiesen, im ersten Drittel
3257 1291 4739 1417 des dritten Aktes (bis dahin hatte ich diktiert) zeig-
3275 1378 4770 1522 ten sich unüberwindliche Hindernisse. Nun habe ich mir
3254 1501 4752 1596 das Drama noch einmal vorgenommen, und versucht, auf dem
3254 1598 4766 1712 früheren ethischen und szenischen Grunde weiterzubauen.
3254 1728 4733 1817 Ich habe gewisse dialectische Verstiegenheiten aus dem
3259 1817 4680 1945 ersten eliminiert; am Schluss des zweiten eine neue
3265 1914 4657 2029 Szene geschrieben, so dass Marie sich im Vollbesitz
3252 2005 4758 2143 ihrer Jungfräulichkeit entfernt und dieselbe“ soweit
3248 2116 4729 2227 es ihr „wohl zuzutrauen ist") im dritten noch besitzt
3277 2217 4729 2359 (nicht aus sittlichen, sondem aus logi sch-physiologi-
3271 2328 4770 2436 schen Bedenken (meinerseits). Und nun diktier ich den
3271 2423 4830 2541 dritten ganz neu, der an manchen Stellen einen auffallend
3271 2531 4770 2656 schlechten Dialog hat; mache gewisse Umstellungen, lasse
3265 2644 4675 2768 die Katharina (Frl.Orloff) im Zimmer, nicht auf der
