5109 3823
459 890 1908 1031 oder minder ebenen Wegen, unter blauem Himmel, grauem
478 985 1993 1142 Schirm und grünem Blätterdach und grussen freundschaft-
484 1082 1968 1252 lich treu, ein gutes und nicht allzufernes Wiedersehen
476 1238 791 1347 erhoffend.
931 1426 1095 1538 A.S.
3560 741 4170 902 77 Wien, 28.3.1909.
3053 865 4607 1014 Lieber Freund, dem freundlichen Ruf kann ich leider nicht
3057 985 4466 1111 folgen. Erstens steck ich tief in der Arbeit. (Ein
3059 1064 4530 1227 Stück, Tragikomödie [ich kann mir nicht helfen] in 5 Ak-
3075 1176 4501 1312 ten ist so gut (und so schlecht) wie fertig; das an-
3071 1289 4478 1440 dre (das gewisse mit der theueren Ausstattung) „naht"
3082 1407 4541 1527 sich wie mir scheint, dem Ende; ich hoffe, Anfang, Mitte
3077 1496 4491 1649 Mai, bis auf letzte Feilen auch dies hinter mich ge-
3082 1594 4481 1742 bracht zu haben (bin recht erfüllt davon) über das
3090 1707 4638 1846 äusserlich-projektirliche der beiden Maschinen sei -
3082 1827 4561 1929 les aufs mündliche verschoben, sicher ist nur dass das
3100 1912 4586 2039 eine bis auf weiteres (die Tragikomödie) in die Reser-
3102 2030 4480 2152 ve übersetzt wird (eventuell auch ins russische) -
3094 2123 4536 2247 Numero zwei: Meine Frau ist ziemlich leidend, wir ge-
3094 2231 4561 2349 denken nämlich etwa Mitte September den Heini mit ei-
3102 2320 4586 2444 ner Schwester zu überraschen (die nachmals so berühmt
3113 2428 4592 2572 gewordene Sängerin..) und Olga trägt diesen hoffnungs-
3125 2562 4607 2668 vollen Zustand mit allerlei Beschwerden, die wohl noch
