<?xml version="1.0" encoding="UTF-8" standalone="yes"?>
<PcGts xmlns="http://schema.primaresearch.org/PAGE/gts/pagecontent/2013-07-15" xmlns:xsi="http://www.w3.org/2001/XMLSchema-instance" xsi:schemaLocation="http://schema.primaresearch.org/PAGE/gts/pagecontent/2013-07-15 http://schema.primaresearch.org/PAGE/gts/pagecontent/2013-07-15/pagecontent.xsd">
    <Metadata>
        <Creator>prov=READ-COOP:name=TrHtr:version=2.1.0:model_id=51170:date=25_07_2023_18:01</Creator>
        <Created>2023-05-02T07:44:27.038+02:00</Created>
        <LastChange>2023-07-25T18:01:04.824+02:00</LastChange>
        <TranskribusMetadata docId="1416707" pageId="54950207" pageNr="21" tsid="130768679" status="IN_PROGRESS" userId="64420" imgUrl="https://files.transkribus.eu/Get?id=ZYQLCRRNCROWUCYRQXMNJVDN&amp;fileType=view" xmlUrl="https://files.transkribus.eu/Get?id=EBVMFFNVHZMXVUMVDSMWPDFQ" imageId="44453933"/>
    </Metadata>
    <Page imageFilename="1416707_0021.jpg" imageWidth="5206" imageHeight="3748">
        <ReadingOrder>
            <OrderedGroup id="ro_1711829147221" caption="Regions reading order">
                <RegionRefIndexed index="0" regionRef="tr_1"/>
                <RegionRefIndexed index="1" regionRef="tr_2"/>
            </OrderedGroup>
        </ReadingOrder>
        <TextRegion id="tr_1" custom="readingOrder {index:0;}">
            <Coords points="608,564 2184,564 2184,2731 608,2731"/>
            <TextLine id="tr_1_tl_1" custom="readingOrder {index:0;}">
                <Coords points="1171,644 1213,644 1246,619 1272,627 1287,619 1320,633 1347,621 1372,637 1404,621 1462,662 1481,658 1479,540 1442,544 1421,532 1402,542 1382,522 1367,530 1343,522 1305,542 1279,526 1169,538"/>
                <Baseline points="1181,620 1217,614 1307,620 1396,620 1486,614"/>
                <TextEquiv>
                    <Unicode>Votre très bien aussi</Unicode>
                </TextEquiv>
            </TextLine>
            <TextLine id="tr_1_tl_2" custom="readingOrder {index:1;}">
                <Coords points="1021,910 1116,870 1165,889 1396,854 1444,876 1570,854 1704,872 1755,848 1796,868 1858,837 1858,800 1817,784 1485,804 1388,798 1345,761 1165,808 1021,786"/>
                <Baseline points="1032,865 1056,859 1145,847 1235,841 1324,841 1414,841 1503,847 1593,847 1683,841 1772,841 1862,847"/>
                <TextEquiv>
                    <Unicode>73 Semmering, 16.2.1908.</Unicode>
                </TextEquiv>
            </TextLine>
            <TextLine id="tr_1_tl_3" custom="readingOrder {index:2;}">
                <Coords points="615,963 685,992 765,961 829,980 870,961 947,959 1021,996 1021,887 1004,881 930,889 903,879 850,893 829,881 743,891 703,877 676,893 615,893"/>
                <Baseline points="626,954 716,948 805,948 895,948 984,954 1026,960"/>
                <TextEquiv>
                    <Unicode>Lieber Freund,</Unicode>
                </TextEquiv>
            </TextLine>
            <TextLine id="tr_1_tl_4" custom="readingOrder {index:3;}">
                <Coords points="615,1075 1444,1058 1600,1120 1778,1058 2071,1083 2071,1004 1609,959 1281,967 1163,1023 615,1009"/>
                <Baseline points="626,1056 644,1050 734,1056 823,1050 913,1050 1002,1050 1092,1050 1181,1050 1271,1050 1360,1050 1450,1044 1539,1050 1629,1044 1718,1044 1808,1044 1897,1044 1987,1044 2076,1044"/>
                <TextEquiv>
                    <Unicode>vor allem Aufklärung eines Missverständnisses. Meine</Unicode>
                </TextEquiv>
            </TextLine>
            <TextLine id="tr_1_tl_5" custom="readingOrder {index:4;}">
                <Coords points="604,1173 1066,1206 1110,1167 1338,1155 1681,1194 2060,1159 2060,1101 604,1101"/>
                <Baseline points="614,1157 632,1151 722,1151 811,1151 901,1151 990,1157 1080,1151 1169,1151 1259,1151 1348,1151 1438,1151 1527,1151 1617,1151 1706,1151 1796,1151 1885,1151 1975,1151 2064,1151"/>
                <TextEquiv>
                    <Unicode>Frau schrieb: „Sie kommen also nicht? Es ist wunder-</Unicode>
                </TextEquiv>
            </TextLine>
            <TextLine id="tr_1_tl_6" custom="readingOrder {index:5;}">
                <Coords points="610,1301 1054,1266 1635,1328 1854,1270 2122,1305 2100,1196 610,1202"/>
                <Baseline points="620,1259 710,1259 799,1259 889,1259 978,1259 1068,1253 1157,1253 1247,1253 1336,1253 1426,1259 1515,1253 1605,1259 1694,1253 1784,1253 1874,1259 1963,1259 2053,1259 2124,1265"/>
                <TextEquiv>
                    <Unicode>schön heroben." Auf diese zweideutige Zusammenstellung</Unicode>
                </TextEquiv>
            </TextLine>
            <TextLine id="tr_1_tl_7" custom="readingOrder {index:6;}">
                <Coords points="598,1400 1405,1405 1491,1367 1998,1402 2131,1367 2131,1310 598,1318"/>
                <Baseline points="608,1360 698,1360 787,1360 877,1360 966,1360 1056,1366 1145,1360 1235,1360 1324,1360 1414,1360 1503,1360 1593,1360 1683,1354 1772,1360 1862,1360 1951,1360 2041,1360 2130,1360 2136,1360"/>
                <TextEquiv>
                    <Unicode>bezog sich mein „Sie meint’s nicht so." Olga hat gleich</Unicode>
                </TextEquiv>
            </TextLine>
            <TextLine id="tr_1_tl_8" custom="readingOrder {index:7;}">
                <Coords points="621,1497 1087,1477 1361,1532 1473,1479 2031,1491 2032,1427 1986,1415 623,1421"/>
                <Baseline points="632,1468 692,1468 781,1468 871,1468 960,1468 1050,1468 1139,1468 1229,1468 1318,1468 1408,1462 1498,1468 1587,1462 1677,1462 1766,1462 1856,1462 1945,1462 2035,1462"/>
                <TextEquiv>
                    <Unicode>vermuthet, dass Sie meinen Witz nicht verstehen wer-</Unicode>
                </TextEquiv>
            </TextLine>
            <TextLine id="tr_1_tl_9" custom="readingOrder {index:8;}">
                <Coords points="621,1596 1091,1576 1277,1644 1615,1584 2013,1605 1996,1516 761,1541 621,1508"/>
                <Baseline points="632,1569 674,1569 763,1569 853,1569 942,1569 1032,1569 1122,1569 1211,1569 1301,1569 1390,1569 1480,1569 1569,1563 1659,1569 1748,1569 1838,1569 1927,1569 2017,1563"/>
                <TextEquiv>
                    <Unicode>den. Und ich hab Sie überschätzt.- Oder sollte der</Unicode>
                </TextEquiv>
            </TextLine>
            <TextLine id="tr_1_tl_10" custom="readingOrder {index:9;}">
                <Coords points="604,1689 755,1720 971,1695 1066,1720 1145,1691 1194,1708 1260,1679 1409,1679 1409,1615 1330,1650 1033,1650 604,1613"/>
                <Baseline points="614,1677 698,1677 787,1677 877,1677 966,1677 1056,1677 1145,1677 1235,1677 1324,1677 1414,1671"/>
                <TextEquiv>
                    <Unicode>Witz schlecht gewesen sein? -</Unicode>
                </TextEquiv>
            </TextLine>
            <TextLine id="tr_1_tl_11" custom="readingOrder {index:10;}">
                <Coords points="610,1803 2122,1801 2122,1732 1891,1704 1380,1753 610,1726"/>
                <Baseline points="620,1778 710,1778 799,1778 889,1778 978,1778 1068,1778 1157,1778 1247,1772 1336,1778 1426,1778 1515,1778 1605,1772 1694,1772 1784,1772 1874,1778 1963,1778 2053,1778 2124,1784"/>
                <TextEquiv>
                    <Unicode>Für heute nur noch, dass der Ruf nach fruchtbringenden</Unicode>
                </TextEquiv>
            </TextLine>
            <TextLine id="tr_1_tl_12" custom="readingOrder {index:11;}">
                <Coords points="610,1900 1939,1912 2077,1891 2077,1821 1930,1788 1635,1854 610,1834"/>
                <Baseline points="620,1885 650,1879 740,1885 829,1879 919,1885 1008,1879 1098,1879 1187,1879 1277,1879 1366,1879 1456,1879 1545,1879 1635,1879 1724,1879 1814,1879 1903,1879 1993,1879 2082,1879"/>
                <TextEquiv>
                    <Unicode>Gesprächen mit Olga und dem (bereits abgereisten) Hu-</Unicode>
                </TextEquiv>
            </TextLine>
            <TextLine id="tr_1_tl_13" custom="readingOrder {index:12;}">
                <Coords points="615,2023 1916,2021 2089,2001 2089,1937 615,1943"/>
                <Baseline points="626,1999 662,1993 751,1987 841,1987 931,1987 1020,1987 1110,1987 1199,1987 1289,1987 1378,1987 1468,1987 1557,1987 1647,1981 1736,1987 1826,1981 1915,1987 2005,1987 2094,1975"/>
                <TextEquiv>
                    <Unicode>go, mich fortdauernd beschäftigt. Lassen Sie sich nur</Unicode>
                </TextEquiv>
            </TextLine>
            <TextLine id="tr_1_tl_14" custom="readingOrder {index:13;}">
                <Coords points="627,2124 2077,2116 2077,2060 1833,2029 1173,2064 627,2032"/>
                <Baseline points="638,2094 728,2094 817,2088 907,2094 996,2088 1086,2088 1175,2088 1265,2088 1354,2088 1444,2088 1533,2088 1623,2088 1712,2088 1802,2088 1891,2094 1981,2088 2070,2094 2082,2094"/>
                <TextEquiv>
                    <Unicode>sagen, dass, wenn mein neuer Plan zur Aufführung kommt,</Unicode>
                </TextEquiv>
            </TextLine>
            <TextLine id="tr_1_tl_15" custom="readingOrder {index:14;}">
                <Coords points="621,2227 2025,2213 2060,2153 621,2155"/>
                <Baseline points="632,2196 722,2196 811,2196 901,2196 990,2196 1080,2196 1169,2196 1259,2196 1348,2196 1438,2196 1527,2196 1617,2196 1706,2196 1796,2196 1885,2196 1975,2196 2064,2196"/>
                <TextEquiv>
                    <Unicode>eine andere Decoration zum 3. Akt notwendig ist - was</Unicode>
                </TextEquiv>
            </TextLine>
            <TextLine id="tr_1_tl_16" custom="readingOrder {index:15;}">
                <Coords points="621,2341 701,2310 953,2345 1530,2306 1646,2361 1831,2306 2036,2328 2036,2244 1256,2271 1025,2223 621,2230"/>
                <Baseline points="632,2303 698,2297 787,2297 877,2297 966,2297 1056,2297 1145,2297 1235,2297 1324,2297 1414,2303 1503,2297 1593,2297 1683,2297 1772,2297 1862,2297 1951,2297 2041,2297"/>
                <TextEquiv>
                    <Unicode>aber reichlich dadurch wett gemacht wird, dass nicht</Unicode>
                </TextEquiv>
            </TextLine>
            <TextLine id="tr_1_tl_17" custom="readingOrder {index:16;}">
                <Coords points="610,2425 1009,2450 1068,2415 1823,2405 2036,2460 2095,2425 2056,2353 1842,2339 1623,2378 610,2363"/>
                <Baseline points="620,2405 710,2405 799,2405 889,2405 978,2411 1068,2405 1157,2405 1247,2405 1336,2399 1426,2405 1515,2405 1605,2405 1694,2405 1784,2405 1874,2405 1963,2405 2053,2405 2100,2411"/>
                <TextEquiv>
                    <Unicode>nur Marie nicht während des ganzen 2. Aktes versteckt</Unicode>
                </TextEquiv>
            </TextLine>
            <TextLine id="tr_1_tl_18" custom="readingOrder {index:17;}">
                <Coords points="621,2524 2182,2539 2182,2471 2112,2456 1264,2487 621,2434"/>
                <Baseline points="632,2506 722,2506 811,2506 901,2506 990,2506 1080,2506 1169,2506 1259,2506 1348,2506 1438,2500 1527,2506 1617,2506 1706,2506 1796,2506 1885,2506 1975,2506 2064,2506 2154,2512 2184,2506"/>
                <TextEquiv>
                    <Unicode>ist (sie kommt erst zum Schluss), sondern dass auch Irene</Unicode>
                </TextEquiv>
            </TextLine>
            <TextLine id="tr_1_tl_19" custom="readingOrder {index:18;}">
                <Coords points="615,2630 1009,2617 1089,2658 1229,2617 1784,2617 1980,2675 2137,2636 2137,2537 1963,2580 1279,2537 1039,2586 615,2562"/>
                <Baseline points="626,2614 716,2614 805,2614 895,2614 984,2614 1074,2614 1163,2614 1253,2608 1342,2608 1432,2608 1521,2614 1611,2608 1700,2614 1790,2614 1879,2614 1969,2614 2059,2614 2142,2614"/>
                <TextEquiv>
                    <Unicode>am Leben bleibt, wodurch der Pistolenschuss des Obersten</Unicode>
                </TextEquiv>
            </TextLine>
            <TextLine id="tr_1_tl_20" custom="readingOrder {index:19;}">
                <Coords points="623,2739 2128,2749 2100,2677 1714,2644 1239,2689 621,2669"/>
                <Baseline points="632,2715 722,2715 811,2715 901,2715 990,2721 1080,2715 1169,2715 1259,2715 1348,2715 1438,2715 1527,2715 1617,2715 1706,2721 1796,2721 1885,2721 1975,2721 2064,2715 2130,2721"/>
                <TextEquiv>
                    <Unicode>entfällt. Hingegen ist diesem (Obersten) im 3.Akt noch</Unicode>
                </TextEquiv>
            </TextLine>
        </TextRegion>
        <TextRegion id="tr_2" custom="readingOrder {index:1;}">
            <Coords points="3121,857 4625,857 4625,2086 3121,2086"/>
            <TextLine id="tr_2_tl_1" custom="readingOrder {index:0;}">
                <Coords points="4172,945 4213,949 4273,928 4308,949 4387,926 4422,949 4477,940 4477,796 4457,798 4418,829 4397,819 4360,835 4327,819 4282,841 4216,844 4172,825"/>
                <Baseline points="4183,913 4213,907 4303,907 4392,907 4482,907"/>
                <TextEquiv>
                    <Unicode>(16.2.08.)</Unicode>
                </TextEquiv>
            </TextLine>
            <TextLine id="tr_2_tl_2" custom="readingOrder {index:1;}">
                <Coords points="3110,1037 4539,1041 4572,943 3112,945"/>
                <Baseline points="3121,1038 3145,1038 3234,1032 3324,1032 3413,1032 3503,1026 3592,1026 3682,1026 3771,1026 3861,1020 3950,1020 4040,1014 4129,1014 4219,1008 4309,1008 4398,1008 4488,1008 4577,1002"/>
                <TextEquiv>
                    <Unicode>was besonderes und der mörderischen Marie ein wunder-</Unicode>
                </TextEquiv>
            </TextLine>
            <TextLine id="tr_2_tl_3" custom="readingOrder {index:2;}">
                <Coords points="3116,1151 4614,1122 4574,1029 3496,1048 3347,1110 3118,1079"/>
                <Baseline points="3127,1145 3186,1139 3276,1139 3366,1133 3455,1133 3545,1133 3634,1133 3724,1127 3813,1133 3903,1127 3992,1122 4082,1116 4171,1116 4261,1116 4350,1110 4440,1116 4529,1110 4619,1110"/>
                <TextEquiv>
                    <Unicode>schöner Tod aufgespart. (Venn ich's treffe.) Das ganze</Unicode>
                </TextEquiv>
            </TextLine>
            <TextLine id="tr_2_tl_4" custom="readingOrder {index:3;}">
                <Coords points="3116,1248 4354,1244 4494,1215 4496,1153 3118,1167"/>
                <Baseline points="3127,1235 3157,1241 3246,1241 3336,1235 3425,1235 3515,1235 3604,1229 3694,1229 3783,1229 3873,1223 3962,1223 4052,1223 4141,1217 4231,1217 4320,1211 4410,1211 4499,1217"/>
                <TextEquiv>
                    <Unicode>Stück würde nach völlig anderer Richtung, nicht in</Unicode>
                </TextEquiv>
            </TextLine>
            <TextLine id="tr_2_tl_5" custom="readingOrder {index:4;}">
                <Coords points="3127,1359 4230,1363 4511,1338 4546,1252 3129,1272"/>
                <Baseline points="3139,1348 3204,1348 3294,1342 3383,1342 3473,1342 3562,1342 3652,1336 3742,1336 3831,1330 3921,1330 4010,1330 4100,1324 4189,1324 4279,1324 4368,1318 4458,1318 4547,1318"/>
                <TextEquiv>
                    <Unicode>ethisch-philosophischer, sondern in dramatischer wei-</Unicode>
                </TextEquiv>
            </TextLine>
            <TextLine id="tr_2_tl_6" custom="readingOrder {index:5;}">
                <Coords points="3125,1489 3768,1479 3974,1433 4523,1458 4620,1438 4622,1351 3127,1378"/>
                <Baseline points="3139,1450 3192,1450 3282,1450 3372,1450 3461,1444 3551,1444 3640,1438 3730,1438 3819,1438 3909,1432 3998,1432 4088,1426 4177,1426 4267,1426 4356,1426 4446,1426 4535,1420 4625,1420"/>
                <TextEquiv>
                    <Unicode>tergeführt, und alles scheinbar episodische des 2.Aktes</Unicode>
                </TextEquiv>
            </TextLine>
            <TextLine id="tr_2_tl_7" custom="readingOrder {index:6;}">
                <Coords points="3135,1572 4319,1553 4335,1458 3137,1491"/>
                <Baseline points="3145,1557 3175,1557 3264,1551 3354,1551 3443,1551 3533,1545 3622,1545 3712,1545 3801,1539 3891,1539 3980,1539 4070,1533 4159,1533 4249,1533 4338,1533"/>
                <TextEquiv>
                    <Unicode>besänne sich im 3. auf seinen tiefern Sinn.</Unicode>
                </TextEquiv>
            </TextLine>
            <TextLine id="tr_2_tl_8" custom="readingOrder {index:7;}">
                <Coords points="3122,1664 4583,1669 4605,1609 4251,1557 3628,1596 3294,1567 3122,1619"/>
                <Baseline points="3133,1659 3175,1653 3264,1653 3354,1653 3443,1653 3533,1653 3622,1653 3712,1647 3801,1641 3891,1641 3980,1641 4070,1641 4159,1641 4249,1635 4338,1635 4428,1635 4517,1641 4607,1647"/>
                <TextEquiv>
                    <Unicode>Ob ich die Sache gleich machen kann, weiss ich nicht:</Unicode>
                </TextEquiv>
            </TextLine>
            <TextLine id="tr_2_tl_9" custom="readingOrder {index:8;}">
                <Coords points="3135,1778 4438,1767 4543,1741 4544,1685 3318,1669 3135,1704"/>
                <Baseline points="3145,1766 3204,1766 3294,1760 3383,1760 3473,1760 3562,1760 3652,1754 3742,1754 3831,1754 3921,1754 4010,1754 4100,1748 4189,1748 4279,1742 4368,1742 4458,1736 4547,1742"/>
                <TextEquiv>
                    <Unicode>ich möchte ja sehr gern; irgend einmal mach ich's</Unicode>
                </TextEquiv>
            </TextLine>
            <TextLine id="tr_2_tl_10" custom="readingOrder {index:9;}">
                <Coords points="3127,1873 3151,1883 3166,1873 3197,1875 3226,1893 3255,1881 3269,1895 3292,1885 3337,1885 3366,1871 3407,1879 3409,1825 3387,1827 3353,1796 3329,1805 3205,1794 3160,1825 3129,1823"/>
                <Baseline points="3139,1868 3145,1868 3234,1868 3324,1862 3413,1862"/>
                <TextEquiv>
                    <Unicode>bestimmt.</Unicode>
                </TextEquiv>
            </TextLine>
            <TextLine id="tr_2_tl_11" custom="readingOrder {index:10;}">
                <Coords points="3133,2011 3290,1976 3395,2001 3675,1965 4065,1972 4053,1867 3653,1895 3479,1869 3137,1885"/>
                <Baseline points="3145,1975 3175,1969 3264,1969 3354,1963 3443,1969 3533,1963 3622,1963 3712,1957 3801,1957 3891,1957 3980,1951 4070,1957"/>
                <TextEquiv>
                    <Unicode>Das nur eiligst, das Essen wartet.</Unicode>
                </TextEquiv>
            </TextLine>
            <TextLine id="tr_2_tl_12" custom="readingOrder {index:11;}">
                <Coords points="3127,2095 4317,2091 4364,2085 4366,2021 3884,2032 3727,1968 3129,2011"/>
                <Baseline points="3139,2076 3204,2076 3294,2070 3383,2070 3473,2070 3562,2070 3652,2070 3742,2064 3831,2064 3921,2064 4010,2059 4100,2059 4189,2059 4279,2059 4368,2059"/>
                <TextEquiv>
                    <Unicode>Herzlichst mit vielen Grüssen von uns Allen.</Unicode>
                </TextEquiv>
            </TextLine>
        </TextRegion>
    </Page>
</PcGts>
