5109 3823
1488 767 1781 882 28.3.09.
452 854 1933 991 ein paar Wochen (etwa bis zur Hälfte der Zeit) anhal-
467 964 1951 1098 ten dürften. Keine wegs möcht ich sie jetzt auf länge-
465 1064 1854 1195 re Zeit allein lassen. Endlich wollen wir Ende Mai
465 1167 1957 1334 sowieso da hinunter - ob wir uns dann in Seis für län-
467 1298 1927 1413 geren Aufenthalt ansiedeln, steht noch nicht fest; es
473 1379 1897 1509 wäre denkbar, dass wir uns doch zu einem Wien nähern
467 1518 1970 1617 Ort, etwa Reichenau, entschliessen. Wann fangen Sie denn
477 1593 1859 1739 an den guten Wienern Ihre Komödien vorzuspielen? -
492 1700 1976 1839 Auch ich hab eine Grippe gehabt, mir fiel es aber darum
477 1822 1884 1948 nicht ein, eine concordia-Vorlesung abzusagen. Gern
492 1908 1824 2047 möcht ich wissen, ob, resp. wie lang Sie den Kainz
497 2028 1364 2137 im nächsten Jahre haben werden?
482 2113 1974 2246 Unbegreiflich, dass Sie Meran nicht mögen, Wir träumen
497 2221 2004 2358 manchmal davon, uns dort dauernd anzusiedeln. Wie über-
501 2325 1974 2471 haupt die hiesigen Wohnungs-und Klima-Verhältnisse...
514 2400 1968 2569 Ich bin diesen Brutalitäten des Daseins nicht gewach-
533 2516 1694 2662 sen, sagte Cavaillet und Flers und Aréne
514 2619 1634 2728 Herzlichst mit Grüssen von uns allen Ihr
3623 749 4233 887 78 Wien, 13.6.1909.
3120 850 4587 966 Lieber Freund, die Comtesse Mizzi mit Anatol-Stückeln
3120 949 4576 1066 zusammen zu geben, halt ich für keine sehr glückliche
3131 1086 4541 1201 Idee; da empfiehlt sich fast mehr ein Anatol-Cyklus
3120 1169 4516 1328 an sich oder für sich (oder für mich), wie ihn Prag
3131 1287 4557 1375 mit Glück (ich glaube 6-7 mal) versucht hat und wie
3120 1372 4537 1492 ihn heuer das Volkst heater in Wien - mit dem Loris-
3115 1495 4494 1589 Prolog - versuchen will. Ob sich dergleichen auch
3115 1591 4541 1745 fürs lessing Theater eignen könnte, wag ich nicht zu
3107 1689 4488 1818 behaupten. Gelegentlich, mit einem sehr glänzenden
3120 1822 4572 1910 Anatol. (Wissen Sie vielleicht, dass Mitterwurzer den
3107 1931 4582 2008 Anatol - auch im lessingtheater bei Blumenthal - fünf
3115 1996 4505 2135 Einakter hätte spielen sollen (auch mit dem Prolog
3115 2100 4582 2253 von Hugo) was nur durch seinen Tod vereitelt wurde? J-
3107 2208 4608 2315 Also für die Comtesse wollen wir eine passende Beglei-
3107 2304 4597 2422 tung abwarten. Schade dass sich die in Wien so bewähr-
3120 2418 4606 2512 te Zusammenstellung sich bei Ihnen a priori verbietet.
3115 2516 4535 2610 Ein kurzer Dreiakter, von Shaw oder einem sehr guten
3115 2612 4571 2736 Franzosen schiene mir die beste Wahl. Aber woher neh-
