2569 3635
36 0 368 68 Dr V K
1248 811 1851 886 XVIII spoettelgasse 7
1397 875 1983 963 Wien am 27 Jänner 06
569 794 992 1022 Babé
956 1074 1365 1142 Lieber Freund,
673 1205 2119 1323 Heute morgens habe ich das Exemplar des Rufs mit den
645 1304 2019 1401 mir vorgeschlagenen Strichen erhalten. Sie wissen,
654 1393 2053 1491 ich lasse mir im allgemeinen Striche Zern gefallen,
658 1470 2136 1572 und streiche auch gern selbst, wo ich es nötig finde,
656 1557 2072 1668 aber was diesmal an meinem Stück verübt wurde, geht
656 1621 2172 1789 mir doch ein bisschen über die Grenze des mir Verständ.
669 1719 2102 1828 lienen. Das Stück spielt ungekürzt mit Zwischenmakten
667 1808 2155 1915 kaum über zwei Stunden. Und so habe ich eigentlich den
669 1893 2081 2011 Eindruck, bei der vollkommenen Ueberflüssigkeit die
671 1964 2106 2094 Dauer des Stuckes abzukürzen, als wenn manche Stellen
667 2045 2121 2187 nur aus reiner Freude am Streichen gestrichen worden
673 2132 2040 2260 wären. Trotzdem kann ich innerhin eine Anzahé der
694 2221 2173 2330 Striche akzeptieren. Gegen den grössern Teil musst ich
694 2275 2162 2418 diesmal entschienenen Einspruch erneben. Ein Exemplar
688 2396 1525 2494 mit meinen Strichen lie t bei.
705 2445 2194 2588 Erster Akt, erste Scene. bin ich mit manchen Striche
703 2533 2070 2667 einverstanden, wie Sie sehen, aber auf Stellen wie
705 2633 2060 2739 Seite 15 * doch wenn ich nach Hause kam u. s. w.
