5123 3685
1445 655 1740 738 (28.4.06.)
416 707 1886 861 bei Rittner angefragt habe. Es ist ja zuversichtlich
423 806 1908 938 zu hoffen, dass er die so lebhaft geforderte und ver-
441 897 1927 1037 trauenswürdig zugesagte Verschwiegenheit wahrt, und kä-
429 1022 1851 1131 me wider Erwarten doch was heraus, so ist alles aus-
443 1119 1921 1251 schliesslich auf mich zu wälzen. Hoffen wir dass sich
447 1218 1954 1362 hier Stimmen, wie sie sich Ihrem Brief nach, für Reicher
441 1317 1913 1461 „regen", etwas deutlicher vernehmen lassen als in Ber-
449 1422 1968 1579 lin - an sein Besserwerden glaub ich nicht.- Die Würfel
449 1560 1764 1655 sind gefallen - mög es dem Stücke anders gehn.-
441 1651 1902 1770 Da Sie am 3. morgens ankommen, sind Sie für den Abend
441 1746 1884 1845 des gleichen Tags zu einem stillen Nachtmahl in die
455 1832 1968 1962 Spöttelgasse gebeten und werden ersucht bekanntzugeben,
453 1948 1960 2094 bei dem temperenzigen Zustand unseres Weinkellers, wel-
455 2063 2012 2187 ches Getränk sich in diesem Jahr Ihrer Sympathie erfreut.
622 2148 1944 2284 Ihre freundliche Einladung in die Premierenloge
464 2247 1974 2389 nehmen wir natürlich mit Dank an. Haben Sie schon eine
472 2382 1952 2508 Ahnüng, wann Sie den E.W. geben werden? Dies frage ich
460 2479 1995 2622 wegen Bruder und Gattin, die Anfang Mai eine kleine Rei¬
4128 571 4437 728 (28.4.06.)
3040 674 4458 829 se unternehmen, u. gern zur Premiere zurückwären (was
3052 796 4518 915 meiner Berechnung nach kaum gehen dürfte.) Werden Sie
3046 890 4446 998 ausser Elga, Pippa, Weg noch was geben? Rosmersholm?
3052 1045 3343 1109 Wildente?-
3322 1090 4559 1226 Mit vielen Grüssen von uns beiden herzlichst
3811 1309 3967 1428 A.S.
3949 1593 4176 1731 48
