5073 3749
794 683 988 880 V.
1504 804 1810 921 (28.7.06.)
407 886 1862 1019 Leben Sie wohl, grüssen Sie Frau Jonas und die Kinder
419 1006 1900 1133 herzlich von uns beiden und seien Sie es nicht minder.
3682 473 3899 620 „ „
3727 792 4306 908 Marienlyst, 6.8.1906.
3046 937 4466 1015 Lieber Freund, den Ruf des Helgoländer Lebens werden
3058 1047 4460 1105 wir leider nicht folgen können. Aus heini-verkehrs-
3058 1154 4478 1213 technischen Gründen verzichten wir nämlich auf Kiel,
3046 1234 4486 1326 Schleswig Holstein, und fahren von Kopenhagen aus, (wo
3058 1356 4474 1414 wir uns von Freitag ab etwa 2-3- Tage aufhalten wol-
3058 1450 4474 1526 len) direkt nach Berlin. Heini wird von da aus nach
3046 1553 4550 1630 Wien versandt; wir begeben uns nach Weimar. Dann wollen
3058 1665 4503 1739 wir den Thüringer Wald vor lauter Bäumen nicht sehen;
3073 1735 4509 1841 hierauf in Nürnberg, wie die übrigen Einwohner, keinen
2854 1862 4425 1958 teten, den wir nicht haben, endlich über München, Salzburg
3093 1952 4542 2066 (Ischl? Aussee?) heimwärts. Vor Semmering gibt’s also
3069 2038 4474 2146 wohl kein Wiedersehen. Neulich waren Saltens da. Er
3069 2177 4556 2242 ist vom 15. September an wieder in Wien. - Dass Brandes
3058 2287 4603 2346 neulich hier war, glaub ich Ihnen schon erzählt zu haben.
3058 2383 4564 2461 Köstliches berichtete er über Emilie Bardach, die er in
3058 2437 4486 2567 Paris gesprochen hat. Wie er sagt, hat er die Briefe
3075 2537 4515 2659 auf ihren ausdrücklichen Wunsch veröffentlicht. Nach
3069 2645 4517 2772 seinen Erzählungen ist sie recht beschränkt u. etwas
