3560 4264
752 400 3219 707 an einem wundervollen Herbstvormittag in dem kleinen
748 685 3200 916 parkartigen Wäldchen, das sich vom östlichen Stadttor
771 837 3206 1081 aus weit ins Land hinaus erstreckte,vollkommen uner-
758 1027 3178 1246 wartet entgegenkam. Mit einem unmerklichen Lächeln
771 1186 3178 1408 ging sie an mir vorüber, vielleicht ohne mich über
2248 1319 2569 1437 weder
780 1408 3232 1560 haupt zu gewahren und war bald hinter dem gelblichen
786 1586 3251 1754 Laub verschwunden. Ich hatte sie an mir vorübergehen
793 1719 3320 1922 lassen ohne nur die Möglichkeit in Erwägung zu ziehen,
809 1896 3209 2103 dass ich sie hätte grüssen oder gar das Wort an sie
796 2058 3247 2312 richten können, und auch jetzt, da sie mir entschwun-
812 2283 3311 2448 den war, dachte ich nicht daran die Unterlassung eines
821 2439 3279 2638 Versuchs zu bereuen, dem keinesfalls ein Erfolg hätte
821 2604 3352 2848 beschieden sein können. Aber nun geschah etwas Sonder-
825 2784 3368 3054 bares! Ich fühlte mich nämlich plötzlich gezwungen mir
837 2965 3384 3165 vorzustellen,was daraus geworden wäre, wenn ich den Mut
844 3174 3327 3371 gefunden hätte ihr in den Weg zu treten und sie anzu-
844 3320 3276 3568 reden. Und meine gütige Phantasie spiegelte mir vor,
863 3545 3187 3748 dass Redegonda, fern davon mich abzuweisen,ihre Be-
