3608 4312
2859 296 3004 496 18
823 544 3179 811 gen seinen Willen, für einen Anderen, Glücklicheren,
844 793 2329 980 den Tod hatte erleiden müssen.
1032 898 3161 1162 Was jedoch die Erscheinung des Dr.Wehwald auf
853 1068 3219 1340 der Stadtparkbank anbelangt, so hätte sie gewiss an
868 1234 3273 1522 eindrucksvoller Seltsamkeit erheblich gewonnen,wenn
883 1407 3234 1706 sie sich mir vor dem ritterlichen Ende des Urbilds
883 1630 3315 1869 gezeigt hätte. Und ich will nicht verhehlen, dass der
883 1806 3240 2039 Gedanke, durch diese ganz unbedeutende Verschiebung
3055 1915 3155 2057 6.
895 1975 3249 2272 die Wirkung meines Berichtes zu steigern, mir nicht
1355 2187 1815 2305 gelegen was.
904 2199 3328 2405 ganz ferne lag. Doch nach einiger Ueberlegung scheu-
1440 2317 2275 2477 des chagliche et des
926 2381 3231 2623 te ich vor dem Vorwurf zurück, dass ich durch eine
923 2556 3264 2750 solche, den Tatsachen nicht ganz entsprechende Dar¬
935 2735 3300 2949 stellung der Mystik, dem spiritismus und anderen ge-
938 2910 3349 3110 fährlichen Dingen neue Beweise in die Hand spielte,
2030 3025 2653 3155 même tisallier
962 3082 3337 3291 sah Anfragen voraus,ob die Geschichte wahr oder er-
956 3095 1274 3210 nette,
2626 3167 3164 3303 soleter Art
953 3279 3361 3485 funden wäre, ja, ob ich Vorfälle von der Art des eben
2042 3394 2414 3509 dentbar
968 3373 3234 3678 Erzählten überhaupt für möglich hielte und hätte
