3560 4280
2993 231 3087 446 9
777 437 3093 640 voll in meinen Sinnen auf, was sich bald in ganzer
783 621 3293 818 Schioksalsschwere erfüllen sollte. In den ersten Früh¬
783 802 3252 1027 lingstagen erfuhr man in der Stadt, dass das Dragoner-
787 943 3274 1192 regiment, dem Redegondas Gatte angehörte, nach Galizien
799 1186 3174 1348 versetzt werden sollte. Meine, nein, unsere Verzweif-
2556 1317 2940 1433 aproiten,
802 1380 3271 1548 lung war grenzenlos. Nichts blieb unbedacht, was unter
808 1486 3309 1720 solchen aussergewöhnlichen umständen zwischen Lieben-
805 1742 3312 1895 den erwogen zu werden pflegt, gemeinsame Flucht,gemein-
812 1941 3109 2076 samer Tod, schmerzliches Fügen ins Unvermeidliche.
818 2060 3221 2257 Doch der letzte Abend erschien,ohne dass ein fester
821 2285 3290 2456 Entschluss gefasst worden war. Ich erwartete Redegon-
830 2378 3268 2612 da in meinem blumengeschmückten Zimmer, dass für alle
824 2566 3274 2797 Möglichkeiten vorgesorgt sei, war mein Koffer gepackt,
821 2756 3246 2965 mein Revolver schussbereit, meine Abschiedsbriefe ge-
840 2996 3096 3156 schrieben. Dies alles, mein werter Freund, ist die
833 3140 3327 3346 Wahrheit. Denn so völlig war ich unter die Herrschaft
836 3324 3262 3527 meines Wahns geraten, dass ich das Erscheinen der Ge-
840 3455 3302 3708 liebten an diesem Abend, dem letzten vor dem Abmarsch
