3624 4296
2914 375 3059 539 16
1815 408 2250 641 nicht ich
493 559 3131 756 sein“. Ich niekte wieder zum Zeichen des Einverständ-
658 691 3289 937 nisses. Der Rittmeister entfernte sich mit kühlem Gruss
654 891 3213 1121 Ich ordnete meine Papiere, verliess das Haus, holte zwei
664 1075 3226 1306 mir bekannte Herren von der Bezirkshauptmannschaft aus
687 1289 3144 1506 den Betten - einer war ein Graf - teilte ihnen nicht
687 1470 3137 1658 mehr mit als nötig war, um sie zur raschen Erledigung
707 1595 3351 1829 der Angelegenheit zu veranlassen, spazierte dann auf dem
704 1812 3190 2026 Marktplatz gegenüber den dunklen Fenstern auf und ab,
710 1815 1026 1937 Haupt
717 1986 3266 2190 hinter denen ich Redegondas Leichnam liegen wusste und
964 2134 1654 2279 sichte Gefühl
720 2167 3279 2411 hatte das Baumstein, der Erfüllung meines sendenbaren
724 2338 3147 2565 Schicksals entgegenzugehen. Um fünf Uhr Früh in dem
730 2539 3285 2730 kleinen Wäldchen ganz nahe der Stelle, wo ich Redegonda
730 2720 3318 2901 zum ersten Mal hätte sprechen können, standen wir einan-
756 2878 3249 3091 der gegenüber,die Pistole in der Hand, der Rittmeister
750 3141 1184 3289 und ich.“
970 3236 2240 3473 „Und Sie haben ihn getötet?"
967 3394 3358 3614 „Nein. Meine Kugel fuhr hart an seiner Schläfe vor-
760 3578 3361 3848 bei. Er aber traf mich mitten ins Herz. Ich war auf der
