3624 4312
2899 360 3097 534 12
873 680 3262 845 erwarten Redegonda. Leider ist sie am Erscheinen
873 833 3280 1016 verhindert. Sie ist nämlich tot." „Tot“,wiederholte
882 1034 3332 1205 ich und die Welt stand still. Der Rittmeister sprach
897 1205 3204 1373 unbeirrt weiter! „Vor einer Stunde fand ich sie an
894 1388 3100 1559 ihrem Schreibtisch sitzend, dies kleine Buch vor
894 1581 3186 1745 sich, das ich der Einfachheit halber gleich mitge-
906 1761 3231 1916 bracht habe. Wahrscheinlich war es der Schreck, der
912 1904 3332 2090 sie tötete, als ich so unvermutet in ihr Zimmer trat.
906 2102 3326 2267 Hier diese Zeilen sind die letzten, die sie niederge
2645 2206 3137 2331 ein offres
915 2288 3179 2487 schrieben hat. Bitte.“ Er reichte mir das kleine
2880 2383 3326 2505 Büchlen
903 2414 3182 2645 Büchlein, das in violettes Leder gebunden war, und
925 2655 3280 2807 ich las die folgenden Worte: „Nun verlasse ich mein
925 2844 3347 2987 Heim auf immer, der Geliebte wartet“. Ich dickte nur,
925 3015 3274 3195 gleichsam zur Bestätigung. „Sie werden erraten ha-
931 3182 3292 3378 ben", fuhr der Rittmeister fort, „dass es Redegondas
931 3381 3308 3515 Tagebuch ist, das Sie in der Hand haben. Vielleicht
937 3573 3295 3716 haben Sie die Güte es durchzublättern, um jeden Ver
943 3738 3314 3918 such des Leugnens als aussichtslos zu unterlassen.
