3464 4296
2262 324 2935 549 Redegorda. I
1313 318 2250 594 Das Tagebuch der:
1425 488 2411 694 novelletter in
1901 585 2866 788 Aeftie devenisse.
937 773 2984 983 Gestern Nachts, als ich mich auf dem Heimweg
758 967 3096 1189 für eine Weile im Stadtpark auf einer Bank nieder-
776 1131 3005 1352 gelassen hatte, sah ich plötzlich in der anderen
782 1307 3066 1565 Ecke einen Herrn Lehnen, von dessen Gegenwart ich
782 1483 3160 1713 vorher nicht das Geringste bemerkt hatte. Da zu
795 1668 3184 1886 dieser späten Stunde an leeren Bänken im Park waren
810 1832 3160 2074 lich kein Mangel war, kam mir das Erscheinen dieses
594 1871 1028 2026 durchant
798 2004 3175 2268 nächtlichen Nachbars etwas verdächtig vor und eben
807 2202 3245 2438 machte ich Anstalten mich zu entfernen, als der frem-
831 2393 3057 2596 de Herr, der einen langen grauen Ueberzieher und
837 2572 3032 2784 graue Handschuhe trug, grüssend- den Hut lüftete,
855 2559 1128 2690 gelbe
828 2729 3114 2981 mich beim Namen nannte und mir einen guten Abend
846 2923 3230 3163 wünschte. Nun erkannte ich ihn, recht angenehm über-
849 3096 3084 3333 rascht. Es war Dr. Gottfried Wehwald, ein junger
852 3299 3275 3509 Mann von guten Manieren, ja sogar von einer gewissen
2329 3363 3048 3500 Min mind enter
867 3396 3284 3757 Vornehmheit des Auftretens,die xxxx ihm selbst
