3544 4232
2904 314 3038 526 11
737 603 3218 814 sprechlich zum völligen Bewusstsein der Wirklichkeit.
731 756 3279 962 Aber in demselben Augenblick, da ich erkannte, dass mein
737 939 3234 1135 Abenteuer bis zu diesem Abend nur eine seltsame Reihe
734 1144 3279 1346 von Träumen bedeutet hatte, fühlte ich die kühnste Hoff
625 1317 3179 1526 e nung in mir erwachen: dass Redegonda, durch die Macht
731 1478 3118 1711 meiner Wünsche in den Tiefen ihrer Seele ergriffen,
744 1654 3314 1798 in eigener Gestalt herbeigelockt, herbeigezwungen, draus-
734 1856 3090 2054 sen vor meiner Schwelle stünde; dass ich sie in der
737 2032 3205 2221 nächsten Minute leibhaftig in den Armen halten würde.
1256 2135 1753 2260 körtlicher
744 2211 3199 2413 In dieser herrlichen Erwartung ging ich zur Türe und
750 2375 3295 2529 öffnete. Aber es war nicht Redegonda, die vor mir stand,
753 2577 3102 2766 es war Redegondas Gatte; er selbst, so wahrhaft und
1753 2660 2333 2824 mis gejeuilen
731 2753 3295 2929 lebendig wie Sie hier auf dieser Bank sitzen, und blick
756 2936 3192 3106 te mir starr ins Gesicht. Mir blieb natürlich nichts
744 3128 3208 3308 übrig als ihn in mein Zimmer treten zu lassen,wo ich
907 3208 1308 3340 emltte
731 3333 3308 3484 ihn bat Platz zu nehmen. Er aber blieb aufrecht stehen
747 3455 3298 3695 und mit unsäglichem Hohn um die Lippen sprach er: „Sie
