3576 4232
574 505 3073 758 eine Gefahr oder ein Vorwurf ihrer wartet, töten will.
574 640 3083 886 Dann aber bei ihm fühlt sie: hier bin ich eine Andere.
821 933 3017 1195 "Was beweist mir, dass du so ruhig da in deiner
640 1154 1869 1370 Hütte weilst /Astronom?/? "
842 1260 3083 1482 "Was weiss ich von dir, wenn nichts Lockendes an
658 1494 1476 1663 dich herantritt?"
855 1582 2590 1831 Oder, wenn du der Lockung widerstehst
864 1744 2540 1966 Gieb dich der ersten Versuchung hin.
861 1894 3095 2140 Sie: "Du wirst mich hassen, nie wiedersehen wol-
643 2137 861 2299 len.
917 2187 3067 2437 'Ich schwöre dir, dass ich dir alles verzeihe.“
