3592 4312
2912 247 3048 506 17
864 589 2542 811 Stelle tot, wie man zu sagen pflegt.'
1067 694 3332 987 „Oh!“ rief ich stöhnend mit einem ratlosen Blick
892 876 3205 1157 auf meinen sonderbaren Nachbar. Aber dieser Blick
1959 1043 2530 1163 nicht mehr
1323 1098 1576 1200 lour
901 1077 3261 1299 suchte vorgeblich ihn zu treffen. Denn Dr. Wehwald
901 1283 3221 1484 sass nicht mehr in der Ecke der Bank. Ja, ich habe
901 1468 3181 1672 Grund zu vermuten, dass er überhaupt niemals dort
1305 1623 1484 1725 no
913 1629 3208 1870 gesessen ist. Hingegen erinnerte ich mich sofort,
2829 1737 3110 1842 amen
1286 1780 1512 1910 well.
922 1823 3276 2030 dass gestern Abends im Caféhaus viel von dem Duell
938 1919 3338 2218 die Rede gewesen, in dem unser Freund, Dr.Wehwald, von
941 2169 3279 2372 einem Rittmeister namens Teuerheim erschossen wor-
944 2360 3224 2548 den war. Der Umstand, dass Frau Redegonda noch am
941 2520 3356 2755 selben Tage mit einem jungen Leutnant des Regiments
953 2699 3437 2955 spurlos verschwunden war,gab der kleinen Gesellschaft
1780 2826 2542 2946 in der sie sich befau
963 2894 3304 3094 trotz der ernsten Stimmung zu einer Art von wehmü-
2061 3002 2320 3147 em
969 3042 3276 3292 tiger Heiterkeit Anlass, Jemand sprach die Vermu-
966 3242 3344 3458 tung aus, dass Dr.Wehwald, den wir immer als ein Mus-
981 3434 3323 3640 ter von Korrektheit, Diskretion und Vornehmheit ge-
2918 3526 3230 3643 seven
984 3628 3335 3798 kannt hatten, ganz in seinem Stil, halb mit halb ge-
