<?xml version="1.0" encoding="UTF-8" standalone="yes"?>
<PcGts xmlns="http://schema.primaresearch.org/PAGE/gts/pagecontent/2013-07-15" xmlns:xsi="http://www.w3.org/2001/XMLSchema-instance" xsi:schemaLocation="http://schema.primaresearch.org/PAGE/gts/pagecontent/2013-07-15 http://schema.primaresearch.org/PAGE/gts/pagecontent/2013-07-15/pagecontent.xsd">
    <Metadata>
        <Creator>prov=READ-COOP:name=TrHtr:version=2.1.0:model_id=51170:date=14_08_2023_16:47</Creator>
        <Created>2023-05-10T14:27:34.047+02:00</Created>
        <LastChange>2023-08-14T16:47:06.239+02:00</LastChange>
        <TranskribusMetadata docId="1428629" pageId="55420184" pageNr="28" tsid="132816951" status="IN_PROGRESS" userId="64420" imgUrl="https://files.transkribus.eu/Get?id=OTNYYPOSDQUURQFWYCAQNYTA&amp;fileType=view" xmlUrl="https://files.transkribus.eu/Get?id=MGBDUAOLUTTLDSZUGZSUXKVQ" imageId="44694286"/>
    </Metadata>
    <Page imageFilename="1428629_0028.jpg" imageWidth="3592" imageHeight="4264">
        <ReadingOrder>
            <OrderedGroup id="ro_1711820340624" caption="Regions reading order">
                <RegionRefIndexed index="0" regionRef="tr_1"/>
            </OrderedGroup>
        </ReadingOrder>
        <TextRegion id="tr_1" custom="readingOrder {index:0;}">
            <Coords points="636,451 3162,451 3162,2407 636,2407"/>
            <TextLine id="tr_1_tl_1" custom="readingOrder {index:0;}">
                <Coords points="2794,544 2818,544 2830,526 2845,529 2864,514 2879,514 2876,420 2848,416 2839,426 2836,423 2824,429 2809,447 2788,444"/>
                <Baseline points="2806,501 2851,504 2884,504"/>
                <TextEquiv>
                    <Unicode>3</Unicode>
                </TextEquiv>
            </TextLine>
            <TextLine id="tr_1_tl_2" custom="readingOrder {index:1;}">
                <Coords points="830,714 991,763 1076,730 1113,748 1189,711 1240,730 1243,565 1176,587 1058,547 945,599 891,575 830,602"/>
                <Baseline points="848,713 892,713 937,713 982,716 1027,713 1071,710 1116,710 1161,710 1206,710 1251,713"/>
                <TextEquiv>
                    <Unicode>Er, sie,</Unicode>
                </TextEquiv>
            </TextLine>
            <TextLine id="tr_1_tl_3" custom="readingOrder {index:2;}">
                <Coords points="833,894 1347,854 1578,900 1708,854 2012,876 2037,727 1398,739 1298,790 1079,730 836,812"/>
                <Baseline points="851,871 874,868 919,868 964,868 1009,868 1054,865 1098,862 1143,859 1188,859 1233,859 1278,856 1322,853 1367,853 1412,853 1457,853 1501,851 1546,851 1591,851 1636,848 1681,845 1725,845 1770,845 1815,842 1860,842 1905,839 1949,839 1994,839 2039,845"/>
                <TextEquiv>
                    <Unicode>Langeweile. Hörnerschall.</Unicode>
                </TextEquiv>
            </TextLine>
            <TextLine id="tr_1_tl_4" custom="readingOrder {index:3;}">
                <Coords points="854,1052 2779,991 3076,1052 3080,891 2997,857 2882,927 2146,842 860,900"/>
                <Baseline points="874,1000 889,1003 934,1009 979,1015 1024,1015 1068,1015 1113,1015 1158,1012 1203,1012 1248,1012 1292,1012 1337,1015 1382,1009 1427,1006 1472,1006 1516,1003 1561,1003 1606,1003 1651,1000 1696,997 1740,997 1785,994 1830,994 1875,994 1919,997 1964,994 2009,991 2054,988 2099,988 2143,988 2188,988 2233,985 2278,982 2323,982 2367,979 2412,979 2457,982 2502,976 2547,976 2591,976 2636,973 2681,973 2726,970 2771,970 2815,970 2860,970 2905,967 2950,964 2994,964 3039,961 3084,964"/>
                <TextEquiv>
                    <Unicode>"Nun zieh' hinaus! Der Fürst zieht vorüber. Ich</Unicode>
                </TextEquiv>
            </TextLine>
            <TextLine id="tr_1_tl_5" custom="readingOrder {index:4;}">
                <Coords points="620,1246 809,1216 897,1243 1003,1186 1061,1210 1128,1170 1344,1204 1426,1170 1468,1186 1471,1091 1395,1110 1259,1070 1183,1110 921,1119 623,1076"/>
                <Baseline points="636,1185 665,1182 710,1179 755,1179 800,1176 845,1176 889,1176 934,1173 979,1173 1024,1173 1068,1170 1113,1170 1158,1167 1203,1167 1248,1164 1292,1164 1337,1161 1382,1161 1427,1161 1472,1158"/>
                <TextEquiv>
                    <Unicode>halte dich nicht.“</Unicode>
                </TextEquiv>
            </TextLine>
            <TextLine id="tr_1_tl_6" custom="readingOrder {index:5;}">
                <Coords points="854,1544 1946,1453 3134,1484 3159,1313 2392,1268 1484,1392 860,1374"/>
                <Baseline points="874,1487 877,1487 922,1484 967,1481 1012,1478 1057,1478 1101,1475 1146,1475 1191,1472 1236,1472 1280,1472 1325,1469 1370,1469 1415,1469 1460,1466 1504,1463 1549,1463 1594,1463 1639,1460 1684,1460 1728,1457 1773,1454 1818,1451 1863,1454 1908,1448 1952,1448 1997,1448 2042,1448 2087,1448 2132,1445 2176,1445 2221,1445 2266,1442 2311,1442 2355,1439 2400,1439 2445,1436 2490,1436 2535,1433 2579,1433 2624,1430 2669,1430 2714,1430 2759,1430 2803,1427 2848,1424 2893,1424 2938,1424 2983,1421 3027,1418 3072,1418 3117,1415 3162,1418"/>
                <TextEquiv>
                    <Unicode>Ein Freund und seine Frau kommen. Beide sich ver-</Unicode>
                </TextEquiv>
            </TextLine>
            <TextLine id="tr_1_tl_7" custom="readingOrder {index:6;}">
                <Coords points="678,1672 1295,1687 1830,1617 2283,1654 2286,1514 2028,1468 1769,1560 1362,1511 1243,1575 1006,1514 891,1584 684,1544"/>
                <Baseline points="698,1642 722,1639 767,1639 812,1639 856,1639 901,1636 946,1636 991,1633 1036,1633 1080,1633 1125,1630 1170,1627 1215,1627 1260,1627 1304,1624 1349,1621 1394,1621 1439,1618 1484,1615 1528,1615 1573,1615 1618,1612 1663,1609 1707,1609 1752,1609 1797,1609 1842,1606 1887,1603 1931,1603 1976,1603 2021,1603 2066,1600 2111,1600 2155,1597 2200,1597 2245,1597 2290,1597"/>
                <TextEquiv>
                    <Unicode>zehrend in unerfüllter Sehnsucht.</Unicode>
                </TextEquiv>
            </TextLine>
            <TextLine id="tr_1_tl_8" custom="readingOrder {index:7;}">
                <Coords points="876,1955 2788,1936 3037,1900 3040,1781 2423,1769 2240,1857 1788,1876 879,1836"/>
                <Baseline points="892,1946 895,1946 940,1940 985,1940 1030,1937 1074,1937 1119,1934 1164,1934 1209,1934 1254,1931 1298,1931 1343,1928 1388,1928 1433,1925 1478,1925 1522,1922 1567,1922 1612,1919 1657,1919 1702,1919 1746,1917 1791,1917 1836,1914 1881,1914 1925,1914 1970,1911 2015,1911 2060,1908 2105,1908 2149,1908 2194,1905 2239,1902 2284,1902 2329,1902 2373,1899 2418,1899 2463,1896 2508,1896 2553,1893 2597,1893 2642,1890 2687,1890 2732,1887 2776,1887 2821,1884 2866,1884 2911,1884 2956,1881 3000,1878 3045,1878"/>
                <TextEquiv>
                    <Unicode>Am Morgen kehrt sie zurück, hat in einer Nacht</Unicode>
                </TextEquiv>
            </TextLine>
            <TextLine id="tr_1_tl_9" custom="readingOrder {index:8;}">
                <Coords points="648,2122 3086,2110 3092,1927 651,2043"/>
                <Baseline points="665,2102 677,2102 722,2102 767,2099 812,2099 856,2099 901,2099 946,2099 991,2096 1036,2093 1080,2093 1125,2090 1170,2087 1215,2087 1260,2087 1304,2087 1349,2087 1394,2084 1439,2081 1484,2081 1528,2078 1573,2078 1618,2075 1663,2075 1707,2072 1752,2072 1797,2069 1842,2069 1887,2066 1931,2066 1976,2066 2021,2066 2066,2066 2111,2063 2155,2063 2200,2060 2245,2060 2290,2057 2335,2057 2379,2054 2424,2051 2469,2051 2514,2051 2558,2051 2603,2048 2648,2048 2693,2045 2738,2042 2782,2042 2827,2039 2872,2039 2917,2036 2962,2033 3006,2033 3051,2030 3096,2030"/>
                <TextEquiv>
                    <Unicode>alles erlebt: Glück, Schmutz, Seligkeit, Verrat. Die</Unicode>
                </TextEquiv>
            </TextLine>
            <TextLine id="tr_1_tl_10" custom="readingOrder {index:9;}">
                <Coords points="699,2262 1374,2240 1432,2277 1511,2240 1660,2289 1739,2231 2067,2237 2040,2161 1784,2174 1629,2125 1082,2204 702,2140"/>
                <Baseline points="716,2254 731,2254 776,2251 821,2254 865,2251 910,2251 955,2251 1000,2248 1045,2248 1089,2245 1134,2245 1179,2242 1224,2242 1269,2239 1313,2239 1358,2236 1403,2233 1448,2233 1492,2233 1537,2230 1582,2230 1627,2227 1672,2224 1716,2224 1761,2224 1806,2221 1851,2221 1896,2221 1940,2218 1985,2218 2030,2215 2075,2218"/>
                <TextEquiv>
                    <Unicode>Fürstin starb um ihretwillen.</Unicode>
                </TextEquiv>
            </TextLine>
            <TextLine id="tr_1_tl_11" custom="readingOrder {index:10;}">
                <Coords points="921,2414 2244,2365 2450,2411 2648,2332 2529,2277 924,2320"/>
                <Baseline points="937,2397 952,2394 997,2397 1042,2397 1086,2397 1131,2397 1176,2397 1221,2394 1266,2394 1310,2391 1355,2391 1400,2388 1445,2391 1490,2385 1534,2385 1579,2382 1624,2382 1669,2379 1713,2379 1758,2379 1803,2376 1848,2373 1893,2373 1937,2373 1982,2373 2027,2373 2072,2370 2117,2367 2161,2364 2206,2364 2251,2364 2296,2364 2341,2361 2385,2361 2430,2358 2475,2358 2520,2355 2564,2355 2609,2355 2654,2355"/>
                <TextEquiv>
                    <Unicode>"Hier steh' ich wieder, süss und arm.</Unicode>
                </TextEquiv>
            </TextLine>
        </TextRegion>
    </Page>
</PcGts>
