3544 4280
2985 224 3084 426 5
809 461 3184 691 an dieser Exklusivität selbst gegenüber uns Herren
806 644 3277 887 von der politischen Behörde in fast verletzender Wei
819 843 3190 1052 se festhielten. So sah ich Redegonda immer nur von
819 1002 3162 1214 weitem;- sah sie allein oder an der Seite ihres Ge-
3084 1114 3296 1220 und
1164 1161 1640 1285 nicht vellen
825 1211 3293 1385 mahls, zuweilen in Gesellschaft anderer Offiziere oder
834 1360 3262 1569 Offiziersdamen, durch die Strassen spazieren, erblick-
1799 1475 3259 1647 auf de m Hauptplich selesenen
1142 1544 1379 1628 me
840 1559 3265 1759 te ihnenGastalt manchmal an einem Fenster ihrer Woh-
2425 1681 2643 1787 oder
840 1752 3209 1924 nung, das auf den Marktplatz ging, Auch sah ich sie
847 1936 3290 2157 Zuweilen abends in einem holpernden Wagen an mir
856 2082 3212 2291 riiberfahren, der sie meist nach dem kleinen Theater
881 2260 1239 2369 fehren
875 2269 3228 2512 fühnte, wo ich dann das Glück hatte sie vom Parkett
862 2415 3240 2661 aus in ihrer Loge zu beobachten, die von den jungen
878 2627 3312 2826 Offizieren in den Zwischenakten gerne besucht wurde.
912 2801 1301 2913 zu weilen.
875 2820 3377 3035 Manetmal war mir, als geruhe sie mich zu bemerken.
1830 2920 2873 3050 ebenfalls immer ver
881 2960 3386 3206 ihr Blick streifte so flüchtig über mich hin, dass ich
1145 3106 3402 3246 est daraus Beine weiteren Schlusse Fichendurfte
881 3197 3237 3414 das immer wieder als Einbildung erkennen musste.
1628 3321 1858 3424 alle
893 3365 3309 3579 Schon hatte ich jede Hoffnung aufgegeben ihr jemals
884 3548 3346 3729 meine Anbetung zu Füssen legen zu dürfen, als sie mir
