<?xml version="1.0" encoding="UTF-8" standalone="yes"?>
<PcGts xmlns="http://schema.primaresearch.org/PAGE/gts/pagecontent/2013-07-15" xmlns:xsi="http://www.w3.org/2001/XMLSchema-instance" xsi:schemaLocation="http://schema.primaresearch.org/PAGE/gts/pagecontent/2013-07-15 http://schema.primaresearch.org/PAGE/gts/pagecontent/2013-07-15/pagecontent.xsd">
    <Metadata>
        <Creator>prov=READ-COOP:name=TrHtr:version=2.1.0:model_id=51170:date=14_08_2023_16:46</Creator>
        <Created>2023-05-10T14:27:31.939+02:00</Created>
        <LastChange>2023-08-14T16:47:00.061+02:00</LastChange>
        <TranskribusMetadata docId="1428629" pageId="55420091" pageNr="10" tsid="132816933" status="IN_PROGRESS" userId="64420" imgUrl="https://files.transkribus.eu/Get?id=NVZCONEOYVMUTWWPXQUHBGKX&amp;fileType=view" xmlUrl="https://files.transkribus.eu/Get?id=VWKYBTTTNOGYIBQKONYMKZJM" imageId="44694193"/>
    </Metadata>
    <Page imageFilename="1428629_0010.jpg" imageWidth="3544" imageHeight="4264">
        <ReadingOrder>
            <OrderedGroup id="ro_1711820306356" caption="Regions reading order">
                <RegionRefIndexed index="0" regionRef="tr_1"/>
                <RegionRefIndexed index="1" regionRef="tr_2"/>
            </OrderedGroup>
        </ReadingOrder>
        <TextRegion id="tr_1" custom="readingOrder {index:0;}">
            <Coords points="812,344 3344,344 3344,1885 812,1885"/>
            <TextLine id="tr_1_tl_1" custom="readingOrder {index:0;}">
                <Coords points="1729,483 1901,453 1961,483 2117,447 2225,462 2351,411 2429,435 2459,426 2474,303 2384,327 2297,294 2105,393 1982,357 1886,396 1841,378 1738,402"/>
                <Baseline points="1749,465 1755,462 1800,456 1845,453 1890,450 1934,447 1979,444 2024,441 2069,438 2114,432 2158,424 2203,412 2248,406 2293,400 2338,397 2382,397 2427,397 2472,394"/>
                <TextEquiv>
                    <Unicode>nehmen dach</Unicode>
                </TextEquiv>
            </TextLine>
            <TextLine id="tr_1_tl_2" custom="readingOrder {index:1;}">
                <Coords points="2252,498 2357,507 2429,486 2459,504 2477,492 2489,504 2561,504 2603,486 2609,411 2579,408 2552,423 2537,411 2480,420 2465,408 2426,432 2399,420 2384,429 2366,414 2291,429 2276,414 2255,420"/>
                <Baseline points="2272,477 2302,480 2346,480 2391,477 2436,474 2481,474 2526,471 2570,465 2615,468"/>
                <TextEquiv>
                    <Unicode>unten</Unicode>
                </TextEquiv>
            </TextLine>
            <TextLine id="tr_1_tl_3" custom="readingOrder {index:2;}">
                <Coords points="793,661 2501,634 2600,613 2606,486 1069,549 799,495"/>
                <Baseline points="812,621 821,621 865,621 910,621 955,621 1000,621 1045,618 1089,618 1134,615 1179,615 1224,612 1269,609 1313,606 1358,606 1403,606 1448,606 1492,600 1537,600 1582,597 1627,597 1672,594 1716,594 1761,594 1806,591 1851,588 1896,588 1940,585 1985,585 2030,582 2075,579 2120,579 2164,576 2209,576 2254,573 2299,573 2344,570 2388,567 2433,570 2478,567 2523,567 2567,567 2612,570"/>
                <TextEquiv>
                    <Unicode>leidlicher Form aufbewahrt zu sahen."</Unicode>
                </TextEquiv>
            </TextLine>
            <TextLine id="tr_1_tl_4" custom="readingOrder {index:3;}">
                <Coords points="1072,832 2810,751 3189,805 3249,649 1078,721"/>
                <Baseline points="1092,797 1104,797 1149,794 1194,794 1239,791 1283,791 1328,788 1373,788 1418,785 1463,782 1507,779 1552,779 1597,776 1642,776 1687,773 1731,773 1776,773 1821,773 1866,770 1911,767 1955,767 2000,764 2045,761 2090,761 2134,761 2179,761 2224,758 2269,755 2314,755 2358,752 2403,749 2448,746 2493,746 2538,743 2582,743 2627,740 2672,740 2717,737 2762,734 2806,734 2851,734 2896,731 2941,731 2985,728 3030,725 3075,725 3120,722 3165,722 3209,719 3254,725"/>
                <TextEquiv>
                    <Unicode>Ich wehrte bescheiden ab,worauf Dr.Wehwald mit</Unicode>
                </TextEquiv>
            </TextLine>
            <TextLine id="tr_1_tl_5" custom="readingOrder {index:4;}">
                <Coords points="916,994 3066,973 3153,961 3159,835 919,913"/>
                <Baseline points="931,982 967,979 1012,976 1057,976 1101,976 1146,973 1191,970 1236,970 1280,967 1325,967 1370,967 1415,964 1460,961 1504,958 1549,958 1594,958 1639,955 1684,952 1728,955 1773,955 1818,952 1863,949 1908,946 1952,946 1997,943 2042,940 2087,940 2132,937 2176,934 2221,934 2266,931 2311,931 2355,928 2400,928 2445,925 2490,922 2535,922 2579,922 2624,919 2669,919 2714,916 2759,913 2803,913 2848,910 2893,910 2938,907 2983,904 3027,904 3072,904 3117,901 3162,904"/>
                <TextEquiv>
                    <Unicode>einem sonderbaren zucken um die Masenflügel ohne</Unicode>
                </TextEquiv>
            </TextLine>
            <TextLine id="tr_1_tl_6" custom="readingOrder {index:5;}">
                <Coords points="904,1183 3144,1153 3180,1003 907,1063"/>
                <Baseline points="919,1164 943,1161 988,1158 1033,1158 1077,1155 1122,1152 1167,1152 1212,1149 1257,1146 1301,1146 1346,1146 1391,1146 1436,1143 1481,1143 1525,1140 1570,1140 1615,1137 1660,1137 1705,1137 1749,1137 1794,1134 1839,1131 1884,1128 1928,1128 1973,1128 2018,1125 2063,1125 2108,1122 2152,1122 2197,1119 2242,1116 2287,1113 2332,1113 2376,1110 2421,1107 2466,1104 2511,1104 2556,1101 2600,1101 2645,1101 2690,1098 2735,1098 2779,1095 2824,1095 2869,1092 2914,1089 2959,1089 3003,1086 3048,1083 3093,1080 3138,1077 3183,1080"/>
                <TextEquiv>
                    <Unicode>weitere Einleitung begann: „Die Heldin meiner Ge-</Unicode>
                </TextEquiv>
            </TextLine>
            <TextLine id="tr_1_tl_7" custom="readingOrder {index:6;}">
                <Coords points="1354,1261 1390,1270 1402,1258 1450,1270 1555,1261 1561,1270 1591,1255 1609,1267 1639,1252 1669,1255 1672,1195 1633,1198 1597,1177 1561,1183 1522,1162 1468,1171 1435,1192 1408,1159 1360,1162"/>
                <Baseline points="1370,1254 1412,1257 1457,1257 1501,1254 1546,1254 1591,1251 1636,1248 1681,1242"/>
                <TextEquiv>
                    <Unicode>heisitz</Unicode>
                </TextEquiv>
            </TextLine>
            <TextLine id="tr_1_tl_8" custom="readingOrder {index:7;}">
                <Coords points="916,1384 2027,1312 2627,1369 3258,1291 3264,1132 919,1270"/>
                <Baseline points="931,1343 937,1340 982,1337 1027,1337 1071,1334 1116,1334 1161,1331 1206,1331 1251,1328 1295,1325 1340,1325 1385,1322 1430,1322 1475,1319 1519,1319 1564,1319 1609,1316 1654,1313 1699,1310 1743,1310 1788,1310 1833,1310 1878,1307 1922,1307 1967,1304 2012,1301 2057,1301 2102,1298 2146,1298 2191,1295 2236,1292 2281,1292 2326,1289 2370,1286 2415,1283 2460,1283 2505,1280 2550,1280 2594,1280 2639,1280 2684,1278 2729,1275 2773,1275 2818,1272 2863,1269 2908,1269 2953,1269 2997,1266 3042,1266 3087,1263 3132,1263 3177,1260 3221,1254 3266,1257"/>
                <TextEquiv>
                    <Unicode>schichte hiess Redegonda. Sie war die Gattin eines</Unicode>
                </TextEquiv>
            </TextLine>
            <TextLine id="tr_1_tl_9" custom="readingOrder {index:8;}">
                <Coords points="916,1546 3135,1504 3213,1492 3216,1360 919,1453"/>
                <Baseline points="931,1522 940,1522 985,1516 1030,1516 1074,1513 1119,1513 1164,1510 1209,1507 1254,1507 1298,1504 1343,1501 1388,1501 1433,1501 1478,1498 1522,1501 1567,1498 1612,1495 1657,1492 1702,1490 1746,1490 1791,1490 1836,1487 1881,1487 1925,1484 1970,1481 2015,1481 2060,1478 2105,1478 2149,1478 2194,1478 2239,1472 2284,1472 2329,1472 2373,1466 2418,1466 2463,1463 2508,1460 2553,1457 2597,1457 2642,1457 2687,1454 2732,1451 2776,1451 2821,1451 2866,1451 2911,1451 2956,1448 3000,1448 3045,1445 3090,1445 3135,1439 3180,1436 3224,1430"/>
                <TextEquiv>
                    <Unicode>Rittmeisters, Baron T. vom pragonerregiment X., das</Unicode>
                </TextEquiv>
            </TextLine>
            <TextLine id="tr_1_tl_10" custom="readingOrder {index:9;}">
                <Coords points="928,1714 3096,1690 3336,1633 3336,1555 2912,1480 2393,1597 931,1630"/>
                <Baseline points="943,1705 970,1702 1015,1699 1060,1696 1104,1693 1149,1690 1194,1690 1239,1687 1283,1687 1328,1684 1373,1684 1418,1684 1463,1684 1507,1681 1552,1678 1597,1675 1642,1675 1687,1672 1731,1669 1776,1666 1821,1666 1866,1666 1911,1663 1955,1660 2000,1657 2045,1657 2090,1657 2134,1657 2179,1657 2224,1654 2269,1654 2314,1651 2358,1648 2403,1645 2448,1645 2493,1642 2538,1642 2582,1639 2627,1636 2672,1633 2717,1633 2762,1627 2806,1627 2851,1630 2896,1630 2941,1630 2985,1627 3030,1624 3075,1621 3120,1621 3165,1615 3209,1615 3254,1615 3299,1609 3344,1609"/>
                <TextEquiv>
                    <Unicode>in unserer kleinen Stadt Z. garnisonierte." (Er nann-</Unicode>
                </TextEquiv>
            </TextLine>
            <TextLine id="tr_1_tl_11" custom="readingOrder {index:10;}">
                <Coords points="931,1886 2762,1868 3225,1814 3228,1693 934,1808"/>
                <Baseline points="946,1875 949,1875 994,1872 1039,1869 1083,1869 1128,1866 1173,1866 1218,1866 1263,1863 1307,1860 1352,1860 1397,1857 1442,1857 1487,1857 1531,1854 1576,1854 1621,1851 1666,1848 1710,1848 1755,1845 1800,1842 1845,1839 1890,1839 1934,1836 1979,1836 2024,1836 2069,1833 2114,1833 2158,1833 2203,1830 2248,1830 2293,1827 2338,1827 2382,1824 2427,1821 2472,1821 2517,1818 2561,1815 2606,1812 2651,1812 2696,1809 2741,1806 2785,1806 2830,1806 2875,1803 2920,1803 2965,1803 3009,1800 3054,1797 3099,1794 3144,1791 3189,1791 3233,1797"/>
                <TextEquiv>
                    <Unicode>te tatsächlich nur diese Anfangsbuchstaben, obwohl</Unicode>
                </TextEquiv>
            </TextLine>
        </TextRegion>
        <TextRegion id="tr_2" custom="readingOrder {index:1;}">
            <Coords points="949,1923 3401,1923 3401,3676 949,3676"/>
            <TextLine id="tr_2_tl_1" custom="readingOrder {index:0;}">
                <Coords points="934,2084 3195,2015 3201,1904 937,1979"/>
                <Baseline points="949,2060 967,2057 1012,2054 1057,2054 1101,2051 1146,2051 1191,2048 1236,2045 1280,2045 1325,2042 1370,2042 1415,2039 1460,2039 1504,2036 1549,2036 1594,2033 1639,2030 1684,2027 1728,2024 1773,2024 1818,2024 1863,2021 1908,2018 1952,2018 1997,2015 2042,2015 2087,2012 2132,2012 2176,2012 2221,2009 2266,2009 2311,2006 2355,2003 2400,2003 2445,2000 2490,2000 2535,1997 2579,1997 2624,1994 2669,1991 2714,1991 2759,1988 2803,1985 2848,1985 2893,1985 2938,1982 2983,1979 3027,1979 3072,1976 3117,1973 3162,1973 3206,1973"/>
                <TextEquiv>
                    <Unicode>mir nicht nur der Name der kleinen stadt, sondern</Unicode>
                </TextEquiv>
            </TextLine>
            <TextLine id="tr_2_tl_2" custom="readingOrder {index:1;}">
                <Coords points="940,2243 2879,2231 3249,2177 3252,2075 943,2150"/>
                <Baseline points="955,2236 973,2236 1018,2230 1063,2230 1107,2227 1152,2227 1197,2224 1242,2221 1286,2221 1331,2218 1376,2218 1421,2218 1466,2215 1510,2215 1555,2212 1600,2209 1645,2206 1690,2206 1734,2203 1779,2203 1824,2200 1869,2197 1914,2197 1958,2194 2003,2194 2048,2191 2093,2191 2137,2188 2182,2188 2227,2185 2272,2185 2317,2182 2361,2182 2406,2179 2451,2176 2496,2173 2541,2170 2585,2170 2630,2170 2675,2167 2720,2167 2765,2164 2809,2161 2854,2158 2899,2158 2944,2158 2988,2158 3033,2155 3078,2152 3123,2149 3168,2146 3212,2146 3257,2146"/>
                <TextEquiv>
                    <Unicode>aus Gründen, die bald ersichtlich sein werden, auch</Unicode>
                </TextEquiv>
            </TextLine>
            <TextLine id="tr_2_tl_3" custom="readingOrder {index:2;}">
                <Coords points="952,2444 3255,2396 3258,2276 955,2333"/>
                <Baseline points="967,2412 979,2412 1024,2409 1068,2409 1113,2409 1158,2409 1203,2403 1248,2403 1292,2403 1337,2400 1382,2400 1427,2397 1472,2397 1516,2394 1561,2391 1606,2391 1651,2391 1696,2388 1740,2385 1785,2385 1830,2382 1875,2379 1919,2379 1964,2373 2009,2373 2054,2370 2099,2367 2143,2367 2188,2367 2233,2364 2278,2364 2323,2361 2367,2361 2412,2358 2457,2355 2502,2352 2547,2352 2591,2352 2636,2349 2681,2349 2726,2344 2771,2344 2815,2344 2860,2344 2905,2341 2950,2338 2994,2338 3039,2338 3084,2332 3129,2332 3174,2335 3218,2332 3263,2335"/>
                <TextEquiv>
                    <Unicode>der Name des Rittmeisters und die Nummer des Regi-</Unicode>
                </TextEquiv>
            </TextLine>
            <TextLine id="tr_2_tl_4" custom="readingOrder {index:3;}">
                <Coords points="2051,2486 2171,2477 2186,2462 2201,2474 2261,2465 2282,2480 2300,2465 2348,2480 2417,2456 2423,2384 2342,2399 2282,2375 2252,2399 2192,2390 2174,2402 2135,2378 2117,2393 2060,2390"/>
                <Baseline points="2069,2472 2114,2466 2158,2463 2203,2460 2248,2457 2293,2454 2338,2454 2382,2448 2427,2442"/>
                <TextEquiv>
                    <Unicode>bedeutete</Unicode>
                </TextEquiv>
            </TextLine>
            <TextLine id="tr_2_tl_5" custom="readingOrder {index:4;}">
                <Coords points="952,2603 3201,2579 3240,2447 2090,2501 2003,2429 1829,2504 955,2522"/>
                <Baseline points="970,2591 1006,2588 1051,2588 1095,2588 1140,2585 1185,2585 1230,2582 1275,2582 1319,2579 1364,2576 1409,2576 1454,2573 1498,2570 1543,2567 1588,2567 1633,2567 1678,2564 1722,2561 1767,2561 1812,2558 1857,2556 1902,2556 1946,2553 1991,2553 2036,2550 2081,2550 2126,2550 2170,2550 2215,2547 2260,2547 2305,2547 2349,2544 2394,2541 2439,2538 2484,2535 2529,2532 2573,2532 2618,2529 2663,2529 2708,2526 2753,2523 2797,2523 2842,2520 2887,2517 2932,2517 2977,2514 3021,2511 3066,2511 3111,2508 3156,2508 3200,2505 3245,2511"/>
                <TextEquiv>
                    <Unicode>ments keint Geheimnis eianen). „Redegonda“, fuhr Dr.</Unicode>
                </TextEquiv>
            </TextLine>
            <TextLine id="tr_2_tl_6" custom="readingOrder {index:5;}">
                <Coords points="958,2783 3318,2762 3360,2582 964,2660"/>
                <Baseline points="976,2768 988,2768 1033,2768 1077,2768 1122,2765 1167,2765 1212,2765 1257,2762 1301,2762 1346,2759 1391,2756 1436,2756 1481,2756 1525,2753 1570,2753 1615,2753 1660,2753 1705,2750 1749,2744 1794,2744 1839,2741 1884,2738 1928,2735 1973,2735 2018,2732 2063,2732 2108,2729 2152,2726 2197,2723 2242,2720 2287,2720 2332,2720 2376,2717 2421,2717 2466,2717 2511,2714 2556,2711 2600,2708 2645,2708 2690,2705 2735,2702 2779,2699 2824,2699 2869,2696 2914,2696 2959,2693 3003,2693 3048,2690 3093,2690 3138,2690 3183,2687 3227,2687 3272,2684 3317,2681 3362,2684"/>
                <TextEquiv>
                    <Unicode>Wehwald fort, „war eine Dame von ausserordentlicher</Unicode>
                </TextEquiv>
            </TextLine>
            <TextLine id="tr_2_tl_7" custom="readingOrder {index:6;}">
                <Coords points="958,2981 3282,2927 3336,2789 964,2888"/>
                <Baseline points="976,2944 1009,2944 1054,2944 1098,2941 1143,2941 1188,2941 1233,2935 1278,2935 1322,2932 1367,2932 1412,2929 1457,2929 1501,2926 1546,2926 1591,2926 1636,2923 1681,2920 1725,2920 1770,2917 1815,2917 1860,2914 1905,2911 1949,2908 1994,2908 2039,2905 2084,2902 2129,2902 2173,2899 2218,2899 2263,2899 2308,2896 2352,2896 2397,2896 2442,2896 2487,2893 2532,2890 2576,2887 2621,2887 2666,2884 2711,2881 2756,2881 2800,2878 2845,2878 2890,2875 2935,2875 2980,2872 3024,2869 3069,2866 3114,2866 3159,2863 3203,2863 3248,2860 3293,2860 3338,2866"/>
                <TextEquiv>
                    <Unicode>Schönheit und ich verliebte mich in sie, wie man zu</Unicode>
                </TextEquiv>
            </TextLine>
            <TextLine id="tr_2_tl_8" custom="readingOrder {index:7;}">
                <Coords points="976,3153 3207,3114 3273,2984 979,3063"/>
                <Baseline points="991,3126 994,3129 1039,3126 1083,3126 1128,3126 1173,3126 1218,3123 1263,3123 1307,3123 1352,3117 1397,3117 1442,3117 1487,3117 1531,3114 1576,3111 1621,3108 1666,3105 1710,3102 1755,3102 1800,3099 1845,3096 1890,3096 1934,3096 1979,3093 2024,3090 2069,3090 2114,3087 2158,3087 2203,3084 2248,3084 2293,3081 2338,3081 2382,3078 2427,3075 2472,3075 2517,3075 2561,3075 2606,3072 2651,3069 2696,3066 2741,3063 2785,3060 2830,3060 2875,3060 2920,3057 2965,3054 3009,3054 3054,3051 3099,3051 3144,3048 3189,3048 3233,3048 3278,3048"/>
                <TextEquiv>
                    <Unicode>sagen pflegt, auf den ersten Blick. Leider war mir</Unicode>
                </TextEquiv>
            </TextLine>
            <TextLine id="tr_2_tl_9" custom="readingOrder {index:8;}">
                <Coords points="991,3327 3162,3297 3321,3270 3327,3102 2381,3216 997,3216"/>
                <Baseline points="1006,3320 1048,3314 1092,3308 1137,3308 1182,3305 1227,3302 1272,3299 1316,3299 1361,3296 1406,3296 1451,3296 1495,3293 1540,3290 1585,3290 1630,3287 1675,3284 1719,3281 1764,3281 1809,3278 1854,3278 1899,3275 1943,3275 1988,3272 2033,3275 2078,3272 2123,3269 2167,3266 2212,3266 2257,3263 2302,3260 2346,3257 2391,3260 2436,3257 2481,3257 2526,3254 2570,3254 2615,3251 2660,3248 2705,3248 2750,3245 2794,3242 2839,3242 2884,3242 2929,3239 2974,3239 3018,3239 3063,3236 3108,3236 3153,3233 3198,3230 3242,3227 3287,3224 3332,3227"/>
                <TextEquiv>
                    <Unicode>jede Gelegenheit versagt ihre persönliche Bekannt-</Unicode>
                </TextEquiv>
            </TextLine>
            <TextLine id="tr_2_tl_10" custom="readingOrder {index:9;}">
                <Coords points="979,3531 3120,3483 3216,3456 3222,3318 1165,3432 985,3339"/>
                <Baseline points="997,3484 1033,3487 1077,3484 1122,3481 1167,3481 1212,3478 1257,3478 1301,3478 1346,3475 1391,3472 1436,3472 1481,3472 1525,3469 1570,3469 1615,3466 1660,3466 1705,3463 1749,3466 1794,3463 1839,3460 1884,3457 1928,3457 1973,3454 2018,3451 2063,3448 2108,3445 2152,3445 2197,3442 2242,3439 2287,3439 2332,3436 2376,3436 2421,3433 2466,3430 2511,3430 2556,3430 2600,3427 2645,3427 2690,3427 2735,3424 2779,3421 2824,3421 2869,3418 2914,3418 2959,3415 3003,3415 3048,3412 3093,3410 3138,3410 3183,3412 3227,3415"/>
                <TextEquiv>
                    <Unicode>schaft zu machen, da die Offiziere mit der Zivil-</Unicode>
                </TextEquiv>
            </TextLine>
            <TextLine id="tr_2_tl_11" custom="readingOrder {index:10;}">
                <Coords points="985,3720 3213,3678 3390,3615 3393,3513 988,3591"/>
                <Baseline points="1000,3666 1027,3666 1071,3666 1116,3663 1161,3663 1206,3660 1251,3663 1295,3660 1340,3657 1385,3657 1430,3657 1475,3657 1519,3657 1564,3657 1609,3651 1654,3648 1699,3648 1743,3645 1788,3645 1833,3642 1878,3639 1922,3639 1967,3636 2012,3633 2057,3633 2102,3633 2146,3630 2191,3627 2236,3627 2281,3624 2326,3622 2370,3622 2415,3622 2460,3619 2505,3619 2550,3616 2594,3616 2639,3613 2684,3613 2729,3610 2773,3610 2818,3610 2863,3610 2908,3607 2953,3604 2997,3607 3042,3604 3087,3601 3132,3601 3177,3598 3221,3601 3266,3598 3311,3592 3356,3592 3401,3595"/>
                <TextEquiv>
                    <Unicode>bevölkerung beinahe gar keinen Verkehr pflegten und</Unicode>
                </TextEquiv>
            </TextLine>
        </TextRegion>
    </Page>
</PcGts>
