3656 4312
623 469 750 617 G.
867 743 2999 987 Sie war früher eines Fürsten Maitresse, jetzt
694 876 3178 1138 lebt sie einsam als die Geliebte eines Dichters. Wie-
706 1092 2271 1323 der ganz unschuldig, ganz Jugend.
892 1215 3079 1431 Der Fürst kommt mit seiner Gesellschaft in die
673 1428 1505 1613 Nähe. Jagd u. s.w.
904 1533 2992 1755 Sie bekommt eine unbezwingliche Lust, wieder
694 1687 2900 1934 vierundzwanzig Stunden lang ganz Dirne zu sein.
926 1857 2613 2067 Entweder gesteht sie es dem Dichter
892 1977 3066 2271 Oder sie entflieht und kommt beschmutzt wieder
762 2243 1111 2394 zurück.
953 2308 2487 2551 Pychologisches? Intriguenstück?
953 2545 1811 2687 'Ich habe Heimweh.'
963 2610 3131 2847 Sie kommt reuig. "Ich komme beschmutzt zurück.
1009 2758 3279 3005 "Nein", sagt der Weise, "das Leben reinigt immer,
808 2962 1947 3199 nur der Wunsch befleckt.
