3384 4264
2867 322 2963 594 3
546 540 2902 760 begangen. Er nimmt also die Exredr Forderung des
530 747 2640 929 Rittmeisters an und es kommt zu einem Duell.
549 951 1137 1092 Er schweigt.
568 1028 2362 1239 Ich frage endlich: wie hat es geendet.
565 1165 3132 1363 Er: Ich bin erschossen worden. Heute vor drei Jahren
581 1395 1612 1555 hat man mich begraben.
565 1491 2905 1718 Nun begriff ich allerdings, dass ich ihn so lange
578 1695 1497 1884 nicht gesehn hatte.
