3592 4280
2801 280 2950 499 19
867 566 3205 769 mich vor der peinlichen Wahl gefunden je nach mei-
879 751 3142 964 ner Antwort als Okultist oder als Schwindler er-
885 903 3330 1165 klärt zu werden. Darum hab e ich es an Ende der vor-
906 1077 3306 1302 gezogen die Geschichte meiner nächtlichen Begegnung
906 1271 3272 1518 so aufzuzeichnen,wie sie sich zugetragen, freilich
2637 1375 2959 1505 professez
921 1442 3260 1685 auf die Gefahr hin, dass viele Leute doch an ihrer
934 1588 3351 1849 Wahrheit zweifeln werden, in jenem weithin verbreite-
931 1797 3263 2053 ten Misstrauen, das Dichtern nun einmal entgegenge-
1338 1959 2029 2086 in werden pflegt
925 1977 3160 2244 bracht wird, wenn auch mit weniger Grund als den
943 2217 2144 2375 meisten anderen Menschen.
