3480 4216
739 383 3032 607 Das Erste, was sie lookt, Gesang eines Hirtenkna-
511 577 727 742 ben.
753 739 2826 891 Mit dem Hirtenknaben am Rande des Bachs; der
568 888 1483 1067 Fürst entdeckt sie.
753 1002 2362 1220 Sie wird die Geliebte des Fürsten.
762 1169 3008 1378 Sie bringt den Fürsten dazu, die Fürstin zu ver-
538 1360 1540 1519 bannen oder zu töten.
774 1480 2829 1695 Sie zittert vor dem Einzigen, der sie kennt,
541 1671 2290 1818 kehrt zurück zu ihm, um ihn zu töten.
786 1755 2996 1952 Oder sie lässt ihn blenden, nur um seinen Blick
592 1902 2996 2102 nicht zu sehen, der ihr sagen würde: Hab' ich dir's
592 2120 1432 2272 nicht prophézeit?
