3560 4280
2944 279 3036 441 7
2240 386 2806 524 temeswer in
824 484 3183 659 friedigung über meine Kühnheit gar nieht verbergen
2384 573 2911 705 au Klagen
858 650 1140 763 nichte
836 665 3263 858 wollte, sich im Laufe eines lebhaften Gespräches über
833 843 3192 1091 (die Leere ihres Daseins) die Minderwertigkeit ibres
1896 950 2696 1078 nicht fehlen ließ.
843 1014 3208 1204 Verkehrs in Klagen anging und endlich ihrer Freude
1863 1146 2086 1287 gab
852 1158 3281 1431 herzlichen Ausdruck verlieh in mir eine verständnis-
864 1345 3168 1621 volle mitfühlende Seele gefunden zu haben, und so
870 1559 3257 1771 verheissungsvoll war der Blick, den sie zum Abschied
2221 1648 3186 1752 auch den Etschiedsblick
873 1728 3177 1924 auf mir ruhen liess, dass mir, der ich all dies nur
882 1881 3312 2096 in meiner Einbildung erlebt hatte, am Abend desselben
892 2093 3349 2267 Tages, da ich sie in ihrer loge wiedersah, nicht anders
888 2279 3300 2485 zu Mute war, als gehörten wir irgendwie zusammen und
898 2426 3202 2635 als schwebe ein köstliches Geheimnis zwischen uns
898 2586 3318 2825 beiden. Sie werden sich nicht wundern,werter Freund,
901 2797 3327 2999 dass ich, der nun einmal von der Kraft seiner Einbil-
1517 2941 2209 3085 aufterwendliche
913 2996 3254 3183 dung eine so wunderbare Probe bekommen hatte, jener
2016 3107 2500 3245 gleite but
925 3150 3180 3352 ersten Begegnung auf dieselbe Weise bald weitere
919 3355 3174 3539 folgen liess, dass diese uns in immer entlegenare
2497 3459 2745 3563 und
925 3505 3297 3738 Teile des herbstlichen Waldes führten, dass sich un-
