3352 4264
2636 353 2730 523 1
457 535 2695 686 Ein Wituer bringt mir das Tagebuch seiner Frau,
431 642 2736 875 Ich lese darin, es stehen lauter Geschichten über
428 834 2878 976 mich darin, von denen kein Wort wahr ist. Auch dass
444 995 2831 1140 ich ihr Geliebter war. Es gibt vorläufig keine Mög
441 1149 2834 1291 lichkeit den Witner aufzuklären, endlich erfährt er
444 1297 2969 1448 auf trgend eine Wetse, dass seine Frau wahnsinnig war
435 1493 1112 1618 Ins mystische.
435 1612 2878 1748 Lauter Dinge in dem Tagebuch, die ich geträumt habe.
438 1760 2969 1899 Etne Landpartie, eine Reise mit ihr. Ich kann sezusa
457 1943 1300 2107 gen nicht, laugnen.
