3352 4264
2363 262 2458 499 2
569 502 2976 701 Ich treffe mitternachts im Stadtpark auf einer Bank
420 559 512 727 1840
572 723 2947 859 einen Bekannten, den ich schon sehr lange nicht ge
569 865 888 1008 sehn,
572 1030 2590 1137 Vielleicht eine kleine Stadt fern von Wien.
562 1143 2543 1308 Der Bekannte erzählt mir seine Geschichte.
569 1314 3064 1447 Er lebte in einer kleinen Stadt, vielleicht ein jun -
774 1431 2938 1611 ger Herr bei der Bezirkshauptmannschaft. und
584 1595 2922 1753 verkehrt dort auch in Offizierskreisen. Sehr viel
578 1766 3083 1917 mit einem Rittmeister und dessen Frau, in die er sich
588 1908 2893 2072 auch verliebt, doch ist er entweder zu schüchtern
591 2082 3127 2240 oder liebt den Mann zusehr oder hat eine gewisse Scheu
594 2227 3130 2391 vor der Frau, die einen ziemlich wahnwitzigen Eindruck
584 2372 3010 2527 macht. Die Frau stimbt, vielleicht endet sie durch
584 2530 3007 2691 Selbstmord. Am Tag nach ihrem Begräbnis bringt ihm
603 2698 3004 2846 der Rittmeister das»Tagebuch, in dem Icuter umwahre
591 2840 3013 3004 Dinge stehn, die sich aber bis ins kleinste mit dem
606 2985 2745 3156 decken, was er stch gewüscht und geträumt hat.
591 3165 2818 3301 Er fühlt sich so schuldig, dass er es für jetg
597 3301 2865 3459 hielte zu leugnen, denn sowohl sie als er haben
613 3449 2953 3623 ja in ihren Träumen den V errat an dem Rittmeister
