3592 4248
362 306 730 483 Parmi
644 430 786 597 O
860 628 1492 789 Als Einakter.
879 727 1999 935 "Wo ist deine Geliebte?"
876 876 3117 1083 In der Welt. Die Jagd zog vorüber, Sehnsucht er-
650 1021 3141 1275 fasste sie. Ich sah es, ich liess sie hinaus. Wenn du
693 1247 2433 1393 willst, magst du wieder zurückkommen.
885 1380 1659 1566 Er empfängt sie.
913 1520 2046 1693 "Da bin ich, beschmutzt.
891 1687 3110 1876 Nein. Das Leben reinigt, nur unerfüllte Wünsche
665 1879 1170 2030 beflecken.
944 1984 1393 2194 :Verse? :
910 2284 3191 2491 Eine gegensätzliche Figur: Junges Weib, das sich
706 2451 3120 2615 in Wünschen verzehrt. Er lernt diese kennen und ver-
749 2646 2163 2810 zeiht daher der Heimkehrenden.
