3624 4312
3018 330 3155 526 13
844 561 3249 751 Ich blätterte, nein, ich las. Beinahe eine Stunde las
1206 720 1835 857 den Schreibtisch
850 757 3240 925 ich, an mein Fehster gelehnt, während der Rittmeister
847 903 3317 1174 regungslos auf dem Divan sass, las die ganze Geschich-
1953 1059 2218 1181 holde
866 1146 3258 1293 te unserer Liebe, diese stisse, wundersame Geschichte,
863 1327 3336 1489 in all ihren Einzelheiten, wie ich sie in meiner Rhan-
885 1477 3240 1713 tasie erlicht hatte; von dem Herbstmorgen an, da ich
872 1685 3296 1822 im Wald zum ersten Mal das wort an Redegonda gerich-
888 1841 3134 1997 tet hatte, las von unserm ersten Kuss, von unseren
897 1994 3367 2190 Spaziergängen, unseren Fahrten ins Land hinein, unsere
3196 2093 3358 2233 from
888 2215 3305 2383 Wonnestunden in meinem blumengeschmückten Zimmer,un-
900 2383 3308 2551 seren Flucht = und Todesplänen, unserem Glück und un-
897 2532 3265 2775 serer Verzweiflung. Alles stand in diesen Blättern
1498 2694 1776 2807 alles
906 2732 3370 2906 aufgezeichnet, was ich niemals in wirklichkeit erlebt,
2215 2847 2358 2956 eo
835 2888 1277 3037 und dort
903 2941 3265 3068 aber alles genau so wie ich aber vermocht hatte
2638 3000 3015 3146 hette.
2205 3018 2573 3152 erlebt.
1713 3037 2000 3162 avec les
919 3084 3190 3321 minis in meiner Einbildung versustellen. Und ich
913 3243 3311 3507 fand das durchaus nicht so unerklärlich wie sie es,
922 3427 3420 3651 werter Freund, in diesem Augenblick offenbar zu finden
925 3648 3427 3825 scheinen. Denn ich ahnte mit einem Mal, dass Redegonda
