3640 4312
2848 439 2985 612 14
804 675 3174 821 mich ebenso geliebt hatte wie ich sie und dass mir
628 864 3297 1037 dadurch die geheimnisvolle Macht geworden war die Er-
2067 964 2180 1087 in
821 1050 3207 1190 lebnisse meiner Phantasie und der ihren alle mitzu-
834 1220 3257 1376 leben. Und da sie als Weib den Urgründen des Lebens,
831 1320 3284 1556 dort wo wunsch und Erfüllung eines sind, näher war als
844 1569 3244 1748 ich, war sie wahrscheinlich im Tiefsten überzeugt ge¬
851 1702 3257 1905 wesen, alles das, was nun in ihrem violetten Büchlein
861 1901 3350 2077 aufgezeichnet stand, wirklich durchlebt zu haben. Aber
851 2117 3347 2273 noch etwas anderes hielt ich für möglich; dass dieses
861 2287 3340 2456 ganze Tagebuch nicht mehr oder nicht weniger bedeute-
1479 2400 1964 2539 peut-être
874 2463 3310 2629 te, als eine wunderwolle Artwen Rache, die sie an mir
1439 2586 1924 2706 auszulesene
867 2649 3281 2915 nahm. Rache für meine Unentschlossenheit, die meine,
884 2812 3374 2968 unsere Träume nicht hatte zur Wahrheit werden lassen.
884 3021 3281 3241 Ja ich hielt es sogar für denkbar, dass ihr plötzli-
887 3197 3320 3330 cher Tod das Werk ihres Willens und dass es ihre Ab-
891 3357 3324 3507 sicht gewesen war das verräterische Tagebuch dem be-
1838 3450 2725 3606 srenglheuerliche
784 3563 3178 3686 trogenen Gatten auf selche Weise in die Hände zu
1835 3659 2157 3799 diese.
