3496 4216
663 379 772 497 »
635 510 3195 686 "Ich liebe dich - ja. Aber es steckt in mir noch etwas:
628 702 3099 823 eine Sünderin, eine Verbrecherin. Das muss ich ausle-
615 842 2258 995 ben, dann komm' ich wieder zurück.
842 1097 2688 1307 Sie erlebt es? Er lässt es sie erheben?
670 1295 2883 1457 Oder: Er sieht auf ihrer Stirn nachts, wenn sie
660 1441 3004 1585 schläft, sonderbare Gedanken. Das Ungelebte in ihr
660 1594 1381 1760 beunruhigt ihn.
631 1770 2972 1923 "Ich verlange von dir, dass du dich der ersten Ver-
666 1891 2950 2092 suchung hingiebst, die an dich herantritt, nur so
609 2069 2353 2232 kannst du mir gereinigt wiederkehren.
609 2232 3001 2385 Sie glaubt es eigentlich nicht, nur willenlos lasst
651 2363 2018 2535 sie alles mit sich/geschehen.
603 2522 3029 2688 Sie zieht mit dem Fürsten fort, er bleibt allein zu¬
654 2704 909 2832 riick.
599 2838 3135 3007 Sie wird Beherrscherin des Reichs, die Fürstin stirbt
603 2988 1336 3147 um ihretwillen.
829 3131 3084 3294 Sie betrügt den Fürsten; vielleicht mit dem, der
641 3304 1409 3447 ihr nachgezogen.
599 3409 2997 3606 Oder sie geht so weit, dass sie den Gatten, der wie
