3496 4312
2856 300 2953 456 3
1133 439 1399 604 etwas
635 494 3157 749 Ihnen eine/sonderbare Geschichte zu erzählen,vorausge-
639 635 3171 912 setzt natürlich, dass Sie geneigt sein sollten sie ken-
2090 815 2286 1019 dite
639 860 2038 1112 nen zu lernen.“ aufuhören.
839 977 3146 1264 Nicht ohne Verwunderung über diese Anrede erklär-
1527 1209 1772 1323 idam
670 1192 3077 1461 te ich mich sofort bereit ihm anzuhören, konnte aber
995 1212 1495 1350 ce qui nous avons
684 1375 3070 1623 nicht umhin meinem Befremden Ausdruck zu verleihen,
2981 1440 3233 1589 challe
698 1571 3122 1799 dass Dr. Wehwald mich nicht im Caféhause aufgesucht,
1720 1699 2476 1827 nächstlicherweile
2670 1672 2853 1792 quil
373 1734 3157 2034 ferner, wie es ihm gelungen mich hier im Stadtpark zu finden
705 1924 3129 2172 und endlich warum gerade ich zu der Ehre ausersehen
2649 2045 2818 2262 G.O.S.O
722 2124 2210 2352 sei seine Geschichte anzuhören.
946 2259 3191 2514 „Die Beantwortung der beiden ersten Fragen", erwi
736 2452 3281 2697 derte er mit ungewohnter Herbheit, „wird sich im Laufe
732 2621 3219 2894 meines Berichtes von selbst ergeben. Dass aber meine
756 2822 3129 3032 Wahl gerade auf Sie fiel,werter Freund, (er nannte
760 2946 3250 3229 mich nun einmal nicht anders) hat seinen Grund darin,
784 3108 3257 3430 dass Sie sich meines Wissens auch schriftstellerisch
787 3285 3122 3602 betätigen und ich daher darauf rechnen darf meine
2134 3478 2494 3564 meme
819 3509 2314 3664 auf eine Veröffentliches zu ena¬
791 3502 3350 3803 merkwürdigen, aber ziemlich stillosen Mitteilungen in
