3608 4296
2930 383 3080 576 15
1455 483 2194 639 in hette keine
773 519 3237 789 spielen. Aber es war nicht Zeit und kein Anlass mich
759 749 3273 929 mit der Lösung dieser Frage lange aufzuhalten, für den
2148 862 2817 956 du nalculiche
773 906 3240 1106 Rittmeister konnte ja doch nur eine Erklärung gelten
1405 1056 1625 1172 dez
783 1102 3260 1315 und so tat ich, was die Umstände verlangten und stell-
793 1292 3280 1532 te mich ihm mit den in solchen Fällen üblichen worten
789 1508 1455 1718 zur Verfügung.
982 1655 2168 1822 „Ohne den Versuch" —
2894 1712 3177 1858 terb
982 1792 3167 2011 „Zu leugnen!“, unterbrach mich Dr.Wehwald rasch.
829 1945 3303 2178 „Oh! Selbst wenn ein solcher Versuch die leiseste Aus-
806 2141 3230 2358 sicht auf Erfolg geboten hätte, er wäre mir kläglich
813 2364 3247 2517 erschienen. Denn ich fühlte michdurchaus verantwort-
806 2537 3223 2727 lich für alle Folgen eines Abenteuers, das ich hatte
809 2721 3277 2927 erleben wollen und das zu erleben ich nur zu feig ge-
2028 2844 2354 2960 spiad
723 2900 3247 3104 o wesen.- „Mir liegt daran“, sagte der Rittmeister, „un-
806 3037 3360 3250 sern Handel auszutragen noch eh Redegondas Tod bekannt
2627 3164 2890 3293 und
819 3250 3420 3440 wird. Es ist ein Uhr Früh, um drei Uhr soll die Zusammen-
779 3440 3310 3653 kunft unserer Zeugen stattfinden, um fünf, nach-ehe-Re-
703 3540 3377 3810 degandas Leichnam entdeckt wird, wenn die Sache zu Ende
2910 3710 3250 3873 erleitigt.
