3432 4232
2750 242 2894 443 10
587 443 2960 574 des Regiments nicht nur für möglich hielt, sondern
590 530 2935 775 dass ich es geradezu erwartete. Nicht wie sonst ge¬
596 769 3048 957 lang es mir ihr Schattenbild herbeizulocken, die Himm¬
600 954 2897 1102 lische in meine Arme zu träumen; nein, mir war als
596 1089 2991 1309 hielte etwas Unberechenbares, vielleicht Furchtbares
603 1306 3029 1488 sie daheim zurück; hundertmal ging ich zur Wohnungs-
603 1488 2957 1651 türe, horchte auf die Treppe hinaus,blickte aus dem
606 1632 2916 1824 Fenster, Redegondas Nahen schon auf der strasse zu
618 1839 2963 2006 erspähen; ja, in meiner Ungeduld war ich nahe daran
618 1971 3035 2188 davonzustürzen,Redegonda zu suchen, sie mir zu holen,
612 2197 3104 2345 mit dem Recht des Liebenden und Geliebten sie trotzig
223 2238 543 2411 holsig
618 2360 3023 2542 dem Gatten abzufordern, bis ich endlich, wie von Fie¬
612 2524 3132 2746 ber geschüttelt, auf meinem Divan niedersank. Da plötz-
615 2718 2985 2878 lich, es war nahe an Mitternacht, tönte draussen die
621 2894 3104 3095 Klingel. Nun aber fühlte ich mein Herz stille stehen.
631 3085 3038 3264 Denn dass die Klingel tönte,verstehen Sie mich wohl,
625 3202 3089 3434 war keine Einbildung mehr. Sie tönte ein zweites und
637 3428 3123 3597 ein drittes Mal und erweckte mich schrill und unwider-
