3480 4216
2643 236 2846 388 andere
904 338 3167 512 weise warst Du ein bequemer Schwätzer. Das Lebeh
901 549 2925 692 ist viel zu reich, als dass man es auf eine
898 681 2894 861 Formel bringen darf.. Lockung ist ein Wort
875 822 2919 1025 so dumm wie Pflicht. Jede Pflichb erfüllen,
926 1008 3035 1177 so töricht wie jeder Lockung folgen. Urteilen
918 1163 3040 1362 können darauf kommt es an. So wenig Böses tun
935 1320 2840 1509 als möglich ohne selbst zugrunde zu gehn.
