3576 4280
2945 240 3045 424 8
817 452 3186 655 sere Unterhaltungen von Wiedersehen zu Wiedersahen
811 668 3173 867 freundschaftlicher,vertrauter,ja inniger gestalte-
836 821 3323 995 ten, bis eines schönen Tags unter entblätterten Aesten
2543 920 3005 1051 geoffreten
830 983 3310 1257 die angebetete Frau in meine sehnsüchtigen Arme sank.
839 1211 3242 1373 Nun liess ich meinen beglückenden Wahn immer weiter
2321 1320 2552 1426 mehr
849 1285 3273 1538 spielen und so dauerte es nicht gar lange, dass Rede-
1363 1476 2583 1622 au lude du sladt je le jeuen
852 1554 3214 1747 gonda mich in meiner kleinen Wohnung besuchte, die-
920 1650 3017 1810 und wir seligkeiten beschieden waren
852 1732 3313 1919 am Ende der Stadt gelegen war, dort, wo die Hauptstras-
2309 1881 2493 1934 uw
758 1916 3264 2072 o es sich ins flaehe Land hinaus in unendliche Fernen
855 2094 3251 2296 verliert und dass mir beschieden war eine Selig-
1838 2172 3370 2306 ne suu die wichlicheit actuelis
1145 2234 1707 2359 " dischleben
783 2284 3170 2424 keit zu erfahren, wie es das wirkliche Dasein Arm-
1217 2406 1747 2530 trüklichkeit
827 2399 3285 2615 ilch und banal mir niemals und wohl auch Andern nie
883 2608 3373 2811 so berauschend zu bieten vermocht hätte. Aus
886 2727 3257 2973 an Gefahren fehlte es nicht, unser Abenteuer zu wür-
880 2927 3298 3139 zen. So geschah es einmal im Laufe des Winters, dass
886 3161 3195 3332 der Rittmeister an uns vorbeisprengte als wir auf
908 3282 3223 3535 der Landstrasse im Schlitten pelzverhüllt in die
902 3476 3248 3710 Nacht hineinfuhren und schon damals stieg ahnungs-
