3512 4328
2911 282 3001 421 2
1553 319 1940 529 Mille
687 421 3084 736 eine immerwährende Befriedigung zu gewähren schien.
699 492 3199 910 Vor etwa vier Jahren war er aus der Wiener Statthal###
693 780 2979 1104 tærei als Konzeptspraktikant nach einer kleinen
718 971 3016 1238 niederösterreichischen Landstadt versetzt worden,
2726 1036 3023 1157 mite
752 1135 3125 1377 tauchte aber von Zeit zu Zeit immer wieder in unse-
783 1296 1890 1476 seinen Freunden im
727 1293 3153 1615 rem Caféhause auf, wo er stets mit jener gemässigten
758 1470 3183 1794 Herzlichkeit begrüsst wurde, die seiner eleganten Zu¬
1841 1603 2917 1745 geboten war Nader
777 1664 3128 1989 rückhaltung gegenüber an Platze schien. Darum fand
792 1832 3057 2153 ich es angezeigt, obzwar ich ihn seit Weihnachten
1086 1909 1321 2026 such
798 2036 3202 2345 nicht gesehen hatte, keinerlei Befremden über Stunde
811 2190 3245 2450 und Ort unserer Begegnung zu äussern. Liebenswürdig,
823 2401 3146 2692 aber gleichgültig erwiederte ich seinen Gruss und
996 2395 1513 2549 austemen
835 2552 3276 2871 schickte mich eben an mit ihm ein Gespräch zu eröff-
838 2719 3267 3054 nen, wie es sich für Männer von Welt geziemte, die am
851 2911 3230 3227 Ende auch ein zufälliges Wiedersehen inieustralien
1828 3054 2500 3202 bringen durfte.
863 3084 3354 3409 nicht aus der Fassung brächte, als er mit einer abweh-
876 3295 3180 3589 renden Handbewegung kurz bemerkte: „Verzehen Sie,
891 3459 3273 3781 werter Freund, aber meine Zeit ist gemessen und ich
903 3651 3153 3929 habe mich nur zu dem Zwecke hier eingefunden, um
