3512 4232
790 344 2409 626 Keinen Wunsch, keine Lockung wehr?
798 570 1667 734 Ja, Dich schlagen.
759 694 3019 954 War Dein Leben nicht reich genug? War ich nicht
824 880 2996 1061 weise, dass ich Dich der ersten Lockung folgen
829 1109 1143 1230 liess?
829 1193 2734 1377 Weise? Nicht genug Liebe oder Eitelkeit
846 1315 3010 1529 Weise sein heisst den Kampf aufnehmen mit Träu
841 1535 1848 1727 men und Hirtenflöten.
855 1746 2364 1921 Wusztest Du früher wer Du Garst?
807 1879 2878 2085 Weiss ichs jetzt? Ist es denn möglich jeder
863 2017 3115 2265 Lockung zu folgen, eine widerspricht der andern.
877 2167 3137 2421 Wir wissen selbst nicht, welche die stärkere ist
880 2367 2909 2581 Manchmal widerstehn wir einer Lockung, weil
892 2502 3033 2742 wir ahnen, dass wir durch Nachgeben in die Un
894 2700 2886 2872 möglichkeit versetzt würden einer stärkern
908 2855 3027 3072 nachzugeben, die später kommen wird. Und wenn
920 3016 3112 3196 ich einen kalten Trunk wasser verschmähe, oder
914 3160 3182 3386 meinem Geliebten nicht in dem Augenblick der Wut
928 3346 3027 3535 einen Dolch ins Herz stiesse.. Lockungen ver -
937 3498 3019 3749 stehn, abschätzten darauf kommt es an. Nicht
956 3724 1233 3893 votre
