5095 4231
824 585 1180 771 p. 26 a
1499 604 2414 817 I. Maß noch überall
2605 684 4296 824 starke Sympathie verwandelte sich dann sehr
1315 794 2059 1033 nicht über dieß
2593 801 4436 991 bald in Liebe. Wir fanden mit und sofort fülle,
500 886 659 1056 F.S.
2201 907 2440 1095 de mieux
1634 975 2105 1125 verh.
2605 943 4434 1081 sich Frau F. Mutter. Das erstien uns wie ein Wunder¬
698 1044 863 1173 et de
438 1056 2226 1333 de même avec moins à une
2628 1053 4386 1212 Sie, wissen wol, auf welcher Schmerzt meine Freundin.
2628 1196 4422 1379 sich immer ein Kind gewinst hatte. Es war die
631 1267 2132 1476 c'est 5 sols. Redspue aendof et zié
2625 1361 4429 1478 beständige Hoffnung ihrer Leben. Ich wusste dit.
847 1398 2460 1595 Ee et ae rusi dans ttous
2646 1487 4319 1590 Als die Liebe in mir erwachte würde ich von
1625 1515 2412 1714 W. I.
691 1570 1556 1760 Febhilten
2639 1604 4335 1786 leiden Wunsch nie die Geliebte besielt, - zum
606 1680 2398 1935 as a Mr. C. D. J. M. B. A.D
2664 1749 4397 1870 nösten Mal in meinen Leben – auch ich sehrte
723 1843 2228 2061 as a.B. edder - auch IJ.S. nov.
2671 1884 4310 2059 nicht danach von ihr ein Kind zu erhalten.
2180 1985 2428 2095 ghert et
812 2040 1648 2233 Gouvernement septemt
2674 1992 4429 2203 Das Kind wurde also mit Bewußtsein gezeugt.
2662 2137 4487 2316 Im Sulentaimel des Augenblickt übersehen wir nicht
705 2166 1673 2352 sont aussi toujours
2676 2265 4395 2433 die Consequenzen, - wir waren aber nachher
675 2343 1786 2515 de la rivi avec
2671 2364 4448 2568 unserer Pflicht bewust, die Folpen unserer Tat zu
2130 2417 2444 2589 a-t-il
633 2490 1606 2697 - De
2701 2508 4370 2690 tragen - das Kind nichtte geboren werden. Und
4636 2580 4813 2706 G.C.F.P.
2226 2603 2387 2717 xx
610 2660 1795 2857 Enseignement de
2704 2678 4404 2827 damit fingen für uns eine munterbrodene Kette¬
750 2784 1880 2967 ist werde ich in eine
2676 2804 4406 2974 von Leiden u. Sorgen an, welche die Geliebte in
4636 2862 4806 2997 1r. p. 0
695 2892 1799 3105 in me aion tote
2694 2926 4471 3117 großer Tapfertet ertrug, - ermutigt u. gestärkt
4613 2972 4911 3096 Tvorsp.L
624 3041 2118 3245 in der Stadt, gebunde und
2676 3064 4459 3243 durch den Gedanken ein Kind ihr eigen neuen zu
716 3112 2407 3385 1. Ils sont avec son frerement
2683 3195 4443 3376 können. Ueber 1¼ Jahren hatten wiszumausgesetzt.
750 3325 2389 3504 Bue de même avec le dernier
2664 3348 4422 3543 zu Kämpfen u. zu leiden u. wohl jetzt nach
767 3472 2208 3656 décembre, avec son
2701 3477 4448 3681 der erfolgten Scheidung meine Ehe können
