5059 4265
4442 685 4865 835 G.C.H.F.K.
2475 614 4279 850 d'Albert z.Z. Cöln. 20 hor. igis.
2492 928 3500 1185 Verehrter Herr Doctor!
4622 1076 4870 1188 G.C.H.F.P
2817 1132 4355 1353 Herr entnahm ich Ihrem liebenswürdigen
2470 1265 4338 1479 Briefe für welchen ich ihnen bestens danke, daß
2482 1401 4294 1564 Sie bei Durchticht Ihrer Pläne meiner
2489 1520 4333 1749 gedenken wollen, zumal es seit Langen
2468 1654 4377 1853 mein Wunsch ist, in Rünstbereiche Verbindung
2458 1805 3405 1992 mit Ihnen zu heten.
2504 1909 4282 2118 Ganz Herr Ansicht kann ich mich nicht
2458 2028 4117 2234 bekennen, daß ein vorhandenes Stück op
2453 2132 4241 2351 weiteres in Musik gesetzt werden kann.
2475 2256 4330 2487 Die Sprache für das Schauspiel, et doch dafür:
2465 2368 4398 2623 berechnet, daß jedes Wort verstanden wird - deren
2465 2504 4413 2757 die Nurik geht aber immer Manches verloren.
4474 2591 4894 2727 C.C.M.H.F.T.K.
2477 2628 4398 2854 das geheisert wieder eine knesssere Form, welche
2489 2808 4338 3026 durch das einfache Zudemannsheiter schwerlich.
4532 2868 4998 3002 rois-dire et le
2480 2951 4326 3157 erreint wird. Auch glaube ich nicht, daß eine
4488 2980 5018 3123 ος: Πηηςριήη
2458 3094 4347 3279 Herr Werke sich für eine dererliche Behandlung
2511 3204 4386 3425 eignen würde, nachdem. Sieklei schon Komponist it.
4447 3796 4615 3971 G.F.P.
4377 3942 4619 4083 G.C.F.P.
