5112 4232
714 683 2406 860 Auf der schwerer unterstehenden Stadt
582 822 2226 1026 nachdem und wiederholt sehr
575 935 2243 1153 welmott und nur aus wieder not recht.
628 1081 2396 1289 Décreté avec M rondel avec des héros
628 1205 2384 1433 Es wie es Stad Schreibamt sich in einem
618 1351 2348 1553 das Nähe ab.
664 1498 2367 1699 décembre avec le monde avec
690 1634 2351 1807 [incompréhensible]
719 1776 2365 1963 décidé l'autre même, il doit autre
707 1907 2147 2078 G.C.H.F.S.   C. G.
616 2018 2356 2202 [?] that and she is not sold.
539 2171 2111 2346 4°   ̃ ʼ ̀  καὶν
683 2284 2217 2451 de sérieuse, mais ils s'est enfant
690 2372 2329 2574 Tat vrouwenest at Rynnes S. A.
697 2502 2329 2708 Ende wohne verwahrten sind auf-
635 2648 2339 2856 nicht einverwärtigen und
618 2789 2336 2998 En toutes les état avec le
577 2935 2312 3146 in der Akademie zurück-
592 3065 2353 3259 2)    [incomprudia]
616 3206 2344 3427 in der Juristen-Secretär
618 3350 2185 3546 notra fête a même
594 3499 2181 3695 erwärt und unter geb. ausgefuhren
2621 403 3177 630 d'Albert
3805 520 4318 738 20 Dec. 9io.
2600 601 3554 834 Percherte Herr Doctor!
2947 767 4481 1030 Die geliebte Frau, welche glicklich zu
2547 915 4356 1155 machen ich mir hir Aufgabe festelet habe;
2550 1030 4416 1299 hat Ihnen in kurzer Zugen unsere Leider.
2550 1210 4407 1440 die wegengenen Jahres ergehlt. Dank Sie
2552 1416 4479 1620 nicht, erst er unter feur Leibe in felsdes
2768 1471 3082 1558 erhalten
2586 1531 4366 1730 Bild draigt es mit Ihnen selbst.
2605 1665 4428 1869 Einiges darüber zu sagen. - Es ist eine
2576 1840 4335 1998 sonderbar, daß zwei Meischen, welche tich so
2562 1994 4376 2159 wunderbar bestehen u. wie für einander.
2562 2123 4344 2327 geschaffen sind, langere Zeit in mir
2571 2315 4419 2478 Raventineller Weise auf einander verkehren
2586 2420 4433 2612 Komtee. Ich war aber österratet u. Frau
2610 2547 4423 2816 Felde ich einer Fä befriedet. Erst
4574 2581 4795 2748 M. ruy
2619 2722 4284 2935 der Verrat des meine Frau an der Feindin
4649 2854 4953 2983 it of the
2598 2890 4366 3084 able, indem sie ihren Wort nicht glaubte, u. sie
4625 2983 4905 3106 G.C.F.P.
2607 3046 4368 3201 in Kleinlidster Weise verbundete, kennte die
2624 3161 4440 3367 Mundschaft u. fürte die Geliebte mir zu. Ich
2633 3314 4296 3446 verstand sie ich haette ihr volles Vertrauen
2657 3407 4316 3642 entjesen, trat für sig, veteidigte sie, - die
