5059 4265
482 895 2150 1098 Ich ließ mir, nahmals Ihre ergreifende
449 1018 2376 1230 Dichtung „der Schleine der Heattice kommen (meine
429 1153 2367 1332 Bibliothek ist nämlich angeblicklich beim Spediteur)
439 1283 2248 1513 in den Grundgedanken haben Sie aber für die
480 1402 2417 1612 Pautomime, zu welche Dohnungs die Umsik Komponiste,
482 1510 2285 1737 bemützt. Ich will mir nochmals die Frau mit
473 1662 2275 1848 den Dolche durchlesen – ich empfing s. k. eines¬
504 1805 2396 1983 unanlöschlicher Eindruck von der Böhnenwirkung und
499 1930 2359 2096 leider it dieser Drame mir kurz – ob sich
1503 2034 1887 2133 erweitern
509 2058 2350 2261 die innere Handlung so haut ließ, daß ein
487 2215 2326 2437 abendfallender Werk, daraus ja formen wäre?
673 2367 2244 2545 Am Töchsten wäre es mir einen Hoff
545 2519 2347 2738 zu erhalten, der von Anfang an mir für die
543 2651 2328 2878 Opper gedacht ist. Ein solcher Stoff kann,
511 2815 2386 2967 weit Heattalisch sein als ein fürs Drame
519 2972 2294 3143 bestimmter. Die Oser verträgt viel starkere
509 3059 2362 3283 Farben, da die Musik Vieles mildert. Lind sie,
2519 825 3657 1033 nicht auch meiner Ansicht?
2789 1054 4253 1267 Auf baldige Nachricht loffend bin:
2555 1180 3696 1411 ich mit herzlichem Geist
2992 1373 3821 1621 Ihr sehr ergebener
3131 1575 4000 1889 Eugen d'Albert.
2615 1957 4427 2162 Bitte freuntl. immer nach Zürich (V. Mainau¬
2632 2142 4246 2311 str. 19) zu schreiben, wohin ich morgen
2663 2265 3168 2429 zurückkehre.
4502 2586 4777 2733 G. P.D.
4574 2835 4900 2982 peut être
4586 3006 4871 3160 :T:W:S:B:F:K:H:
