5059 4232
1613 149 1854 296 1/1 1
685 582 2454 793 I am aus demeinrissen und schon
648 774 2291 969 4th of 2 wkad 2-10.
667 951 2154 1123 25 - 6 - -  -
752 1123 2376 1269 Von Schöne zünschen und
1510 1265 2342 1441 le 1e
681 1427 2360 1634 2o 2o 2e 2e et 2e
756 1604 2399 1741 reichts, in dieser erl.
694 1755 2330 1938 a-t-t - a -t -t-
593 1934 2291 2161 Feygad eodem F. A.
644 2092 2314 2328 Geschäft nicht ein, und mit
1382 2218 2371 2385 dans cette général avec
642 2321 1084 2452 de même
1402 2360 1950 2566 Dr F. F.
545 2607 2188 2834 3°   ̃  κουτ
697 2804 1835 2965 S'entra èle et avec
692 2910 2365 3137 Ce-t-e alors ave: tjusd'
1196 3100 2122 3297 décreté.
710 3192 983 3318 c et de
678 3327 2289 3556 at aetrof  an dee
708 3503 1840 3719 ed in I
3854 112 4046 321 1:7:9
3416 137 3625 307 1er,
3038 135 3345 314 G.C.H.F
2612 662 4406 878 Wir ein wenig aussehen u unser Glück geniessen.
2695 809 4429 1026 Es erscheint uns schon unglaublich, daß wir die
2674 930 4440 1150 Kraft hatten die Leiden des Jahres ausgehalten,
2660 1093 4459 1311 Seit den Anfang der Schwanserschaft war die
2660 1237 4360 1478 Geliebte keines Tag sei von Schmerzen.
2665 1386 4431 1611 Das Kind wollte mir zu früh komen u.
2646 1553 4310 1755 ein der sorgtauchen Pflege gelag es in
2633 1663 4454 1904 Umlick zu siebchen. Ein Unglück wäre
2635 1810 4477 2067 es gewesen. Denn auf die Geliebte Körperlich
2653 2009 4406 2186 die Krankheit uberstanden hätte (was sehr
2628 2170 4434 2397 In Bezweifeln ist) so wäre die Enttätigung,
2614 2335 4344 2548 eine so jagte gewesen daß sie gericht¬
2623 2477 4216 2676 den Schmerz nicht überlebt hätte.
4580 2585 4949 2733 T. Ungmajar
2621 2646 4342 2878 Während dieses ganzes Jahres hat die
2633 2821 4328 3066 Geliebte – ausser dem Arzt – auf mich
4649 2885 4983 2990 ip o!!
4619 2976 5002 3125 Kugeschje
2621 3015 4440 3263 geschew - ich habe sie ganz allein
2605 3178 4369 3386 gepflegt. Selbt die intimsten Reindinnen
2594 3325 4434 3545 wiften nichts an ihren Zistad. Das Geheimes
2614 3462 4434 3696 war ein zu gefährlicher. Die Geliebte legte
