3368 4056
2966 196 3097 466 82
251 509 2089 717 Albtnus. Hab ich das verdient?— Spott?
262 630 2322 837 Faustina. Was dachten Sie mehr zu erreichen?
255 793 3177 986 Albinus. Doch Sie scherzen sich nicht so leicht darüber hinweg
731 913 3071 1121 Gräfin,- Sie können jetzt spotten-weil Sie wissen.
728 1095 3144 1310 Aurora ist ein Gebilde meiner Phantaste.Aber ich ha¬
746 1252 3111 1452 be den Fall angenommen, dass Aurora wirklich lebte-
750 1357 3144 1579 wie dann! Wenn Sie von wirklichen, wahren Triumpfen
750 1536 3107 1754 hören, die Aurora erringt.-Würde es Sie länger in
771 1652 3180 1889 Ihrer Zurückgezogenheit und Einsamkeit ruhen lassen!
775 1848 3024 2052 Sie, Gräfin, die Sie Ihre Nebenbuhlerin besiegen
400 1961 502 2121 G.C.P.
811 2041 1175 2220 können?
768 2121 3071 2365 Ah, Neid? Denkt Albinus so klein von mir, dass er
309 2227 750 2412 Faustina.
779 2303 2402 2507 meint, ich würde Aurora beneldenî-
786 2394 3144 2660 Ach und es käme nicht einmal dazu-denn solange Sie
306 2482 710 2744 Albtnus
837 2609 3031 2824 nur in unserer Stadt bleiben, haben Sie die Ge-
797 2700 3195 2955 sellschaft nicht verlassen. Sotreen und Bülle werden
844 2896 3253 3104 sich in kleine Einzelbesuche auflösen- und ich glaube
338 3053 2405 3293 Faustina. Nun, Sie glauben? Fahren Sie fort¬
342 3206 3118 3399 Alb. Dass die Männer mit diesen Besuchen zufriedener sein
815 3369 3049 3642 worden, als sie es mit den grossen Bällen waren¬
