3336 4056
2932 230 3056 406 81
712 378 3056 567 Münner jemals so begeistert, als sie es jetzt für
715 560 3018 770 Aurora sind. Die Musiker weihen ihr die schönsten
712 701 3090 897 Lieder, die Dichter besingen sie in ihren Gedichten,
736 873 3183 1066 die Maler verherrlichen das wunderbare Weib auf ihren
770 1028 3087 1182 Gemälden. Sie ist Herrscherin im Reiche der Herzen,
718 1134 3001 1378 Herrscherin im Retche der Kunst, Königin überall.
681 1279 2918 1478 b Man bewundert sie, liebt sie. betet sie an.Ein
718 1447 2973 1633 Blick von ihr macht den Beglückten zum Seligsten
722 1622 3135 1832 der Sterblichen. Unrettbar in Ihre Ketten verstricht
337 1557 663 1836 10. V. 70
732 1781 3059 1994 ist jeder, der sich ihr naht.Verloren der, dem ein
715 1884 2877 2097 Lächeln ihres süssen Angesichtes galt.Sie wird
767 2090 3083 2272 gesehen und im selben Augenblicke hat sie gesiegt.
663 2197 2973 2427 Wer von unbestimmten Liebessehnen erfasst, sie er
718 2341 2956 2547 blickt, glaubt sein Ideal gefunden zu haben. Und
715 2502 2877 2733 wahrhaftig er hat es auch gefunden, denn unmög-
705 2640 3135 2898 lich ists, ein schöneres Weib zu erblicken als es Au
749 2815 1344 3004 rora tst.
712 2922 2365 3207 Ich habe eine Bitte an Sie, Albinus-
241 2953 677 3162 Faustina.
227 3125 622 3328 Albtnus.
667 3108 2107 3283 Ich bin bereit sie zu erfüllen.
237 3252 3004 3520 Faustina. Nicht wahr, Sie stellen mich der Dame vor, sobald
698 3417 1368 3627 sie existiert.
