3288 4088
2816 202 2952 429 25
143 390 2074 652 Faustina. Sie wollen uns schon verlassen?
617 523 2879 829 Wahrhaftig, Frau Gräfin, wir haben heute noch so
167 620 585 882 Genove fa.
596 770 1763 930 Vieles für den Abend vor-
153 836 2840 1115 Macartus. Wir müssen noch zum Fürsten Tolm, zum Baron von
579 1059 1161 1248 Wangersheim¬
592 1140 2966 1387 ähe, da möchte ich Sie bitten. Herr Rastlos, an die
150 1213 551 1422 Albinus.
599 1307 2962 1533 Frau Baronin eine Empfehlung von Warters zu bestel¬
596 1506 2011 1690 len. Wollen Sie so gütig sein?
624 1634 2851 1830 Oh, mit Vergnügen, -sagt ich Dir nicht Genovefa
164 1641 606 1917 Macarius
599 1809 2004 1976 welchen Besuch ich ausser dem¬
185 1913 2847 2178 Genovefa. Du wolltest auch den Fretherrn Rauch aufsuchen.
544 2119 2893 2283 Ach, das ist ein charmanter junger Mann; ich bitte
178 2143 394 2324 Alb.
599 2237 2436 2450 Sie „ grüssen sie ihn von meiner Seite.
192 2412 2994 2670 Baronin, Freiherr Rauch— ein charmanter Junger Mann?Man hört
624 2624 1370 2778 doch so manches.
655 2708 2868 2889 So, Frau Baronin? Vom Fretherrn Rauch! Da müssen
199 2746 634 2938 Genovefa.
620 2865 1540 3077 Sie uns doch einmal
669 2934 2941 3217 Ich muss gestehen, dass auch ich gerade vom Frei¬
202 3004 638 3248 Faustina
617 3168 3081 3401 Herrn Rauch einiges erzählen hörte, das durchaus nicht
631 3304 2882 3572 geetgnet ist,ein günstiges Vorurtetl für thn, in
631 3506 1851 3687 meinem Innern zu erwecken.
