3368 4056
2833 259 2997 475 75
666 459 2982 672 denn wenn Du mir davon sprichst, da fühle ich erst
672 639 2939 803 so recht—Aber Du darfst mich nicht daran mahnen.
459 624 578 779 m
660 739 2875 971 Ich will mich selbst nicht mehr erinnern. In ei¬
700 919 3085 1098 nigen Tagen eröffne ich die Säle meines Hauses, die
712 1077 2118 1266 bis jetzt verschlossen waren-
703 1226 2197 1418 Und ich verschliesse die meinen.
195 1193 593 1427 Faustina
612 1372 3058 1540 Und so werde ich gar keine Rtvalth haben.Feste, glün-
183 1381 578 1552 Manuela.
654 1524 2982 1737 zend, wie man sie sonst wohl in diesen Räumen sah,
700 1673 3073 1850 sollen nun die meinen schmücken-und ich selbst will
703 1798 2930 2017 unbeschreiblich liebenswürdig sein— oh, wie lie¬
657 1999 3030 2175 benswürdig-dass Raphael verzweifeln soll. Ich werde
657 2130 2909 2337 so freundlich lächeln, dass jeder Mann in diesem
685 2315 2890 2455 Lächeln Liebe erblichen soll. nur er nicht; mit
657 2440 2982 2629 den Augen will ich nach allen Seiten spielen; ich
654 2544 2890 2763 werde mich kokett hinter dem Fächer verbergen, ja
663 2747 2942 2903 ich werde Händedrüche annehmen und erwidern-oh Ra
651 2915 2933 3067 ﻿phael, Raphael, du wirst mich lieben, wue Du mich
654 3039 1914 3234 früher nicht geliebt hast. -
666 3204 2933 3408 Vortrefflich, Manuela,so übernimst du also meine
192 3204 602 3405 Faust ina.
642 3368 949 3569 Rolle.
