3384 4104
3065 236 3195 433 33
341 334 3170 570 Macartus.Ja, wir sinds. Und in uns sehen Sie zugleich die Ein-
753 535 3125 711 zigen, die Sie nicht verwundert fragen:“ O Herr Nor¬
799 700 3005 897 bert.wie konnten Sie nur drei Jahre in fremden
753 873 3096 1070 Land zubringen." -denrimetne Genovefa und ich, wir
799 1003 2970 1221 beideverstehen Sie, wir sind unruhigen Geistes
767 1179 3089 1348 gleich Ihnenund finden nirgends einen Ort der uns
767 1351 1970 1524 dauernd festhalten könnte.
334 1474 3146 1675 Faustina.Ah, liebe Frau Rastlos! Und Herr Rastios! Schon hab
767 1612 2952 1798 ich das Vergnügen Sie in meinem Salon zu sehen?
700 1756 2987 1949 Kaum derliessen Sie uns, um einige notwendige Be¬
760 1921 3033 2118 suche abzustatten und schon kommen Sie wieder zu-
426 2115 567 2227 G.C.F.P.
802 2090 2576 2273 rück— ( Verliert sich mit dem Ehepaar )
324 2273 3146 2431 Norbert wird wieder umringt, er scheint zu scherzen und froh
749 2389 1510 2583 gelaunt zu sein.
746 2541 1650 2759 Ambrostus. Albinus
753 2699 2949 2889 Lass Dir zu Deinem grossen Erfolge gratulieren,
317 2639 718 2875 Albinus.
718 2868 3149 3054 teurer Freund, Du hast ihn verdient. Aber wohin rich
739 2977 2347 3202 test Du Deine Bliche? Zu Faustina?
658 3163 3234 3353 Wie vermag tohs zu ändern, mein teurer Freund. Ich schau
313 3132 598 3339 Ambr.
707 3294 3184 3469 auf sie, weil ich nicht anders kann. Meine Bliche sind
