3416 4152
2724 243 2924 365 141
193 347 3049 761 Marta. Wie magst Du auch nur so töricht sein, um hingegangeher
601 622 2195 872 Liebe willen Eifersucht zu fühlen.
211 733 2481 1040 Faustina. Auch ich habe ja schon so viel geliebt.
204 840 2989 1183 Maria. Auch meine einzige Liebe war Amandus nicht. In unserer
679 1005 3032 1262 Zeit geht man nicht wegen eines Mannes ins Kloster.
247 1241 2084 1434 Faustina. Aber es waren doch die Männer¬
243 1398 1580 1587 Maria. Ach, es war die Welt.
254 1409 2985 1777 Faustina. Wie wir den Männern, so sind sie uns die Welt.Ein
729 1594 2946 1845 Geschlecht lebt für das andre und die fröstelnde
719 1741 2942 2013 Menschheit wärmt sich am Feuer der Sinnlichkeit.
275 1930 2056 2209 Marta. Du fühlst Dich nicht glücklich!
297 2127 1934 2356 Faustina ( sieht sie betroffen an )
297 2166 2749 2477 Maria. Ich kenne Faustina! - Du bist nicht glücklich.
311 2324 2996 2624 Faustina. Lass uns übers Glück nicht reden. Ich habe keine
769 2617 1348 2810 Tränen mehr.
318 2767 1333 2960 Maria, Liebst Du ihn?
340 2903 1691 3128 Faustina. Ich liebe ihn noch.
336 2906 3082 3246 Maria. Bald flattern die Unruhigen wieder aus einander. Sie
815 3200 1709 3414 sind der Ruhe müde.
368 3328 2402 3557 Faustina. Lass uns in den Wald gehen, Maria.
365 3389 3239 3711 Maria. Wir müssen aber in weniger als einer Stunde zurück sein
833 3693 1273 3932 zur Hora.
