<?xml version="1.0" encoding="UTF-8" standalone="yes"?>
<PcGts xmlns="http://schema.primaresearch.org/PAGE/gts/pagecontent/2013-07-15" xmlns:xsi="http://www.w3.org/2001/XMLSchema-instance" xsi:schemaLocation="http://schema.primaresearch.org/PAGE/gts/pagecontent/2013-07-15 http://schema.primaresearch.org/PAGE/gts/pagecontent/2013-07-15/pagecontent.xsd">
    <Metadata>
        <Creator>prov=READ-COOP:name=TrHtr:version=2.1.0:model_id=51170:date=27_07_2023_19:32</Creator>
        <Created>2023-05-10T11:24:19.075+02:00</Created>
        <LastChange>2023-07-27T19:32:38.186+02:00</LastChange>
        <TranskribusMetadata docId="1428154" pageId="55386946" pageNr="74" tsid="131289228" status="IN_PROGRESS" userId="64420" imgUrl="https://files.transkribus.eu/Get?id=TSZMFPRJKGHWELTYYJJDKLAL&amp;fileType=view" xmlUrl="https://files.transkribus.eu/Get?id=XQICGBWYSHRKPTUSVDZBYMTG" imageId="44661843"/>
    </Metadata>
    <Page imageFilename="1428154_0074.jpg" imageWidth="3336" imageHeight="4056">
        <ReadingOrder>
            <OrderedGroup id="ro_1711820767922" caption="Regions reading order">
                <RegionRefIndexed index="0" regionRef="tr_3"/>
                <RegionRefIndexed index="1" regionRef="tr_1"/>
                <RegionRefIndexed index="2" regionRef="tr_2"/>
            </OrderedGroup>
        </ReadingOrder>
        <TextRegion id="tr_3" custom="readingOrder {index:0;}">
            <Coords points="2706,284 2817,284 2817,347 2706,347"/>
            <TextLine id="tr_3_tl_1" custom="readingOrder {index:0;}">
                <Coords points="2688,391 2737,391 2748,384 2762,391 2786,380 2807,380 2807,187 2790,187 2762,208 2688,208"/>
                <Baseline points="2706,337 2727,334 2772,334 2817,334"/>
                <TextEquiv>
                    <Unicode>69</Unicode>
                </TextEquiv>
            </TextLine>
        </TextRegion>
        <TextRegion id="tr_1" custom="readingOrder {index:1;}">
            <Coords points="161,430 3056,430 3056,2346 161,2346"/>
            <TextLine id="tr_1_tl_1" custom="readingOrder {index:0;}">
                <Coords points="599,550 2998,592 3033,419 602,454"/>
                <Baseline points="620,528 623,528 668,525 713,528 758,528 802,528 847,528 892,528 937,525 981,522 1026,522 1071,522 1116,522 1160,522 1205,519 1250,519 1295,519 1340,519 1384,519 1429,519 1474,519 1519,519 1563,516 1608,513 1653,513 1698,513 1742,510 1787,510 1832,510 1877,510 1922,510 1966,507 2011,507 2056,507 2101,507 2145,507 2190,507 2235,504 2280,504 2324,504 2369,504 2414,501 2459,501 2504,501 2548,501 2593,498 2638,498 2683,495 2727,495 2772,495 2817,495 2862,492 2906,492 2951,489 2996,486 3041,480"/>
                <TextEquiv>
                    <Unicode>Uebrige erst morgen durchgenommen würde, da ich heute</Unicode>
                </TextEquiv>
            </TextLine>
            <TextLine id="tr_1_tl_2" custom="readingOrder {index:1;}">
                <Coords points="606,722 2240,719 2533,803 2945,722 2945,567 606,595"/>
                <Baseline points="626,680 668,677 713,677 758,677 802,677 847,677 892,677 937,677 981,674 1026,674 1071,674 1116,671 1160,674 1205,674 1250,674 1295,674 1340,671 1384,668 1429,668 1474,665 1519,665 1563,662 1608,662 1653,662 1698,662 1742,662 1787,662 1832,659 1877,659 1922,659 1966,662 2011,659 2056,656 2101,656 2145,656 2190,656 2235,656 2280,656 2324,653 2369,653 2414,653 2459,650 2504,650 2548,650 2593,650 2638,650 2683,647 2727,647 2772,644 2817,644 2862,644 2906,638 2951,638"/>
                <TextEquiv>
                    <Unicode>Ihren Anträgen unmöglich die nötige Aufmerksamkeit</Unicode>
                </TextEquiv>
            </TextLine>
            <TextLine id="tr_1_tl_3" custom="readingOrder {index:2;}">
                <Coords points="602,838 1874,845 1874,729 1184,778 602,750"/>
                <Baseline points="620,826 629,823 674,826 719,826 764,826 808,826 853,823 898,823 943,823 987,823 1032,823 1077,820 1122,823 1166,820 1211,820 1256,820 1301,820 1346,820 1390,817 1435,817 1480,817 1525,814 1569,817 1614,814 1659,811 1704,811 1748,808 1793,808 1838,811 1883,814"/>
                <TextEquiv>
                    <Unicode>zu schenken im Stande wäre.</Unicode>
                </TextEquiv>
            </TextLine>
            <TextLine id="tr_1_tl_4" custom="readingOrder {index:3;}">
                <Coords points="616,997 1860,965 2321,1099 2962,1011 3029,859 2279,902 2092,810 1656,912 620,842"/>
                <Baseline points="635,978 665,975 710,972 755,975 799,972 844,972 889,969 934,972 978,969 1023,969 1068,969 1113,969 1158,969 1202,969 1247,966 1292,966 1337,966 1381,964 1426,964 1471,964 1516,961 1560,961 1605,961 1650,961 1695,961 1739,964 1784,964 1829,964 1874,961 1919,961 1963,958 2008,958 2053,958 2098,958 2142,961 2187,958 2232,955 2277,958 2321,955 2366,952 2411,952 2456,952 2501,952 2545,949 2590,949 2635,952 2680,949 2724,949 2769,949 2814,946 2859,943 2903,943 2948,940 2993,937 3038,940"/>
                <TextEquiv>
                    <Unicode>lächelnd) Ich sollte eigentlich piquiert sein, aber</Unicode>
                </TextEquiv>
            </TextLine>
            <TextLine id="tr_1_tl_5" custom="readingOrder {index:4;}">
                <Coords points="144,1004 201,990 218,1004 254,997 299,1022 366,990 497,1011 497,923 395,926 370,909 271,902 250,881 232,891 208,867 144,867"/>
                <Baseline points="164,981 208,981 253,981 298,981 343,981 387,978 432,978 477,981 507,981"/>
                <TextEquiv>
                    <Unicode>Blaser.</Unicode>
                </TextEquiv>
            </TextLine>
            <TextLine id="tr_1_tl_6" custom="readingOrder {index:5;}">
                <Coords points="606,1127 1856,1131 1980,1106 1980,1046 606,1071"/>
                <Baseline points="626,1125 647,1125 692,1125 737,1125 781,1125 826,1125 871,1122 916,1122 961,1122 1005,1122 1050,1119 1095,1119 1140,1119 1184,1119 1229,1119 1274,1119 1319,1122 1363,1116 1408,1116 1453,1116 1498,1116 1543,1116 1587,1113 1632,1113 1677,1116 1722,1116 1766,1113 1811,1113 1856,1110 1901,1107 1945,1104 1990,1101"/>
                <TextEquiv>
                    <Unicode>ich bin nicht piquiert, denn¬</Unicode>
                </TextEquiv>
            </TextLine>
            <TextLine id="tr_1_tl_7" custom="readingOrder {index:6;}">
                <Coords points="141,1293 232,1335 370,1289 500,1335 824,1279 1652,1293 1656,1138 863,1131 412,1208 144,1131"/>
                <Baseline points="161,1280 205,1280 250,1280 295,1277 340,1277 385,1280 429,1280 474,1283 519,1280 525,1280 543,1274 584,1277 629,1277 674,1277 719,1277 764,1277 808,1274 853,1274 898,1274 943,1274 987,1271 1032,1271 1077,1271 1122,1271 1166,1271 1211,1268 1256,1268 1301,1268 1346,1268 1390,1265 1435,1265 1480,1265 1525,1262 1569,1262 1614,1262 1659,1265"/>
                <TextEquiv>
                    <Unicode>Amand. Oh, Sie sind sehr gütig.</Unicode>
                </TextEquiv>
            </TextLine>
            <TextLine id="tr_1_tl_8" custom="readingOrder {index:7;}">
                <Coords points="144,1504 2860,1430 2783,1317 144,1314"/>
                <Baseline points="164,1432 182,1432 226,1429 271,1429 316,1429 361,1429 405,1429 450,1426 495,1426 540,1426 584,1426 629,1426 674,1426 719,1423 764,1426 808,1423 853,1426 898,1423 943,1423 987,1423 1032,1420 1077,1420 1122,1420 1166,1420 1211,1420 1256,1420 1301,1417 1346,1417 1390,1420 1435,1417 1480,1417 1525,1417 1569,1417 1614,1417 1659,1414 1704,1411 1748,1411 1793,1411 1838,1411 1883,1414 1928,1414 1972,1411 2017,1411 2062,1411 2107,1408 2151,1405 2196,1405 2241,1402 2286,1405 2330,1405 2375,1405 2420,1402 2465,1402 2510,1402 2554,1402 2599,1402 2644,1399 2689,1399 2733,1399 2778,1396 2823,1396 2868,1396"/>
                <TextEquiv>
                    <Unicode>Blaser- Ich verstehe Sie, Herr Norbert. Ich bin selbst eine</Unicode>
                </TextEquiv>
            </TextLine>
            <TextLine id="tr_1_tl_9" custom="readingOrder {index:8;}">
                <Coords points="645,1589 1733,1578 1807,1656 2357,1659 2878,1582 2881,1494 645,1525"/>
                <Baseline points="665,1575 689,1575 734,1575 778,1575 823,1575 868,1575 913,1575 958,1572 1002,1572 1047,1572 1092,1572 1137,1572 1181,1569 1226,1569 1271,1569 1316,1572 1360,1572 1405,1569 1450,1566 1495,1566 1540,1566 1584,1563 1629,1563 1674,1563 1719,1563 1763,1560 1808,1563 1853,1560 1898,1560 1942,1560 1987,1557 2032,1557 2077,1557 2122,1557 2166,1554 2211,1557 2256,1557 2301,1557 2345,1557 2390,1557 2435,1554 2480,1554 2524,1554 2569,1554 2614,1551 2659,1554 2704,1551 2748,1551 2793,1548 2838,1548 2883,1551"/>
                <TextEquiv>
                    <Unicode>Künstlernatur (er bläst in die Trompete, um zu</Unicode>
                </TextEquiv>
            </TextLine>
            <TextLine id="tr_1_tl_10" custom="readingOrder {index:9;}">
                <Coords points="609,1747 2339,1719 2600,1804 2903,1751 2903,1638 609,1673"/>
                <Baseline points="629,1734 674,1734 719,1731 764,1728 808,1728 853,1728 898,1728 943,1728 987,1728 1032,1728 1077,1728 1122,1728 1166,1725 1211,1725 1256,1725 1301,1722 1346,1722 1390,1722 1435,1725 1480,1725 1525,1725 1569,1722 1614,1719 1659,1722 1704,1719 1748,1716 1793,1716 1838,1716 1883,1713 1928,1713 1972,1713 2017,1713 2062,1713 2107,1713 2151,1713 2196,1713 2241,1713 2286,1713 2330,1713 2375,1710 2420,1707 2465,1707 2510,1707 2554,1707 2599,1707 2644,1707 2689,1707 2733,1707 2778,1707 2823,1704 2868,1704 2912,1710"/>
                <TextEquiv>
                    <Unicode>probieren, ob sie gut gestimmt ist ) und begreife</Unicode>
                </TextEquiv>
            </TextLine>
            <TextLine id="tr_1_tl_11" custom="readingOrder {index:10;}">
                <Coords points="669,1899 828,1916 891,1877 969,1916 1029,1888 1169,1913 1282,1881 1420,1913 1465,1881 1564,1895 1568,1800 1057,1825 842,1744 673,1737"/>
                <Baseline points="689,1880 722,1877 767,1877 811,1880 856,1880 901,1877 946,1877 990,1880 1035,1877 1080,1874 1125,1874 1169,1874 1214,1874 1259,1871 1304,1871 1349,1871 1393,1868 1438,1868 1483,1871 1528,1871 1572,1874"/>
                <TextEquiv>
                    <Unicode>eine Künstlernatur.</Unicode>
                </TextEquiv>
            </TextLine>
            <TextLine id="tr_1_tl_12" custom="readingOrder {index:11;}">
                <Coords points="155,2075 2881,2075 2991,1913 159,1902"/>
                <Baseline points="176,2038 217,2038 262,2035 307,2035 352,2035 396,2032 441,2032 486,2032 531,2032 576,2029 620,2029 665,2029 710,2029 755,2029 799,2029 844,2029 889,2026 934,2026 978,2026 1023,2026 1068,2023 1113,2023 1158,2023 1202,2023 1247,2023 1292,2020 1337,2020 1381,2020 1426,2020 1471,2020 1516,2014 1560,2017 1605,2017 1650,2017 1695,2014 1739,2014 1784,2014 1829,2014 1874,2014 1919,2014 1963,2011 2008,2011 2053,2011 2098,2008 2142,2008 2187,2008 2232,2008 2277,2008 2321,2008 2366,2008 2411,2008 2456,2008 2501,2005 2545,2008 2590,2005 2635,2005 2680,2002 2724,2002 2769,2002 2814,2002 2859,1999 2903,1996 2948,1996 2993,1993"/>
                <TextEquiv>
                    <Unicode>Blastus Bass ( empfindlich) Ich bin zwar auch eine Künstler-</Unicode>
                </TextEquiv>
            </TextLine>
            <TextLine id="tr_1_tl_13" custom="readingOrder {index:12;}">
                <Coords points="560,2195 3043,2244 3047,2078 560,2131"/>
                <Baseline points="581,2187 593,2184 638,2184 683,2181 728,2181 772,2181 817,2184 862,2181 907,2181 952,2181 996,2181 1041,2181 1086,2178 1131,2178 1175,2178 1220,2175 1265,2175 1310,2172 1354,2175 1399,2172 1444,2172 1489,2172 1534,2172 1578,2172 1623,2169 1668,2169 1713,2169 1757,2166 1802,2166 1847,2166 1892,2166 1936,2166 1981,2166 2026,2166 2071,2166 2116,2166 2160,2166 2205,2166 2250,2163 2295,2163 2339,2163 2384,2163 2429,2163 2474,2166 2518,2163 2563,2163 2608,2163 2653,2160 2698,2160 2742,2160 2787,2157 2832,2157 2877,2154 2921,2154 2966,2151 3011,2148 3056,2145"/>
                <TextEquiv>
                    <Unicode>natur, muss mich aber nichts destoweniger gegen diese</Unicode>
                </TextEquiv>
            </TextLine>
            <TextLine id="tr_1_tl_14" custom="readingOrder {index:13;}">
                <Coords points="606,2392 2487,2321 2984,2392 3043,2244 606,2279"/>
                <Baseline points="626,2336 635,2336 680,2333 725,2333 770,2336 814,2333 859,2333 904,2333 949,2336 993,2333 1038,2333 1083,2333 1128,2330 1172,2330 1217,2330 1262,2330 1307,2330 1352,2330 1396,2330 1441,2330 1486,2327 1531,2327 1575,2327 1620,2327 1665,2324 1710,2324 1754,2324 1799,2324 1844,2324 1889,2324 1933,2321 1978,2321 2023,2324 2068,2324 2113,2321 2157,2321 2202,2321 2247,2321 2292,2321 2336,2321 2381,2321 2426,2318 2471,2318 2515,2318 2560,2318 2605,2318 2650,2316 2695,2316 2739,2313 2784,2313 2829,2313 2874,2313 2918,2310 2963,2310 3008,2307 3053,2307"/>
                <TextEquiv>
                    <Unicode>Art der Behandlug, Herr Norbert, verwahren. Ich werd</Unicode>
                </TextEquiv>
            </TextLine>
        </TextRegion>
        <TextRegion id="tr_2" custom="readingOrder {index:2;}">
            <Coords points="176,2409 3053,2409 3053,3713 176,3713"/>
            <TextLine id="tr_2_tl_1" custom="readingOrder {index:0;}">
                <Coords points="662,2490 1187,2578 2564,2582 3040,2543 3043,2374 662,2413"/>
                <Baseline points="683,2489 725,2486 770,2489 814,2486 859,2486 904,2486 949,2486 993,2486 1038,2486 1083,2483 1128,2483 1172,2480 1217,2480 1262,2480 1307,2477 1352,2477 1396,2477 1441,2480 1486,2477 1531,2480 1575,2477 1620,2477 1665,2477 1710,2480 1754,2477 1799,2474 1844,2474 1889,2474 1933,2474 1978,2474 2023,2474 2068,2474 2113,2471 2157,2474 2202,2471 2247,2471 2292,2471 2336,2471 2381,2468 2426,2468 2471,2468 2515,2468 2560,2468 2605,2465 2650,2465 2695,2465 2739,2465 2784,2465 2829,2465 2874,2468 2918,2465 2963,2465 3008,2462 3053,2459"/>
                <TextEquiv>
                    <Unicode>in Ihrem Konzerts nicht Cello spielen.Entschuldigen</Unicode>
                </TextEquiv>
            </TextLine>
            <TextLine id="tr_2_tl_2" custom="readingOrder {index:1;}">
                <Coords points="609,2656 1317,2638 1437,2730 1740,2748 1906,2691 2406,2716 2529,2691 2533,2557 609,2575"/>
                <Baseline points="629,2638 659,2641 704,2641 749,2641 793,2641 838,2638 883,2641 928,2641 972,2638 1017,2638 1062,2638 1107,2638 1152,2635 1196,2635 1241,2635 1286,2635 1331,2632 1375,2632 1420,2635 1465,2632 1510,2635 1554,2635 1599,2632 1644,2632 1689,2629 1734,2629 1778,2626 1823,2629 1868,2623 1913,2623 1957,2623 2002,2623 2047,2623 2092,2623 2136,2623 2181,2623 2226,2623 2271,2623 2316,2623 2360,2623 2405,2623 2450,2623 2495,2623 2539,2626"/>
                <TextEquiv>
                    <Unicode>Sie, Herr Musenhain, Sie sind unschuldig.</Unicode>
                </TextEquiv>
            </TextLine>
            <TextLine id="tr_2_tl_3" custom="readingOrder {index:2;}">
                <Coords points="704,2811 2043,2783 2226,2874 2822,2860 2871,2709 708,2744"/>
                <Baseline points="725,2793 731,2790 775,2793 820,2793 865,2793 910,2793 955,2793 999,2793 1044,2793 1089,2790 1134,2790 1178,2790 1223,2790 1268,2790 1313,2787 1357,2787 1402,2787 1447,2787 1492,2787 1537,2784 1581,2784 1626,2784 1671,2781 1716,2781 1760,2778 1805,2778 1850,2778 1895,2778 1939,2778 1984,2778 2029,2775 2074,2778 2119,2775 2163,2775 2208,2772 2253,2772 2298,2772 2342,2772 2387,2772 2432,2772 2477,2775 2521,2772 2566,2772 2611,2772 2656,2772 2701,2772 2745,2769 2790,2769 2835,2766 2880,2763"/>
                <TextEquiv>
                    <Unicode>Bass, Bass, Bass. Sie stören mein Programm. Sie</Unicode>
                </TextEquiv>
            </TextLine>
            <TextLine id="tr_2_tl_4" custom="readingOrder {index:3;}">
                <Coords points="155,2843 204,2839 278,2881 349,2822 416,2843 461,2807 581,2839 631,2814 631,2628 363,2695 306,2684 268,2705 250,2691 155,2709"/>
                <Baseline points="176,2799 191,2802 235,2799 280,2799 325,2799 370,2799 414,2799 459,2796 504,2796 549,2799 593,2799 638,2796"/>
                <TextEquiv>
                    <Unicode>Musenhain.</Unicode>
                </TextEquiv>
            </TextLine>
            <TextLine id="tr_2_tl_5" custom="readingOrder {index:4;}">
                <Coords points="602,3022 2730,3022 2959,3001 2962,2843 972,2899 606,2811"/>
                <Baseline points="626,2948 638,2948 683,2945 728,2945 772,2945 817,2945 862,2945 907,2945 952,2942 996,2942 1041,2942 1086,2939 1131,2939 1175,2939 1220,2939 1265,2939 1310,2936 1354,2939 1399,2939 1444,2939 1489,2936 1534,2933 1578,2933 1623,2933 1668,2933 1713,2933 1757,2933 1802,2933 1847,2933 1892,2930 1936,2930 1981,2927 2026,2927 2071,2927 2116,2927 2160,2927 2205,2927 2250,2927 2295,2927 2339,2927 2384,2927 2429,2924 2474,2924 2518,2924 2563,2924 2608,2921 2653,2921 2698,2918 2742,2921 2787,2921 2832,2918 2877,2918 2921,2918 2966,2918"/>
                <TextEquiv>
                    <Unicode>Machen mich unglücklich. In alle Zeitungen habe ich</Unicode>
                </TextEquiv>
            </TextLine>
            <TextLine id="tr_2_tl_6" custom="readingOrder {index:5;}">
                <Coords points="620,3174 1930,3227 2519,3149 2638,3213 2864,3174 2867,2991 620,3015"/>
                <Baseline points="638,3103 677,3103 722,3103 767,3103 811,3103 856,3103 901,3100 946,3100 990,3097 1035,3097 1080,3097 1125,3097 1169,3097 1214,3097 1259,3097 1304,3097 1349,3094 1393,3094 1438,3097 1483,3094 1528,3094 1572,3094 1617,3097 1662,3094 1707,3091 1751,3091 1796,3091 1841,3089 1886,3089 1931,3089 1975,3089 2020,3089 2065,3089 2110,3086 2154,3089 2199,3086 2244,3086 2289,3086 2333,3086 2378,3086 2423,3086 2468,3086 2512,3086 2557,3086 2602,3086 2647,3083 2692,3083 2736,3080 2781,3080 2826,3080 2871,3080"/>
                <TextEquiv>
                    <Unicode>schon die Ankündigung gesandt, dass Herr Blastus</Unicode>
                </TextEquiv>
            </TextLine>
            <TextLine id="tr_2_tl_7" custom="readingOrder {index:6;}">
                <Coords points="574,3294 606,3301 652,3262 708,3276 743,3301 793,3262 817,3265 821,3205 793,3198 704,3205 683,3191 669,3195 648,3170 631,3170 616,3184 578,3181"/>
                <Baseline points="593,3256 602,3256 647,3256 692,3253 737,3253 781,3250 826,3250"/>
                <TextEquiv>
                    <Unicode>Bass-</Unicode>
                </TextEquiv>
            </TextLine>
            <TextLine id="tr_2_tl_8" custom="readingOrder {index:7;}">
                <Coords points="542,3438 1613,3410 1617,3234 1356,3195 1212,3244 962,3255 905,3223 729,3318 542,3329"/>
                <Baseline points="561,3408 590,3408 635,3405 680,3408 725,3405 770,3405 814,3405 859,3405 904,3402 949,3402 993,3402 1038,3399 1083,3399 1128,3399 1172,3399 1217,3399 1262,3399 1307,3399 1352,3399 1396,3396 1441,3396 1486,3393 1531,3396 1575,3396 1620,3396"/>
                <TextEquiv>
                    <Unicode>Ich spiele nicht Cello.</Unicode>
                </TextEquiv>
            </TextLine>
            <TextLine id="tr_2_tl_9" custom="readingOrder {index:8;}">
                <Coords points="159,3431 194,3424 264,3434 285,3420 303,3431 352,3431 370,3449 380,3441 398,3452 419,3449 419,3353 402,3357 296,3294 257,3315 247,3304 218,3329 159,3315"/>
                <Baseline points="179,3414 223,3411 268,3414 313,3414 358,3414 402,3414 426,3417"/>
                <TextEquiv>
                    <Unicode>Bass.</Unicode>
                </TextEquiv>
            </TextLine>
            <TextLine id="tr_2_tl_10" custom="readingOrder {index:9;}">
                <Coords points="166,3586 2399,3540 2779,3639 2829,3477 169,3424"/>
                <Baseline points="185,3557 229,3560 274,3560 319,3560 364,3560 408,3563 453,3560 498,3560 525,3563 549,3560 552,3560 596,3557 641,3557 686,3554 731,3554 775,3557 820,3557 865,3557 910,3557 955,3554 999,3551 1044,3551 1089,3551 1134,3551 1178,3551 1223,3551 1268,3551 1313,3551 1357,3548 1402,3548 1447,3545 1492,3545 1537,3545 1581,3545 1626,3542 1671,3545 1716,3545 1760,3545 1805,3545 1850,3545 1895,3545 1939,3545 1984,3542 2029,3542 2074,3542 2119,3542 2163,3539 2208,3539 2253,3542 2298,3539 2342,3539 2387,3539 2432,3539 2477,3539 2521,3539 2566,3539 2611,3536 2656,3536 2701,3533 2745,3533 2790,3533 2835,3539"/>
                <TextEquiv>
                    <Unicode>Vinzenz Blaser (schlägt dem Bass auf die Schulter) Aber</Unicode>
                </TextEquiv>
            </TextLine>
            <TextLine id="tr_2_tl_11" custom="readingOrder {index:10;}">
                <Coords points="613,3730 2814,3734 2814,3628 2512,3540 613,3625"/>
                <Baseline points="632,3700 674,3703 719,3703 764,3700 808,3700 853,3703 898,3703 943,3700 987,3700 1032,3697 1077,3697 1122,3697 1166,3697 1211,3697 1256,3694 1301,3694 1346,3694 1390,3691 1435,3691 1480,3691 1525,3694 1569,3691 1614,3691 1659,3691 1704,3691 1748,3688 1793,3688 1838,3688 1883,3688 1928,3688 1972,3688 2017,3688 2062,3688 2107,3688 2151,3688 2196,3691 2241,3688 2286,3688 2330,3688 2375,3688 2420,3685 2465,3685 2510,3685 2554,3685 2599,3682 2644,3682 2689,3682 2733,3685 2778,3685 2823,3688"/>
                <TextEquiv>
                    <Unicode>machen Sie doch keine Geschichten, lieber Bass.</Unicode>
                </TextEquiv>
            </TextLine>
        </TextRegion>
    </Page>
</PcGts>
