3352 4072
2921 394 3057 548 50
710 480 3053 667 bis Faustina sich wieder besonnen hat, aus der Hei
742 645 2960 885 ligen eine Weltdame zu werden? Geduld! ——Sagen
710 846 3082 989 Sie, Benedict, haben Sie je geliebt? Was würden Sie
713 968 2448 1122 tun, wenn Sie an metner Stelle wären?
749 1100 3093 1358 Wenn ich an Ihrer Stelle wäre? Ich väre heineswegs
244 1107 674 1330 Benedict;
702 1283 3046 1491 lange an Iharer Stelle. Ich würde— Sie dürfen nicht
706 1451 3132 1627 vergessen, dass in diesem Augenblick, mein einstiges
710 1613 3028 1770 Ich zu Ihnen spricht- ich würde eine andre lieben.
609 1745 1752 1950 Eine andre als Faustina!
237 1742 530 1917 Amand.
699 1896 2946 2096 Stimme draussen.Ich werde vorgelassen.Machen Sie
710 2071 2885 2243 keine Umstände, Sie kennen mein Naturell nicht
1147 2218 1950 2398 Dritter Auftritt.
652 2218 853 2380 G.H.F.P.
702 2365 2466 2555 Vortge. Macartus und Genovefa Rastlos
244 2509 3093 2673 Benedict. Ah, ah, -schon wieder da, ( tronisch ) aber Sie wer
749 2695 2666 2860 den von der schnellen Reise ermüdet sein-
226 2813 2433 3007 Amand. Darf ich Sie ersuchen, Platz zu nehmen?
226 2967 3100 3136 Macar. Oh ich danke, ich stehe lieber. Dass heisst, noch lie¬
692 3114 2971 3308 ber würde ich herumgehen, ich bin schon einmal so-
240 3265 3035 3444 Benedict. O bitte, genieren Sie sich gar nicht, promenieren
731 3437 3139 3627 Sie nur ein wenig. Darf ich Sie um Ihren Arm bitten,
