3384 4056
2979 219 3102 414 85
1146 350 1999 594 Neunter Auftritt.
952 552 1804 739 Faustina. Manuela.
269 715 2314 867 Faustina. Doch nicht so ganz wie es scheint¬
276 764 2936 1026 Manuela. Faustina, sprich offen mit mir— Ists Dein Ernst?
276 962 2982 1192 Faustina. Heute Nacht verlasse ich die Stadt.Du bist meine
775 1153 1097 1344 Erbin.
269 1266 3092 1518 Manuela. Es schwirrt mir vor den Augen.-Wie versteh ich das
739 1457 2621 1624 alles. Beinah erscheints mir lächerlich.
761 1532 3039 1783 ( umarmt ste ) Leb wohl, Manuela- lass mich jetzt
290 1606 732 1811 Faustina.
764 1702 2933 1935 allein. Heute abends seh ich Dich noch bei mir¬
722 1889 2536 2091 Ich bitte Dich den Schritt zu bedenken.
287 1917 690 2115 Manuela.
757 2038 3138 2225 Er ist bedacht. Wer kann mich darum tadeln, dass ich
294 2059 729 2278 Faustina.
764 2193 2968 2363 jene Leute verlassen,.-Wenn sie sich über sich
757 2338 2901 2543 klar würden, sie selbst nicht-Also heut Abend.
1125 2501 1362 2593 mem
757 2490 2268 2692 Adteu, ###ind. ( küsst sie )
304 2671 1086 2901 Manuela geht ab.
541 2798 1907 3053 13. X 79 Zehnter Auftritt.
308 2954 2547 3138 Faustina,- Bald darauf kommt Benediotus Romuald.
318 3067 3159 3339 Faustina. Da ist es denn geschehen und ich weiss selbst nicht
778 3226 3155 3460 wie.-Und wie es wetter gehen wird. Ich wills dem Zu-
835 3403 1595 3619 fall überlassen.
