3368 4104
2996 298 3124 426 91
699 383 3025 582 Und welcher Grund, vortrefflichster aller Menschen
653 579 3064 728 kenner, tsts denn, der mich vor der Welt anders er¬
657 724 2698 902 scheinen lässt, als ich in Wirklichkeit bin?
245 831 660 1054 Benedict;
703 820 2890 1015 Wie nenn ichs nur— die Laune einer geistreichen
692 976 2975 1182 Frau- und einer Frau, die doch so eitel ist, dass
689 1161 3032 1342 meine Auslegung ihrer Heuchelei in Stande ist, sie
728 1338 3060 1558 mit meiner Kühnheit zu versöhnen. Wahrhaftig recht
692 1495 1150 1676 weibläch.
217 1590 653 1853 Faustina.
682 1622 2929 1807 Nein, Benedict, halten Sie mich nicht so niedrig
692 1757 3071 1942 Ihre Kilhnheit verzeth ich Ihnen, um eben Ihrer Kühn¬
575 1928 3007 2130 heit willen. ( plötzlich wieder tronisch ) doch
515 2048 643 2286 1o
671 2063 3046 2276 wenn ich jetzt dasselbe Ihnen vorwürfe,was Sie mir
497 2215 1768 2425 als Fehler anrechneten?
206 2336 2957 2556 Benedict. Ale Fehler anrechneten? -Kam mir das in den Sinn?
199 2528 2836 2737 Faustina. Wenn ich Ihnen sagte, Benedict: Sie spielen Ko¬
710 2705 1026 2890 mödie-
199 2819 2386 3021 Benedict. ( ganz ruhig ) Dann hätten Sie recht.
195 2968 2904 3142 Faustina. ( sieht ihn betroffen an) Ich muss gestehen Sie
753 3142 1566 3333 überraschen mich.
199 3302 3046 3483 Benedict. Nun, schätzen Sie mich jetzt geringer? Ja, Faustina,
657 3465 2982 3681 wie einst so flammt frische Lebenslust auch jetzt
