3352 4056
2757 221 2908 443 64.
594 443 2958 657 zwischen der Tür den Herrn Musenhain, Konzertunter
597 562 2915 818 nehmer, dessen Begletter, Mücke, stösst an Frau Ge¬
604 787 1282 980 novefa Rastlos
650 815 2968 1092 Sie verzethen, lieber Amandus, dass ich Sie jetzt
158 920 587 1145 Benedict
611 1022 2873 1282 verlasse.Sie bekommen neuerdings Besuch.Ich sehe
608 1247 1384 1419 Sie heute Abend.
155 1380 1135 1616 Amand.. Und Faustina-
165 1524 1725 1746 Musenham.Guten Tag meine Herren.
162 1693 1317 1890 Mücke ( verbeugt sich )
179 1841 1359 2044 Benedict, Adieu, Amandus.
186 1967 1282 2192 Mücke ( verbeugt sich )
186 2132 1419 2343 Musenh. Adieu, me tn Herr.
197 2237 2122 2522 Benediot. Ich empfehle mich meine Herrn.
193 2441 1286 2641 Mücke ( verbeugt sich )
204 2589 1711 2778 Amand. Guten Tag, meine Herren.
207 2729 1760 2950 Musenh. Guten Tag, Herr Norbert.
204 2898 1321 3109 Mücke ( verbeugt sich )
218 2975 3042 3253 Musnh. Erlauben Sie, dass ich mich Ihnen vorstelle. Ich bin
653 3179 2947 3383 der Konzertunternehmer Leander Musenhain und bin
681 3302 3070 3565 höchst erfreut, den berühmten Violinvirtuosen Aman¬
