3400 4168
2576 336 2749 489 136
516 383 848 587 9. III 80.
1069 465 2376 699 Vierter Aufzug.
825 658 1473 845 Klosterzelle.
1286 781 2070 1008 Erster Auftritt.
1062 933 1931 1164 Faustina. Amandus.
624 1079 2895 1324 Amandus lehnt an ihrem Busen und hält ihre Hände.
672 1262 1707 1456 Wie still der Tag ist-
183 1256 604 1480 Faustina.
601 1398 2858 1636 zauberhafte Stille- Wie ein leises Rauschen hör
214 1446 523 1632 Amand.
648 1520 2905 1738 ichs ums Kloster gehen, das mag wohl der Frühling
645 1656 3037 1921 sein, der aus lieblicher Märchenwelt heranzacht, die
638 1877 1663 2063 Menschen zu beglücken.
641 1992 1907 2216 Bedürfen wir des Frühlings?
180 2029 611 2203 Faustina.
173 2124 2898 2342 Amand. Seit ich Deine Augen henne, glaub ich an die Unend¬
689 2308 2895 2522 lichkeit. Diesen feuchtdunkeln Blicken zu begeg¬
679 2467 2915 2634 nenl sich die tiefen Rätsel wohlig versenken wie
703 2600 2990 2796 im Traum- ( küsst ihre Augen ) So lös ich die Rät.
689 2763 2444 2956 sel und fühle mich der Wahrheit näher.
197 2854 1588 3112 Faustina. Und kennst Faustina?
176 3082 1446 3261 Amand. Wie sie sich selber¬
187 3183 2895 3367 Faustina. Lass uns nicht weiter denken-Sieh dieses Fenster,
655 3333 3048 3577 wie dort im Laub die letzten Sonnenstrahlen spielen,
689 3492 2192 3743 zärtlich Blatt um Blatt küssend¬
