3384 4088
2843 224 2976 391 93
695 374 3063 601 Und das wissen Sie nicht? Sie haben ihn während der
227 482 664 643 Faustina.
702 552 2927 786 ganzen langen Zeit hein einziges Mal gesprochen?
583 660 2937 957 spricht etwas gedämpft, damit ihn Benediotus nicht
237 793 503 939 Ambr.
737 877 2955 1062 hören soll ) Ich bitte, durchschneiden Sie mein
744 1027 2850 1212 armes gequältes Herz nicht mit bitterm Spott.
716 1166 3025 1352 Ich sehe Sie heute das letztemal- da Sie scheiden.
719 1355 3038 1547 Ich habe manches Traurige vermutet, aber so düster
719 1477 1973 1687 waren meine Ahnungen nicht.
262 1593 2487 1865 Faustina. Ganz ähnlich sprach Ihr teurer Freund.
251 1806 3021 1991 Ambr. Ja, das kann ich mir denken-ähnliche Empfindungen
779 1977 1945 2120 erfordern ähnliche Worte.
276 2116 877 2319 Faustina Ah,
262 2176 3077 2462 Ambr. Ja, es muss heraus, die Minuten sind kostbar, schnell
751 2361 3112 2563 verrauscht die Zeit. Oh dass ich durch einen lästi-
751 2536 2997 2742 gen dritten gestärt btn! Ich möchte schrankenlos
747 2679 3143 2892 mein volles Herz in inniggefühlten Worten -ch schon
884 2829 3182 3011 werde ich zu laut— Lassen Sie michs denn flüstern
793 2993 3143 3175 Ich liebe Sie, Faustina.- Sie schweigen? Oh lassen
793 3150 3035 3339 Sie mich ein letztesmal ein Wort von Ihren süs-
772 3220 3119 3479 sen Lippen vernehmen-oder wiel wenn Sie mir sagten
768 3451 1921 3678 wohin Ihr Weg Sie führt-
