3368 4056
2904 195 3053 456 73.
290 272 3138 711 Blaser. Bah, was wars wetter? Eine Künstlerlauno-Ich bin auch
799 570 3046 835 so. Heut bin ich zufällig gut aufgelegt, in einer
807 690 3049 966 andern Stimmung wäre ich wohl im Stande gewesen,
807 955 2016 1143 diesen Norbert zu fordern-
304 1093 2229 1298 Mücke— Ja, ja, das hätten Sie tun sollen.
315 1203 3109 1503 Blaser. Ich war nicht dazu aufgelegt, sonst wär mirs ein Ver
778 1394 1493 1599 gnügen gewesen.
308 1518 3067 1726 Hotel Diener ( kommt herein) Habe ich mit den Herren Musi-
831 1585 3177 1910 kern die Ehre, welche heute den Herrn Norbert auf
799 1850 1189 1988 suchten.
778 1935 1588 2119 J, zum Teil, ich
329 1935 693 2158 Musenk.
340 2077 1977 2356 Mücke, Ja, ja, ich bin der Flötist-
343 2168 3155 2473 Diener. Herr Norbert lässt Sie freundlichst einladen, sich in
803 2451 2402 2657 den Spetsesalon hinunterzubemühen.
357 2625 1634 2777 Bass. In den Speisesalon?
357 2667 2285 2968 Mücke. Da soll ich etwa mein Lied flöten?
361 2851 2795 3120 Diener. Die Champagnerflaschen stehen auf dem Tisch.
371 3049 2487 3269 Blaser. Wieder eine Künstlerlauna, sehen Sie?
371 3212 1988 3428 Bass. Ah, Friedensunterhandlungen.
375 3237 3173 3566 Musenhain, Champagnerflaschen-das ist etne Idee.Kommen Sie,
