3368 4104
2805 316 2941 486 99
669 496 954 679 sagen¬
672 635 2275 835 Sie machen mich begierig, Benedict.
207 679 635 852 Faustina.
679 754 2989 965 Ich weiss, dass ich- Dich liebe, Faustina- und nun
204 822 632 998 Benedtet.
676 927 3006 1134 hab ich alles gesagt. Du schweigst. O keine Zurück¬
669 1039 3026 1280 haltung unter uns! Noch einmal will ichs Dir wieder
666 1219 3040 1409 holen, dass Du Dich an den Klang gewöhnst—( nahe zu
689 1345 3019 1569 Ihr— ihr zu Füssen) Ich liebe Dich. Und nun schlin¬
2612 1508 2795 1583 mich
717 1535 3046 1746 ge Deine Arme um mich, Faustina und lass uns einen
710 1691 2866 1899 Augenblick den Zauber fühlen, als schwebte ich
723 1824 2999 2038 wirklich in jenen hohen Sphren. O könnte ich noch
727 2000 2972 2201 lange irdischen Boden nicht fühlen und in den Re¬
686 2163 2873 2320 gtonen wundersamer Seligkeit weilen-und wenn Du
693 2296 2955 2500 das mit mir wünschen könntest-Faustina.- hast Dus
737 2432 2965 2663 vor wenig Augenblichen noch geehnt und weisst Du
693 2591 2968 2778 dass ich Dich schon lange, sehr lange ltebe? Und
737 2754 2992 2924 jetzt, eben jetzt müssen wir scheiden¬ ( Pause )
224 2880 2822 3074 Faustina. Sei heute Mitternacht nicht weit von dem Tore-
234 3040 2737 3267 Benedict. So seh ich Dich in wenig Stunden, Faustina-
217 3192 2951 3403 Faustina. Bald, bald,- ( er drückt sie an sich ) Leb wohl,
689 3369 1141 3566 leb wohl.
238 3502 1817 3709 Benedict. Leb wohl! ( schnell ab )
914 3702 1773 3862 Der Vorhang fällt.
