3400 4088
2779 327 2925 511 16
264 508 2827 661 Finke. Frau Baronin erlauben- es heisst auf ihn- nicht
702 616 3241 880 „ auf mich“. Das Gedicht behandelt die kleinen Letzten
706 803 1419 998 der Etfersucht.
282 748 438 1008 as
275 949 1617 1182 Baronin. Die kleinen Leiden?
696 1078 2504 1304 Ja, das Gedichtehen war humoristisch.-
275 1130 643 1325 Finke.
268 1231 3043 1474 Baronin. Ach Sie finden, dass die Eifersucht sich so humor¬
723 1415 1857 1631 istisch behandeln lässt?
275 1600 1106 1767 Finke. Zuweilen.
275 1666 2782 1906 Baronin. Zuwetlen? Hüten Sie sich vor gewissen Augen!
278 1860 2973 2090 Leonhard. Ambrosius Feuer setzt sich zum Klavier— er will
702 2031 1697 2219 uns etwas vorspielen.
278 2177 2459 2361 Baronin. Ach aus Ihrem Singspiel lieber Feuer!
264 2309 3036 2521 Ambr. Feuer. Ich nehme mir die Fretheit- und zwar will ich
713 2514 1721 2692 gleich die Ouverture-
271 2619 3036 2859 Leonhard. Ich werde Ihnen umblättern, wenns Ihren angenehm
716 2806 932 2991 ist?
271 2970 2928 3140 Alb Luft. Ich denke. — mein teurer Freund Ambrostus Feuer
292 3112 1109 3304 spielt auswendig.
268 3210 3067 3460 Ambr. Feuer. ( rückt den Stuhl und beginnt mit einem festen
647 3391 1061 3606 Aaccord.
