<?xml version="1.0" encoding="UTF-8" standalone="yes"?>
<PcGts xmlns="http://schema.primaresearch.org/PAGE/gts/pagecontent/2013-07-15" xmlns:xsi="http://www.w3.org/2001/XMLSchema-instance" xsi:schemaLocation="http://schema.primaresearch.org/PAGE/gts/pagecontent/2013-07-15 http://schema.primaresearch.org/PAGE/gts/pagecontent/2013-07-15/pagecontent.xsd">
    <Metadata>
        <Creator>prov=READ-COOP:name=TrHtr:version=2.1.0:model_id=51170:date=27_07_2023_19:32</Creator>
        <Created>2023-05-10T11:24:18.549+02:00</Created>
        <LastChange>2023-07-27T19:32:37.155+02:00</LastChange>
        <TranskribusMetadata docId="1428154" pageId="55386936" pageNr="71" tsid="131289222" status="IN_PROGRESS" userId="64420" imgUrl="https://files.transkribus.eu/Get?id=OJJUAWIWCGLOUMHYMRKWUFRM&amp;fileType=view" xmlUrl="https://files.transkribus.eu/Get?id=UXWUMOFLTEFAXJFASDJKWHFP" imageId="44661833"/>
    </Metadata>
    <Page imageFilename="1428154_0071.jpg" imageWidth="3352" imageHeight="4040">
        <ReadingOrder>
            <OrderedGroup id="ro_1711820765228" caption="Regions reading order">
                <RegionRefIndexed index="0" regionRef="tr_1"/>
                <RegionRefIndexed index="1" regionRef="tr_2"/>
            </OrderedGroup>
        </ReadingOrder>
        <TextRegion id="tr_1" custom="readingOrder {index:0;}">
            <Coords points="238,311 3112,311 3112,2030 238,2030"/>
            <TextLine id="tr_1_tl_1" custom="readingOrder {index:0;}">
                <Coords points="2866,366 2884,366 2896,378 2917,372 2926,384 2938,378 2947,390 2962,381 2983,384 2989,237 2971,240 2953,231 2938,240 2920,228 2902,237 2887,225 2872,225"/>
                <Baseline points="2882,367 2897,364 2941,364 2986,361"/>
                <TextEquiv>
                    <Unicode>56</Unicode>
                </TextEquiv>
            </TextLine>
            <TextLine id="tr_1_tl_2" custom="readingOrder {index:1;}">
                <Coords points="631,694 2842,682 2872,535 2334,478 634,577"/>
                <Baseline points="650,659 683,659 728,659 772,656 817,659 862,656 907,653 951,650 996,650 1041,650 1086,647 1130,644 1175,641 1220,641 1265,638 1309,635 1354,632 1399,632 1444,629 1488,629 1533,626 1578,626 1623,623 1667,623 1712,623 1757,620 1802,620 1846,620 1891,617 1936,614 1981,614 2025,611 2070,614 2115,611 2160,608 2204,608 2249,608 2294,605 2339,605 2384,605 2428,602 2473,599 2518,599 2563,596 2607,593 2652,590 2697,590 2742,587 2786,584 2831,581 2876,581"/>
                <TextEquiv>
                    <Unicode>Ach, sehr geschätzter Herr Norbert, es war auch</Unicode>
                </TextEquiv>
            </TextLine>
            <TextLine id="tr_1_tl_3" custom="readingOrder {index:2;}">
                <Coords points="222,751 249,757 276,739 348,766 363,754 409,772 451,772 466,757 556,769 559,586 481,589 442,616 354,589 330,610 300,589 264,607 225,595"/>
                <Baseline points="238,668 250,668 295,665 340,665 384,662 429,662 474,662 519,662 563,662"/>
                <TextEquiv>
                    <Unicode>Musenh:</Unicode>
                </TextEquiv>
            </TextLine>
            <TextLine id="tr_1_tl_4" custom="readingOrder {index:3;}">
                <Coords points="688,841 2637,853 2926,802 2932,658 691,727"/>
                <Baseline points="704,808 742,808 787,805 832,802 877,802 921,799 966,799 1011,796 1056,796 1101,796 1145,793 1190,793 1235,790 1280,787 1324,784 1369,784 1414,784 1459,781 1503,778 1548,781 1593,778 1638,775 1682,775 1727,775 1772,772 1817,772 1861,769 1906,769 1951,766 1996,763 2040,763 2085,760 2130,760 2175,760 2219,757 2264,754 2309,754 2354,751 2398,748 2443,748 2488,748 2533,748 2577,748 2622,745 2667,742 2712,739 2756,739 2801,734 2846,731 2891,728 2936,722"/>
                <TextEquiv>
                    <Unicode>nicht meine Absicht, dass heute schon alles ent¬</Unicode>
                </TextEquiv>
            </TextLine>
            <TextLine id="tr_1_tl_5" custom="readingOrder {index:4;}">
                <Coords points="691,982 3082,994 3088,823 694,856"/>
                <Baseline points="707,954 719,957 763,957 808,954 853,954 898,951 942,951 987,948 1032,948 1077,945 1121,945 1166,945 1211,942 1256,942 1300,939 1345,936 1390,936 1435,933 1479,930 1524,930 1569,930 1614,927 1658,927 1703,927 1748,924 1793,921 1837,921 1882,921 1927,918 1972,918 2017,916 2061,916 2106,913 2151,910 2196,907 2240,907 2285,904 2330,904 2375,904 2419,901 2464,898 2509,898 2554,898 2598,895 2643,895 2688,895 2733,895 2777,892 2822,889 2867,886 2912,886 2956,886 3001,883 3046,883 3091,883"/>
                <TextEquiv>
                    <Unicode>schieden würde-ich bin eigentlich nur da, um einige</Unicode>
                </TextEquiv>
            </TextLine>
            <TextLine id="tr_1_tl_6" custom="readingOrder {index:5;}">
                <Coords points="700,1132 2935,1138 2965,955 1217,1045 706,976"/>
                <Baseline points="716,1109 731,1109 775,1106 820,1106 865,1106 910,1106 954,1103 999,1103 1044,1101 1089,1101 1133,1101 1178,1098 1223,1098 1268,1095 1312,1095 1357,1092 1402,1089 1447,1089 1491,1089 1536,1086 1581,1083 1626,1080 1670,1080 1715,1077 1760,1077 1805,1074 1849,1074 1894,1071 1939,1071 1984,1068 2028,1068 2073,1065 2118,1062 2163,1059 2207,1059 2252,1056 2297,1053 2342,1053 2387,1053 2431,1053 2476,1053 2521,1050 2566,1047 2610,1044 2655,1044 2700,1044 2745,1041 2789,1038 2834,1038 2879,1035 2924,1035 2968,1035"/>
                <TextEquiv>
                    <Unicode>Bemerkungen, die im Besondern den Herrn Eusebius</Unicode>
                </TextEquiv>
            </TextLine>
            <TextLine id="tr_1_tl_7" custom="readingOrder {index:6;}">
                <Coords points="694,1277 934,1340 2751,1295 3007,1265 3013,1120 697,1220"/>
                <Baseline points="713,1265 731,1265 775,1259 820,1259 865,1256 910,1259 954,1256 999,1253 1044,1256 1089,1250 1133,1250 1178,1250 1223,1247 1268,1244 1312,1244 1357,1241 1402,1238 1447,1235 1491,1232 1536,1235 1581,1232 1626,1229 1670,1229 1715,1226 1760,1226 1805,1226 1849,1223 1894,1223 1939,1220 1984,1220 2028,1220 2073,1217 2118,1211 2163,1211 2207,1211 2252,1211 2297,1211 2342,1208 2387,1208 2431,1205 2476,1202 2521,1202 2566,1202 2610,1199 2655,1196 2700,1196 2745,1196 2789,1193 2834,1190 2879,1187 2924,1184 2968,1181 3013,1178"/>
                <TextEquiv>
                    <Unicode>Müche ( dieser verbeugt sich ) betreffen, voraus-</Unicode>
                </TextEquiv>
            </TextLine>
            <TextLine id="tr_1_tl_8" custom="readingOrder {index:7;}">
                <Coords points="709,1457 2352,1448 2836,1352 2974,1415 3103,1391 3109,1241 712,1319"/>
                <Baseline points="725,1414 739,1414 784,1414 829,1411 874,1411 918,1411 963,1408 1008,1408 1053,1405 1098,1405 1142,1402 1187,1399 1232,1399 1277,1396 1321,1393 1366,1393 1411,1390 1456,1390 1500,1387 1545,1387 1590,1387 1635,1387 1679,1384 1724,1381 1769,1381 1814,1378 1858,1378 1903,1375 1948,1375 1993,1372 2037,1369 2082,1369 2127,1366 2172,1366 2216,1366 2261,1366 2306,1363 2351,1363 2395,1360 2440,1357 2485,1357 2530,1354 2574,1354 2619,1351 2664,1348 2709,1351 2754,1348 2798,1348 2843,1348 2888,1342 2933,1342 2977,1339 3022,1336 3067,1333 3112,1324"/>
                <TextEquiv>
                    <Unicode>zuschicken. Herr Blastus Bass ist, wie Ihnen, wert-</Unicode>
                </TextEquiv>
            </TextLine>
            <TextLine id="tr_1_tl_9" custom="readingOrder {index:8;}">
                <Coords points="772,1628 2809,1595 2878,1577 2881,1454 2580,1391 2322,1472 1502,1433 775,1514"/>
                <Baseline points="787,1575 829,1569 874,1569 918,1566 963,1563 1008,1560 1053,1560 1098,1557 1142,1554 1187,1554 1232,1551 1277,1551 1321,1548 1366,1545 1411,1545 1456,1545 1500,1545 1545,1542 1590,1542 1635,1539 1679,1539 1724,1539 1769,1536 1814,1533 1858,1530 1903,1527 1948,1527 1993,1524 2037,1524 2082,1521 2127,1521 2172,1518 2216,1518 2261,1515 2306,1515 2351,1515 2395,1512 2440,1509 2485,1506 2530,1506 2574,1506 2619,1503 2664,1503 2709,1503 2754,1503 2798,1500 2843,1494 2888,1491"/>
                <TextEquiv>
                    <Unicode>geschätzter Herr, wohl bekannt sein dürfte, -</Unicode>
                </TextEquiv>
            </TextLine>
            <TextLine id="tr_1_tl_10" custom="readingOrder {index:9;}">
                <Coords points="736,1745 2944,1733 2998,1571 739,1631"/>
                <Baseline points="751,1718 766,1721 811,1718 856,1715 901,1712 945,1712 990,1712 1035,1709 1080,1706 1124,1703 1169,1703 1214,1703 1259,1700 1303,1700 1348,1700 1393,1700 1438,1697 1482,1697 1527,1694 1572,1691 1617,1691 1661,1688 1706,1688 1751,1685 1796,1685 1840,1682 1885,1679 1930,1679 1975,1676 2020,1673 2064,1673 2109,1673 2154,1670 2199,1667 2243,1667 2288,1667 2333,1664 2378,1661 2422,1661 2467,1661 2512,1661 2557,1658 2601,1655 2646,1652 2691,1652 2736,1650 2780,1650 2825,1644 2870,1644 2915,1644 2959,1641 3004,1632"/>
                <TextEquiv>
                    <Unicode>schon ein in den weitesten Kreisen beliebter Vir-</Unicode>
                </TextEquiv>
            </TextLine>
            <TextLine id="tr_1_tl_11" custom="readingOrder {index:10;}">
                <Coords points="736,1895 2244,1919 2935,1859 2941,1733 736,1814"/>
                <Baseline points="751,1867 796,1867 841,1867 886,1864 930,1864 975,1864 1020,1864 1065,1855 1109,1855 1154,1852 1199,1852 1244,1852 1288,1852 1333,1849 1378,1849 1423,1846 1468,1846 1512,1846 1557,1843 1602,1840 1647,1840 1691,1837 1736,1835 1781,1832 1826,1832 1870,1832 1915,1829 1960,1829 2005,1826 2049,1826 2094,1823 2139,1823 2184,1820 2228,1820 2273,1817 2318,1817 2363,1814 2407,1814 2452,1814 2497,1811 2542,1811 2586,1811 2631,1808 2676,1808 2721,1805 2765,1802 2810,1802 2855,1799 2900,1799 2944,1796"/>
                <TextEquiv>
                    <Unicode>tuose geworden, während Herr Mücke erst jetzt in</Unicode>
                </TextEquiv>
            </TextLine>
            <TextLine id="tr_1_tl_12" custom="readingOrder {index:11;}">
                <Coords points="733,2106 2718,2010 2944,1976 2947,1883 1162,1955 967,1895 739,1976"/>
                <Baseline points="751,2020 757,2020 802,2020 847,2020 892,2020 936,2020 981,2020 1026,2017 1071,2014 1115,2014 1160,2011 1205,2008 1250,2008 1294,2005 1339,2002 1384,2002 1429,1999 1473,1999 1518,1999 1563,1996 1608,1993 1652,1993 1697,1990 1742,1990 1787,1990 1832,1987 1876,1987 1921,1984 1966,1981 2011,1978 2055,1978 2100,1978 2145,1975 2190,1975 2234,1972 2279,1969 2324,1969 2369,1966 2413,1969 2458,1966 2503,1966 2548,1966 2592,1963 2637,1960 2682,1960 2727,1957 2771,1954 2816,1951 2861,1951 2906,1951 2950,1948"/>
                <TextEquiv>
                    <Unicode>die öffentliche Laufbahn treten wird. Der junge</Unicode>
                </TextEquiv>
            </TextLine>
        </TextRegion>
        <TextRegion id="tr_2" custom="readingOrder {index:1;}">
            <Coords points="301,2050 3171,2050 3171,3557 301,3557"/>
            <TextLine id="tr_2_tl_1" custom="readingOrder {index:0;}">
                <Coords points="727,2265 2802,2151 3055,2205 3109,2028 733,2103"/>
                <Baseline points="745,2178 784,2175 829,2175 874,2172 918,2172 963,2169 1008,2166 1053,2169 1098,2166 1142,2163 1187,2160 1232,2157 1277,2157 1321,2154 1366,2154 1411,2154 1456,2151 1500,2151 1545,2148 1590,2148 1635,2145 1679,2142 1724,2145 1769,2142 1814,2139 1858,2139 1903,2136 1948,2133 1993,2133 2037,2133 2082,2127 2127,2127 2172,2130 2216,2127 2261,2124 2306,2121 2351,2121 2395,2118 2440,2118 2485,2115 2530,2115 2574,2115 2619,2112 2664,2112 2709,2115 2754,2109 2798,2109 2843,2106 2888,2106 2933,2103 2977,2103 3022,2100 3067,2100 3112,2100"/>
                <TextEquiv>
                    <Unicode>Mann (Mücke verbeugt sich ) hat unstreitig Talent.</Unicode>
                </TextEquiv>
            </TextLine>
            <TextLine id="tr_2_tl_2" custom="readingOrder {index:1;}">
                <Coords points="748,2379 2878,2355 3004,2331 3010,2175 751,2268"/>
                <Baseline points="763,2327 775,2324 820,2324 865,2321 910,2321 954,2321 999,2318 1044,2318 1089,2315 1133,2312 1178,2312 1223,2312 1268,2309 1312,2309 1357,2306 1402,2303 1447,2303 1491,2300 1536,2300 1581,2300 1626,2297 1670,2297 1715,2294 1760,2291 1805,2291 1849,2288 1894,2288 1939,2285 1984,2285 2028,2285 2073,2282 2118,2279 2163,2279 2207,2276 2252,2276 2297,2276 2342,2273 2387,2270 2431,2270 2476,2267 2521,2267 2566,2264 2610,2261 2655,2261 2700,2258 2745,2258 2789,2258 2834,2255 2879,2252 2924,2252 2968,2249 3013,2246"/>
                <TextEquiv>
                    <Unicode>und wird es in seiner Kunst zu etwas Bedeutendem</Unicode>
                </TextEquiv>
            </TextLine>
            <TextLine id="tr_2_tl_3" custom="readingOrder {index:2;}">
                <Coords points="742,2481 1066,2550 1826,2448 2691,2466 3025,2412 3028,2325 745,2412"/>
                <Baseline points="757,2473 790,2473 835,2473 880,2473 924,2470 969,2470 1014,2467 1059,2470 1103,2467 1148,2461 1193,2461 1238,2458 1283,2458 1327,2458 1372,2452 1417,2452 1462,2449 1506,2449 1551,2446 1596,2446 1641,2446 1685,2443 1730,2443 1775,2440 1820,2440 1864,2437 1909,2434 1954,2434 1999,2431 2043,2428 2088,2428 2133,2428 2178,2425 2222,2425 2267,2422 2312,2422 2357,2419 2401,2419 2446,2416 2491,2416 2536,2416 2580,2416 2625,2413 2670,2413 2715,2410 2759,2410 2804,2407 2849,2404 2894,2404 2938,2401 2983,2398 3028,2395"/>
                <TextEquiv>
                    <Unicode>bringen.Doch unser Jahrhundert- ich pflege es das</Unicode>
                </TextEquiv>
            </TextLine>
            <TextLine id="tr_2_tl_4" custom="readingOrder {index:3;}">
                <Coords points="787,2718 1874,2592 2998,2586 3001,2469 793,2577"/>
                <Baseline points="808,2619 814,2622 859,2619 904,2619 948,2616 993,2616 1038,2616 1083,2613 1127,2613 1172,2610 1217,2607 1262,2604 1306,2604 1351,2601 1396,2601 1441,2601 1485,2598 1530,2598 1575,2598 1620,2595 1664,2592 1709,2592 1754,2589 1799,2586 1843,2586 1888,2586 1933,2586 1978,2583 2022,2580 2067,2580 2112,2580 2157,2577 2202,2574 2246,2574 2291,2571 2336,2571 2381,2569 2425,2569 2470,2566 2515,2566 2560,2563 2604,2563 2649,2560 2694,2560 2739,2557 2783,2557 2828,2554 2873,2551 2918,2551 2962,2551 3007,2551"/>
                <TextEquiv>
                    <Unicode>Jahrhundert des Vorurteils zu nennen- ist nicht</Unicode>
                </TextEquiv>
            </TextLine>
            <TextLine id="tr_2_tl_5" custom="readingOrder {index:4;}">
                <Coords points="751,2836 3010,2796 3160,2772 3166,2616 754,2727"/>
                <Baseline points="769,2786 799,2783 844,2780 889,2777 933,2774 978,2774 1023,2771 1068,2771 1112,2768 1157,2768 1202,2765 1247,2765 1291,2762 1336,2762 1381,2759 1426,2756 1470,2756 1515,2754 1560,2754 1605,2751 1650,2751 1694,2748 1739,2745 1784,2745 1829,2742 1873,2739 1918,2739 1963,2739 2008,2739 2052,2736 2097,2736 2142,2733 2187,2733 2231,2730 2276,2727 2321,2724 2366,2724 2410,2721 2455,2718 2500,2718 2545,2718 2589,2715 2634,2718 2679,2715 2724,2715 2768,2712 2813,2712 2858,2709 2903,2706 2947,2703 2992,2700 3037,2700 3082,2700 3126,2700 3171,2700"/>
                <TextEquiv>
                    <Unicode>geneigt, einen Anfänger freundlich entgegenzunehmen.</Unicode>
                </TextEquiv>
            </TextLine>
            <TextLine id="tr_2_tl_6" custom="readingOrder {index:5;}">
                <Coords points="757,2980 952,3031 1316,2929 2499,2881 2772,2950 2968,2917 2971,2781 760,2839"/>
                <Baseline points="772,2927 781,2924 826,2924 871,2924 916,2924 960,2924 1005,2921 1050,2921 1095,2921 1139,2918 1184,2918 1229,2915 1274,2912 1318,2912 1363,2912 1408,2909 1453,2906 1497,2906 1542,2906 1587,2906 1632,2900 1676,2897 1721,2897 1766,2897 1811,2897 1855,2894 1900,2894 1945,2891 1990,2891 2034,2891 2079,2888 2124,2888 2169,2885 2213,2882 2258,2882 2303,2879 2348,2879 2392,2876 2437,2873 2482,2873 2527,2873 2571,2873 2616,2873 2661,2873 2706,2873 2751,2867 2795,2864 2840,2861 2885,2861 2930,2858 2974,2855"/>
                <TextEquiv>
                    <Unicode>der einsam, ohne Empfehlung ohne Leitung, kurz</Unicode>
                </TextEquiv>
            </TextLine>
            <TextLine id="tr_2_tl_7" custom="readingOrder {index:6;}">
                <Coords points="718,3166 2367,3058 2442,3043 2445,2962 724,3010"/>
                <Baseline points="736,3094 748,3091 793,3088 838,3085 883,3085 927,3082 972,3076 1017,3076 1062,3076 1106,3073 1151,3070 1196,3070 1241,3067 1285,3067 1330,3064 1375,3064 1420,3061 1465,3058 1509,3058 1554,3058 1599,3055 1644,3052 1688,3052 1733,3052 1778,3049 1823,3046 1867,3046 1912,3046 1957,3046 2002,3046 2046,3043 2091,3040 2136,3040 2181,3037 2225,3034 2270,3031 2315,3031 2360,3028 2404,3025 2449,3022"/>
                <TextEquiv>
                    <Unicode>ganz allein auf sich selbst gestellt-</Unicode>
                </TextEquiv>
            </TextLine>
            <TextLine id="tr_2_tl_8" custom="readingOrder {index:7;}">
                <Coords points="664,3313 1913,3289 2238,3193 2703,3268 2965,3202 2968,3115 1826,3082 670,3193"/>
                <Baseline points="683,3237 686,3237 731,3237 775,3237 820,3237 865,3234 910,3234 954,3234 999,3234 1044,3231 1089,3231 1133,3228 1178,3225 1223,3222 1268,3222 1312,3222 1357,3219 1402,3216 1447,3216 1491,3213 1536,3213 1581,3213 1626,3210 1670,3210 1715,3207 1760,3204 1805,3204 1849,3204 1894,3201 1939,3198 1984,3198 2028,3195 2073,3192 2118,3192 2163,3192 2207,3189 2252,3189 2297,3189 2342,3186 2387,3186 2431,3183 2476,3183 2521,3180 2566,3180 2610,3177 2655,3177 2700,3177 2745,3174 2789,3171 2834,3168 2879,3168 2924,3165 2968,3162"/>
                <TextEquiv>
                    <Unicode>Ach, ich verstehe Sie, der junge Mann soll unter</Unicode>
                </TextEquiv>
            </TextLine>
            <TextLine id="tr_2_tl_9" custom="readingOrder {index:8;}">
                <Coords points="282,3349 321,3352 336,3340 387,3355 412,3340 424,3355 466,3337 532,3370 583,3370 589,3163 556,3148 424,3184 360,3148 336,3160 315,3142 288,3148"/>
                <Baseline points="301,3249 325,3252 369,3252 414,3252 459,3249 504,3249 549,3246 593,3243"/>
                <TextEquiv>
                    <Unicode>Amand.</Unicode>
                </TextEquiv>
            </TextLine>
            <TextLine id="tr_2_tl_10" custom="readingOrder {index:9;}">
                <Coords points="763,3442 2857,3424 2929,3400 2935,3250 766,3313"/>
                <Baseline points="781,3389 790,3386 835,3389 880,3389 924,3386 969,3383 1014,3383 1059,3380 1103,3377 1148,3374 1193,3374 1238,3377 1283,3374 1327,3371 1372,3371 1417,3368 1462,3368 1506,3365 1551,3365 1596,3362 1641,3359 1685,3359 1730,3359 1775,3356 1820,3356 1864,3353 1909,3350 1954,3350 1999,3347 2043,3344 2088,3344 2133,3341 2178,3338 2222,3338 2267,3338 2312,3335 2357,3335 2401,3332 2446,3332 2491,3332 2536,3329 2580,3329 2625,3326 2670,3326 2715,3323 2759,3320 2804,3320 2849,3317 2894,3317 2938,3308"/>
                <TextEquiv>
                    <Unicode>meiner Äegtde in die Welt treten und mein Name</Unicode>
                </TextEquiv>
            </TextLine>
            <TextLine id="tr_2_tl_11" custom="readingOrder {index:10;}">
                <Coords points="727,3586 988,3659 1189,3589 2574,3592 2712,3523 2968,3595 2974,3388 973,3490 733,3436"/>
                <Baseline points="745,3547 784,3544 829,3544 874,3547 918,3547 963,3544 1008,3541 1053,3538 1098,3535 1142,3535 1187,3532 1232,3532 1277,3529 1321,3526 1366,3526 1411,3523 1456,3523 1500,3520 1545,3520 1590,3520 1635,3517 1679,3514 1724,3511 1769,3511 1814,3508 1858,3508 1903,3508 1948,3505 1993,3505 2037,3502 2082,3502 2127,3502 2172,3502 2216,3499 2261,3499 2306,3493 2351,3493 2395,3490 2440,3490 2485,3485 2530,3485 2574,3485 2619,3482 2664,3482 2709,3479 2754,3479 2798,3476 2843,3476 2888,3473 2933,3467 2977,3470"/>
                <TextEquiv>
                    <Unicode>soll gewissermassen das Relief sein (Müche ver¬</Unicode>
                </TextEquiv>
            </TextLine>
        </TextRegion>
    </Page>
</PcGts>
