3320 4088
2581 182 2763 353 117
1057 403 1849 607 Neunter Auftritt
839 553 1942 760 Raphael (kommt wütend.
164 718 3034 914 Ja, ja, ja ja, ich habe gesehn, ick habs gesehen, Sie hat ihn
625 839 2960 1060 geküsst. Manuela Leonhard- die Türe war halb ange-
664 978 2824 1189 lehnt-sie beugte sich zu thm, das Glas auf dem
632 1142 2885 1324 Tische wankte hin und her— sie müssen sich schon
635 1296 2820 1489 früher umarmt haben.Leonhard! Leonhard! Manuela
621 1421 2967 1653 Manuela. ich möchte rasend werden. Ich muss diesen
632 1614 2881 1778 Leonhard finden, ich muss mit ihm sprechen. ich
632 1753 2845 1967 muss ihn fordern, er muss mir Rede stehen, auch
632 1874 3020 2092 Manuela muss mir Rede stehen, sie mss mir erklären
632 2038 2974 2238 Nein- ich will sie nicht mehr sehen, ich soll kei-
639 2188 3031 2438 nen mehr sehen, ich hasse beide, das ist genug. Ich
639 2378 2838 2563 verachte beide.Ach, ach- Leonhard. ( stürzt auf
653 2524 1642 2706 den Eintretenden zu )
646 2670 2970 2867 Mein Freund? Ich ersuche Dich übrigens etwas weni¬
193 2702 621 2917 Leonhard.
657 2838 1382 3024 ger auffallend-
1671 2824 2292 3038 nicht lange mehr
628 2977 3038 3174 Oh es wird ihnen schon auffallen, dass wir Freunde
200 2992 589 3224 Raphael.
646 3142 825 3324 Du-
196 3252 1739 3481 Leonh. Manuela' hat mich geküsst.
193 3370 2945 3699 Raph. Ma- Ma- Manuela hat Dich gehüsst. ( wütend) Nun ja, I
