3384 4152
2743 167 2931 448 145
309 334 3165 689 Genovefa. Ich bin entzückt, Herr Luft. Er hat mich hingerissen
281 558 3126 831 Alb. Luft. Ach, er spielt unvergleichlich, das macht ihm kein
742 789 1318 988 Mensch nach.
288 831 3069 1091 Der Enthustast (Steht noch immer ganz entzückt bei der Gar¬
796 1044 2266 1272 derobe) Luft, Herr Luft? 114.
792 1229 1613 1435 Ah lieber Freund¬
302 1254 757 1460 Alb. Luft
316 1322 3041 1595 Enthuslast. Was sagen Sie? So etwas hab ich nie gehört. Man
767 1506 3155 1716 meint eine Menschenstimme zu hören, wenn man diesen
760 1673 2458 1858 Norbert auf seiner Violtne hört- 114
771 1776 3059 2028 Ein kleiner missgünstig aussehender Herr. Ja wohl
778 1993 1673 2181 auf seiner Violine!
330 2096 1776 2338 Enthustast. Wie meinen Sie das?
327 2224 2274 2480 Der kleine Herr. Ich nun, ich meine nur so.
323 2398 2984 2647 Alb, Luft. (dem Enthus lasten ins Ohr ) Pst, er ist selbst
849 2597 1187 2789 Getger.
337 2686 3137 2945 Enthustast. Ach so.( Mit dem Ton überlegener Vernunft ) 114
341 2853 2814 3027 Alb. Luft. Ja, sind Sie denn noch immer nicht fertig?
359 2984 3126 3254 Ich Habe Klingern versprochen, vor zehn drüben im Kaffeehaus
814 3208 1222 3386 zu sein.
352 3251 2529 3545 Enthustast.114, schnell. Ich komme Ihnen nach.
359 3471 1819 3730 Macartus. Herr Luft. Herrs Luft!
