3384 4088
2927 201 3061 372 96
817 338 3186 570 Glauben Sie aber, deswegen nicht, dass ich mein Ge¬
774 540 3094 744 heimnis brechen und Ihnen sagen werde, welches das
762 692 2268 884 nächste Ziel ist, das ich wähle.
768 838 3085 1034 Mtr liegt es fern, Sie zu fragen. Doch daran liegt
314 851 738 1015 Benedict.
765 1018 3009 1180 mir, dass Wahrheit zwischen uns herrsche. Ja ich
768 1104 3009 1317 bin ein Anderer, als ich scheine- gleich Ihnen.
799 1235 3171 1460 Es ist mir zu eng da.- ich lechze nach Veränderung.
768 1451 2997 1643 Und suche sie nun, wo immer sie sich mir bietet.
768 1570 3213 1762 Nun ist meine Laune mich zu verstellen. So tue ich
780 1774 3107 1915 denn das— Aus Laune, Faustina, ich würde nicht die
768 1909 2954 2085 Wahrheit sagen, gäb ich einen andern Grund vor.
774 2021 3110 2238 Ja, Benedict, wir sind die gleichen.Ich fühle das
299 2009 729 2201 Faustina
777 2180 3058 2375 selbe wie Sie, meine Gedanken schweiften im Unbe¬
823 2378 3052 2509 stimmten umher. Und weil wir uns im gewöhnlichen
799 2482 3009 2680 Alltagetreiben nicht wohl fühlen können, suchen
780 2646 3003 2808 wir denn das Leben in der  die Sphäre des Unge¬
817 2832 1765 2976 wöhnlichen zu heben.
780 2976 2973 3128 Oh wenn es gelänge! Bald, Faustina, werden wirs
311 2887 735 3177 Benedtot.
738 3128 2948 3274 empfinden, dass wir nicht in der Sphäre des Unge¬
771 3277 3186 3418 wöhnlichen schweben. Indischen Boden werden wir unten
735 3387 3006 3628 den Füssen fühlen und uns verzweifelnd sagen: Wir
