3432 4168
2845 220 2999 360 157.
806 395 2110 662 s Ihnen, Herr Kapellmeister.
292 453 2954 834 Baronin. Ich danke, es geht uns beiden wohl; wir haben ra¬
769 679 3116 920 send getanzt, aber darf man fragen, was für Entwurf
295 896 1575 1105 Ambr. Oh nichts besonderes.
319 1071 964 1266 Baronin. Doch
312 1043 3057 1458 Ambr. Eine Art memento mort im Gestalt einer musikalischen
830 1362 1630 1568 Idoenassoctation
336 1479 697 1729 Finke
933 1517 1386 1740 Wie das?
347 1709 741 1853 Baronin.
333 1705 3095 1990 Ambr. Ich habe mir das Motiv des Walzers aufnotiert, um das-
782 1884 3092 2107 selbe Motiv für einen Trauermarsch in Anwendung zu
837 2011 3133 2278 bringen. Nach demselben Gedanhen nach dem wir hier
841 2165 3033 2429 tanzen, werden wir vielleicht einsmals begraben-
841 2344 3050 2584 memento mori- (er singt einen lustigen Walzer )
803 2501 3102 2724 So und jetzt (er verwandelt das Thema des Walzers
902 2639 2707 2896 für ine einen melancholischen Gesang.)
858 2807 3150 3040 Und das ist dasselbe Thema- -Aber wozu Grabesphan-
827 2913 3181 3153 tasten auf einem so hettern Fest. Faustina ist wie-
926 3050 3222 3325 der zurückgekehrt und tanzt. Seltsames Wesen! seh
930 3212 3284 3479 en Sie, Frau Baronin, diese Faustina erinnert mich
892 3359 3160 3668 an jenes Grabmotiv, auf das sich tanzen lässt und
902 3637 1290 3850 sterben.
