<?xml version="1.0" encoding="UTF-8" standalone="yes"?>
<PcGts xmlns="http://schema.primaresearch.org/PAGE/gts/pagecontent/2013-07-15" xmlns:xsi="http://www.w3.org/2001/XMLSchema-instance" xsi:schemaLocation="http://schema.primaresearch.org/PAGE/gts/pagecontent/2013-07-15 http://schema.primaresearch.org/PAGE/gts/pagecontent/2013-07-15/pagecontent.xsd">
    <Metadata>
        <Creator>prov=READ-COOP:name=TrHtr:version=2.1.0:model_id=51170:date=27_07_2023_19:32</Creator>
        <Created>2023-05-10T11:24:19.613+02:00</Created>
        <LastChange>2023-07-27T19:32:39.162+02:00</LastChange>
        <TranskribusMetadata docId="1428154" pageId="55386958" pageNr="77" tsid="131289231" status="IN_PROGRESS" userId="64420" imgUrl="https://files.transkribus.eu/Get?id=TBZRRSMEKFNLCJKUOOLRYNNU&amp;fileType=view" xmlUrl="https://files.transkribus.eu/Get?id=FKSHLXMWJWNNHSKWLKQCUFOA" imageId="44661855"/>
    </Metadata>
    <Page imageFilename="1428154_0077.jpg" imageWidth="3384" imageHeight="4056">
        <ReadingOrder>
            <OrderedGroup id="ro_1711820770598" caption="Regions reading order">
                <RegionRefIndexed index="0" regionRef="tr_1"/>
                <RegionRefIndexed index="1" regionRef="tr_2"/>
                <RegionRefIndexed index="2" regionRef="tr_3"/>
            </OrderedGroup>
        </ReadingOrder>
        <TextRegion id="tr_1" custom="readingOrder {index:0;}">
            <Coords points="268,314 3118,314 3118,1179 268,1179"/>
            <TextLine id="tr_1_tl_1" custom="readingOrder {index:0;}">
                <Coords points="2835,374 2856,374 2888,402 2898,392 2912,402 2923,402 2933,392 2955,392 2955,247 2930,247 2909,233 2898,233 2873,254 2856,244 2835,247"/>
                <Baseline points="2853,367 2871,364 2915,364 2960,364"/>
                <TextEquiv>
                    <Unicode>72.</Unicode>
                </TextEquiv>
            </TextLine>
            <TextLine id="tr_1_tl_2" custom="readingOrder {index:1;}">
                <Coords points="699,614 833,664 1017,597 1175,635 1278,593 1299,607 1370,565 1373,445 1299,448 1253,491 1063,448 907,501 780,438 702,459"/>
                <Baseline points="719,576 752,573 796,567 841,567 886,567 931,567 975,564 1020,564 1065,564 1110,561 1155,558 1199,558 1244,558 1289,558 1334,558 1378,552"/>
                <TextEquiv>
                    <Unicode>nte mir davon¬</Unicode>
                </TextEquiv>
            </TextLine>
            <TextLine id="tr_1_tl_3" custom="readingOrder {index:2;}">
                <Coords points="611,752 2287,784 3110,695 3110,614 2923,572 1197,664 614,611"/>
                <Baseline points="629,719 656,719 701,719 746,719 790,719 835,719 880,719 925,716 969,716 1014,716 1059,716 1104,716 1149,713 1193,713 1238,713 1283,713 1328,713 1372,713 1417,710 1462,710 1507,710 1551,710 1596,710 1641,710 1686,707 1731,704 1775,707 1820,704 1865,704 1910,701 1954,701 1999,701 2044,698 2089,698 2133,698 2178,698 2223,701 2268,698 2313,698 2357,698 2402,695 2447,692 2492,692 2536,689 2581,689 2626,689 2671,686 2715,686 2760,683 2805,683 2850,683 2895,683 2939,680 2984,677 3029,677 3074,674 3118,680"/>
                <TextEquiv>
                    <Unicode>Da sehen Sie, Blaser, da sehen Ste,- was soll man von</Unicode>
                </TextEquiv>
            </TextLine>
            <TextLine id="tr_1_tl_4" custom="readingOrder {index:3;}">
                <Coords points="251,770 286,770 304,759 318,773 353,734 417,734 427,745 459,731 512,738 508,667 477,657 441,671 420,653 392,664 311,632 265,671 247,671"/>
                <Baseline points="268,722 313,725 358,725 402,725 447,725 492,728 516,728"/>
                <TextEquiv>
                    <Unicode>Bass.</Unicode>
                </TextEquiv>
            </TextLine>
            <TextLine id="tr_1_tl_5" custom="readingOrder {index:4;}">
                <Coords points="748,904 3110,879 3039,745 1175,801 748,738"/>
                <Baseline points="767,862 790,865 835,865 880,865 925,865 969,865 1014,865 1059,865 1104,862 1149,862 1193,862 1238,859 1283,859 1328,856 1372,856 1417,856 1462,856 1507,856 1551,853 1596,853 1641,853 1686,853 1731,853 1775,853 1820,853 1865,853 1910,850 1954,850 1999,850 2044,850 2089,847 2133,847 2178,844 2223,844 2268,844 2313,844 2357,844 2402,844 2447,844 2492,841 2536,841 2581,841 2626,841 2671,838 2715,835 2760,832 2805,832 2850,832 2895,829 2939,829 2984,826 3029,826 3074,823 3118,829"/>
                <TextEquiv>
                    <Unicode>etnem Menschen halten, der einem auf offener Stras¬</Unicode>
                </TextEquiv>
            </TextLine>
            <TextLine id="tr_1_tl_6" custom="readingOrder {index:5;}">
                <Coords points="713,1034 2570,1066 3008,939 2231,861 1151,978 717,904"/>
                <Baseline points="734,1017 772,1017 817,1017 862,1017 907,1017 952,1014 996,1014 1041,1014 1086,1014 1131,1011 1175,1011 1220,1008 1265,1008 1310,1008 1354,1011 1399,1008 1444,1005 1489,1005 1534,1002 1578,1005 1623,1002 1668,1002 1713,1002 1757,1002 1802,1002 1847,1002 1892,1002 1936,999 1981,999 2026,999 2071,996 2116,993 2160,996 2205,993 2250,993 2295,993 2339,990 2384,990 2429,990 2474,993 2518,990 2563,990 2608,987 2653,987 2698,987 2742,987 2787,984 2832,984 2877,981 2921,978 2966,978 3011,972"/>
                <TextEquiv>
                    <Unicode>se adieu— Ich bitte Sie übrigens nicht zu trompe¬</Unicode>
                </TextEquiv>
            </TextLine>
            <TextLine id="tr_1_tl_7" custom="readingOrder {index:6;}">
                <Coords points="717,1228 1779,1197 1903,1257 2079,1168 2206,1207 2210,1101 2044,1041 1920,1098 1631,1020 1172,1123 720,1063"/>
                <Baseline points="737,1163 743,1163 787,1166 832,1166 877,1169 922,1166 966,1166 1011,1163 1056,1163 1101,1163 1146,1163 1190,1163 1235,1160 1280,1158 1325,1158 1369,1155 1414,1155 1459,1155 1504,1155 1548,1155 1593,1152 1638,1152 1683,1152 1728,1152 1772,1152 1817,1155 1862,1152 1907,1152 1951,1152 1996,1149 2041,1149 2086,1149 2130,1146 2175,1149 2220,1152"/>
                <TextEquiv>
                    <Unicode>ten, wenn ich mit Ihnen spreche.</Unicode>
                </TextEquiv>
            </TextLine>
        </TextRegion>
        <TextRegion id="tr_2" custom="readingOrder {index:1;}">
            <Coords points="268,1236 3118,1236 3118,2711 268,2711"/>
            <TextLine id="tr_2_tl_1" custom="readingOrder {index:0;}">
                <Coords points="625,1391 2069,1394 2245,1320 2559,1387 2902,1338 2905,1158 1970,1253 628,1225"/>
                <Baseline points="644,1322 671,1322 716,1319 761,1319 805,1319 850,1319 895,1319 940,1319 984,1316 1029,1316 1074,1316 1119,1313 1163,1313 1208,1313 1253,1310 1298,1310 1343,1310 1387,1307 1432,1307 1477,1307 1522,1307 1566,1304 1611,1304 1656,1304 1701,1304 1745,1301 1790,1304 1835,1301 1880,1301 1925,1301 1969,1301 2014,1301 2059,1301 2104,1301 2148,1301 2193,1301 2238,1301 2283,1301 2327,1298 2372,1295 2417,1295 2462,1292 2507,1292 2551,1289 2596,1289 2641,1289 2686,1289 2730,1289 2775,1286 2820,1286 2865,1286 2909,1286"/>
                <TextEquiv>
                    <Unicode>Ich trompete mich über alles hinweg, das Geschei-</Unicode>
                </TextEquiv>
            </TextLine>
            <TextLine id="tr_2_tl_2" custom="readingOrder {index:1;}">
                <Coords points="251,1398 300,1419 328,1394 381,1423 452,1412 501,1380 558,1423 582,1419 582,1253 533,1243 494,1267 441,1236 424,1250 385,1236 325,1250 251,1218"/>
                <Baseline points="271,1328 316,1325 361,1325 405,1322 450,1322 495,1322 540,1322 584,1325 593,1328"/>
                <TextEquiv>
                    <Unicode>Blaser</Unicode>
                </TextEquiv>
            </TextLine>
            <TextLine id="tr_2_tl_3" custom="readingOrder {index:2;}">
                <Coords points="720,1511 858,1557 928,1514 1006,1546 1094,1493 1377,1521 1536,1461 1804,1497 1804,1391 1296,1408 1225,1356 1133,1408 720,1401"/>
                <Baseline points="740,1471 781,1468 826,1471 871,1468 916,1468 961,1471 1005,1468 1050,1465 1095,1465 1140,1465 1184,1465 1229,1462 1274,1462 1319,1462 1363,1462 1408,1462 1453,1462 1498,1459 1543,1459 1587,1459 1632,1456 1677,1456 1722,1456 1766,1459 1811,1456"/>
                <TextEquiv>
                    <Unicode>teste was man tun kann.</Unicode>
                </TextEquiv>
            </TextLine>
            <TextLine id="tr_2_tl_4" custom="readingOrder {index:3;}">
                <Coords points="671,1694 2316,1603 2708,1663 3103,1603 3106,1451 2662,1536 2040,1476 1754,1539 1574,1461 1447,1543 671,1532"/>
                <Baseline points="689,1620 695,1623 740,1620 784,1620 829,1620 874,1620 919,1620 964,1617 1008,1617 1053,1617 1098,1617 1143,1614 1187,1614 1232,1614 1277,1617 1322,1614 1366,1614 1411,1614 1456,1614 1501,1614 1545,1611 1590,1608 1635,1608 1680,1608 1725,1608 1769,1608 1814,1608 1859,1605 1904,1605 1948,1605 1993,1602 2038,1602 2083,1602 2127,1602 2172,1602 2217,1602 2262,1602 2307,1599 2351,1599 2396,1596 2441,1596 2486,1593 2530,1593 2575,1593 2620,1593 2665,1593 2709,1593 2754,1590 2799,1590 2844,1590 2889,1590 2933,1587 2978,1584 3023,1584 3068,1584 3112,1590"/>
                <TextEquiv>
                    <Unicode>Trösten Sie sich. Eusebtus Mücke. Ich werde Sie ander</Unicode>
                </TextEquiv>
            </TextLine>
            <TextLine id="tr_2_tl_5" custom="readingOrder {index:4;}">
                <Coords points="247,1733 321,1733 335,1719 392,1733 438,1709 473,1733 519,1719 597,1730 597,1564 530,1539 498,1557 406,1497 332,1546 247,1567"/>
                <Baseline points="268,1629 313,1626 358,1626 402,1629 447,1626 492,1629 537,1626 581,1626 602,1629"/>
                <TextEquiv>
                    <Unicode>Musenh.</Unicode>
                </TextEquiv>
            </TextLine>
            <TextLine id="tr_2_tl_6" custom="readingOrder {index:5;}">
                <Coords points="766,1804 1924,1765 2503,1853 2909,1747 3110,1804 3113,1649 770,1694"/>
                <Baseline points="784,1778 787,1775 832,1775 877,1772 922,1772 966,1775 1011,1772 1056,1772 1101,1772 1146,1769 1190,1769 1235,1769 1280,1769 1325,1769 1369,1769 1414,1769 1459,1766 1504,1766 1548,1763 1593,1763 1638,1760 1683,1760 1728,1760 1772,1760 1817,1757 1862,1757 1907,1757 1951,1757 1996,1754 2041,1754 2086,1757 2130,1754 2175,1754 2220,1754 2265,1754 2310,1754 2354,1754 2399,1751 2444,1751 2489,1751 2533,1751 2578,1748 2623,1748 2668,1748 2712,1748 2757,1745 2802,1745 2847,1742 2892,1745 2936,1742 2981,1742 3026,1739 3071,1737 3115,1737"/>
                <TextEquiv>
                    <Unicode>weitg versorgen. Sie sind ein hoffnungsvoller Föten</Unicode>
                </TextEquiv>
            </TextLine>
            <TextLine id="tr_2_tl_7" custom="readingOrder {index:6;}">
                <Coords points="720,1966 1423,1927 1673,1998 2005,1920 2312,2040 2718,1913 3085,2005 3110,1818 724,1836"/>
                <Baseline points="743,1931 746,1931 790,1928 835,1928 880,1925 925,1925 969,1922 1014,1919 1059,1922 1104,1922 1149,1922 1193,1919 1238,1919 1283,1919 1328,1919 1372,1916 1417,1916 1462,1916 1507,1916 1551,1916 1596,1916 1641,1916 1686,1913 1731,1913 1775,1910 1820,1910 1865,1910 1910,1910 1954,1910 1999,1910 2044,1910 2089,1910 2133,1910 2178,1907 2223,1907 2268,1907 2313,1904 2357,1904 2402,1904 2447,1904 2492,1904 2536,1904 2581,1901 2626,1901 2671,1901 2715,1898 2760,1898 2805,1898 2850,1898 2895,1898 2939,1898 2984,1898 3029,1895 3074,1895 3118,1892"/>
                <TextEquiv>
                    <Unicode>virtuose und werden Ihren Weg machen, verlassen Sie</Unicode>
                </TextEquiv>
            </TextLine>
            <TextLine id="tr_2_tl_8" custom="readingOrder {index:7;}">
                <Coords points="762,2118 921,2139 967,2118 1013,2139 1038,2114 1098,2146 1190,2107 1221,2129 1250,2111 1327,2122 1331,1973 1221,1973 1186,1949 1133,1980 1105,1966 1034,1987 995,1963 907,2005 766,2002"/>
                <Baseline points="784,2077 829,2077 874,2074 919,2074 964,2074 1008,2071 1053,2071 1098,2071 1143,2071 1187,2071 1232,2071 1277,2074 1322,2080 1340,2080"/>
                <TextEquiv>
                    <Unicode>sich darauf.</Unicode>
                </TextEquiv>
            </TextLine>
            <TextLine id="tr_2_tl_9" custom="readingOrder {index:8;}">
                <Coords points="265,2167 332,2164 395,2189 434,2185 480,2157 586,2174 593,1963 561,1952 498,1980 413,1966 332,1927 272,1934"/>
                <Baseline points="283,2148 328,2145 373,2142 417,2139 462,2139 507,2139 552,2133 596,2136"/>
                <TextEquiv>
                    <Unicode>28.III.79</Unicode>
                </TextEquiv>
            </TextLine>
            <TextLine id="tr_2_tl_10" custom="readingOrder {index:9;}">
                <Coords points="692,2291 2651,2252 3061,2217 3061,2125 692,2143"/>
                <Baseline points="713,2241 740,2238 784,2232 829,2229 874,2229 919,2226 964,2226 1008,2226 1053,2226 1098,2226 1143,2223 1187,2223 1232,2223 1277,2223 1322,2223 1366,2223 1411,2220 1456,2220 1501,2220 1545,2217 1590,2217 1635,2214 1680,2214 1725,2214 1769,2214 1814,2214 1859,2214 1904,2214 1948,2211 1993,2211 2038,2211 2083,2211 2127,2208 2172,2208 2217,2208 2262,2205 2307,2205 2351,2205 2396,2205 2441,2205 2486,2205 2530,2205 2575,2202 2620,2202 2665,2202 2709,2202 2754,2202 2799,2202 2844,2202 2889,2202 2933,2199 2978,2199 3023,2199 3068,2199"/>
                <TextEquiv>
                    <Unicode>gibt ausser Herrn Norbert noch andre Künstler, Gott</Unicode>
                </TextEquiv>
            </TextLine>
            <TextLine id="tr_2_tl_11" custom="readingOrder {index:10;}">
                <Coords points="254,2316 325,2333 388,2302 477,2323 515,2294 558,2287 657,2326 660,2171 540,2164 484,2189 434,2178 399,2189 311,2167 258,2182"/>
                <Baseline points="277,2238 322,2235 367,2238 411,2238 456,2235 501,2235 546,2235 590,2235 635,2232 665,2238"/>
                <TextEquiv>
                    <Unicode>Bass. Es</Unicode>
                </TextEquiv>
            </TextLine>
            <TextLine id="tr_2_tl_12" custom="readingOrder {index:11;}">
                <Coords points="727,2429 2845,2415 2965,2379 2969,2277 731,2302"/>
                <Baseline points="746,2387 781,2387 826,2384 871,2384 916,2384 961,2384 1005,2381 1050,2381 1095,2381 1140,2381 1184,2381 1229,2378 1274,2378 1319,2378 1363,2378 1408,2378 1453,2378 1498,2378 1543,2378 1587,2375 1632,2375 1677,2375 1722,2372 1766,2372 1811,2372 1856,2372 1901,2372 1945,2369 1990,2369 2035,2369 2080,2369 2124,2369 2169,2366 2214,2366 2259,2363 2304,2366 2348,2363 2393,2363 2438,2363 2483,2360 2527,2360 2572,2360 2617,2360 2662,2357 2706,2357 2751,2357 2796,2357 2841,2357 2886,2357 2930,2357 2975,2357"/>
                <TextEquiv>
                    <Unicode>sei Dank. Wollen Sie in meinem Konzert mitwirken?</Unicode>
                </TextEquiv>
            </TextLine>
            <TextLine id="tr_2_tl_13" custom="readingOrder {index:12;}">
                <Coords points="512,2489 533,2489 565,2460 575,2464 593,2446 607,2453 639,2443 650,2453 667,2453 671,2362 650,2365 646,2355 625,2372 614,2372 604,2365 586,2369 572,2355 551,2365 537,2351 519,2351"/>
                <Baseline points="534,2426 546,2426 590,2423 635,2420 680,2420"/>
                <TextEquiv>
                    <Unicode>G.C.H.F.P.</Unicode>
                </TextEquiv>
            </TextLine>
            <TextLine id="tr_2_tl_14" custom="readingOrder {index:13;}">
                <Coords points="254,2577 498,2633 717,2563 1709,2595 1687,2450 1048,2489 865,2439 762,2499 650,2439 540,2485 254,2446"/>
                <Baseline points="274,2551 283,2548 328,2545 373,2545 417,2545 462,2545 507,2542 552,2542 596,2542 641,2542 686,2545 731,2542 775,2539 820,2539 865,2536 910,2536 955,2536 999,2536 1044,2533 1089,2533 1134,2533 1178,2533 1223,2530 1268,2530 1313,2530 1357,2527 1402,2527 1447,2527 1492,2527 1537,2527 1581,2524 1626,2524 1671,2521 1716,2518"/>
                <TextEquiv>
                    <Unicode>Mücke. Oh, Herr Bass-Sie sind¬</Unicode>
                </TextEquiv>
            </TextLine>
            <TextLine id="tr_2_tl_15" custom="readingOrder {index:14;}">
                <Coords points="254,2732 3000,2679 2750,2549 2365,2633 258,2605"/>
                <Baseline points="274,2701 280,2701 325,2698 370,2698 414,2695 459,2698 504,2698 549,2695 593,2698 638,2701 683,2698 728,2692 772,2692 817,2689 862,2689 907,2689 952,2689 996,2686 1041,2686 1086,2686 1131,2683 1175,2683 1220,2680 1265,2680 1310,2680 1354,2680 1399,2680 1444,2680 1489,2680 1534,2677 1578,2677 1623,2677 1668,2674 1713,2674 1757,2671 1802,2671 1847,2671 1892,2671 1936,2668 1981,2668 2026,2668 2071,2668 2116,2668 2160,2668 2205,2668 2250,2668 2295,2668 2339,2668 2384,2668 2429,2668 2474,2665 2518,2662 2563,2662 2608,2662 2653,2659 2698,2659 2742,2659 2787,2659 2832,2656 2877,2656 2921,2656 2966,2659 3011,2659"/>
                <TextEquiv>
                    <Unicode>Musenh. Objektiv geurteilt wär es doch gut, lieber Mücke,</Unicode>
                </TextEquiv>
            </TextLine>
        </TextRegion>
        <TextRegion id="tr_3" custom="readingOrder {index:2;}">
            <Coords points="277,2764 3109,2764 3109,3618 277,3618"/>
            <TextLine id="tr_3_tl_1" custom="readingOrder {index:0;}">
                <Coords points="724,2905 2185,2824 2739,2873 2912,2838 2916,2729 724,2792"/>
                <Baseline points="743,2841 772,2847 817,2847 862,2847 907,2844 952,2844 996,2844 1041,2841 1086,2841 1131,2838 1175,2838 1220,2838 1265,2841 1310,2841 1354,2838 1399,2838 1444,2835 1489,2835 1534,2835 1578,2832 1623,2832 1668,2832 1713,2832 1757,2829 1802,2829 1847,2826 1892,2826 1936,2826 1981,2826 2026,2823 2071,2823 2116,2823 2160,2823 2205,2823 2250,2823 2295,2826 2339,2823 2384,2823 2429,2823 2474,2823 2518,2823 2563,2820 2608,2817 2653,2820 2698,2820 2742,2817 2787,2814 2832,2814 2877,2817 2921,2817"/>
                <TextEquiv>
                    <Unicode>wenn Norbert gewissermassen das Relief bildete.</Unicode>
                </TextEquiv>
            </TextLine>
            <TextLine id="tr_3_tl_2" custom="readingOrder {index:1;}">
                <Coords points="512,2895 551,2895 572,2916 590,2916 600,2905 611,2919 650,2923 660,2760 639,2760 628,2771 614,2764 593,2771 590,2764 565,2768 551,2753 522,2753"/>
                <Baseline points="531,2886 567,2886 611,2880 656,2880"/>
                <TextEquiv>
                    <Unicode>G.H.F.</Unicode>
                </TextEquiv>
            </TextLine>
            <TextLine id="tr_3_tl_3" custom="readingOrder {index:2;}">
                <Coords points="258,3032 406,3092 2789,2983 2789,2895 2436,2859 261,2930"/>
                <Baseline points="277,3005 289,3005 334,3002 379,3002 423,3002 468,3005 513,3005 558,3008 602,3005 647,3002 692,2996 737,2999 781,2996 826,2996 871,2996 916,2993 961,2993 1005,2993 1050,2993 1095,2990 1140,2990 1184,2990 1229,2987 1274,2987 1319,2987 1363,2987 1408,2987 1453,2987 1498,2984 1543,2984 1587,2984 1632,2984 1677,2981 1722,2981 1766,2981 1811,2981 1856,2978 1901,2978 1945,2978 1990,2978 2035,2978 2080,2975 2124,2975 2169,2975 2214,2975 2259,2972 2304,2972 2348,2969 2393,2969 2438,2969 2483,2966 2527,2966 2572,2966 2617,2966 2662,2966 2706,2963 2751,2963 2796,2963"/>
                <TextEquiv>
                    <Unicode>Bass. Bin th etwa nicht genug Reltef, Herr Musenhain!</Unicode>
                </TextEquiv>
            </TextLine>
            <TextLine id="tr_3_tl_4" custom="readingOrder {index:3;}">
                <Coords points="268,3216 2768,3166 2930,3135 2933,3032 268,3075"/>
                <Baseline points="286,3163 295,3160 340,3157 385,3157 429,3157 474,3157 519,3157 564,3157 608,3157 653,3154 698,3151 743,3151 787,3148 832,3148 877,3148 922,3145 966,3145 1011,3145 1056,3142 1101,3142 1146,3142 1190,3139 1235,3139 1280,3139 1325,3139 1369,3139 1414,3139 1459,3136 1504,3139 1548,3139 1593,3136 1638,3139 1683,3136 1728,3136 1772,3136 1817,3136 1862,3133 1907,3133 1951,3133 1996,3133 2041,3133 2086,3133 2130,3130 2175,3130 2220,3130 2265,3127 2310,3124 2354,3124 2399,3124 2444,3124 2489,3121 2533,3124 2578,3121 2623,3118 2668,3118 2712,3121 2757,3118 2802,3118 2847,3118 2892,3118 2936,3115"/>
                <TextEquiv>
                    <Unicode>Blaser. Uebrigens bleib ich dabei, ich sympathistere mit</Unicode>
                </TextEquiv>
            </TextLine>
            <TextLine id="tr_3_tl_5" custom="readingOrder {index:4;}">
                <Coords points="713,3357 1899,3357 2358,3279 2672,3346 2958,3311 2962,3195 717,3216"/>
                <Baseline points="731,3297 775,3297 820,3297 865,3297 910,3297 955,3297 999,3294 1044,3294 1089,3291 1134,3291 1178,3291 1223,3291 1268,3288 1313,3288 1357,3288 1402,3288 1447,3288 1492,3288 1537,3288 1581,3288 1626,3288 1671,3285 1716,3285 1760,3285 1805,3283 1850,3283 1895,3283 1939,3283 1984,3280 2029,3280 2074,3280 2119,3280 2163,3280 2208,3277 2253,3277 2298,3277 2342,3277 2387,3277 2432,3277 2477,3277 2521,3274 2566,3271 2611,3271 2656,3271 2701,3271 2745,3268 2790,3268 2835,3268 2880,3268 2924,3271 2969,3271"/>
                <TextEquiv>
                    <Unicode>Amandus Norbert.Er ist Künstler durch und durch.</Unicode>
                </TextEquiv>
            </TextLine>
            <TextLine id="tr_3_tl_6" custom="readingOrder {index:5;}">
                <Coords points="268,3523 3099,3477 3103,3318 268,3382"/>
                <Baseline points="286,3462 289,3459 334,3459 379,3459 423,3456 468,3459 513,3462 558,3459 602,3456 647,3450 692,3453 737,3450 781,3450 826,3450 871,3450 916,3450 961,3447 1005,3447 1050,3447 1095,3447 1140,3447 1184,3444 1229,3444 1274,3444 1319,3444 1363,3441 1408,3441 1453,3441 1498,3441 1543,3441 1587,3438 1632,3438 1677,3435 1722,3435 1766,3435 1811,3435 1856,3435 1901,3432 1945,3432 1990,3429 2035,3432 2080,3429 2124,3429 2169,3429 2214,3426 2259,3426 2304,3423 2348,3426 2393,3423 2438,3423 2483,3423 2527,3423 2572,3423 2617,3423 2662,3423 2706,3423 2751,3420 2796,3423 2841,3423 2886,3420 2930,3420 2975,3420 3020,3420 3065,3420 3109,3420"/>
                <TextEquiv>
                    <Unicode>Bass. Und Sie wollen vielleicht sein Benehmen rechtfertigen!</Unicode>
                </TextEquiv>
            </TextLine>
            <TextLine id="tr_3_tl_7" custom="readingOrder {index:6;}">
                <Coords points="265,3664 2888,3632 3039,3505 265,3523"/>
                <Baseline points="283,3608 316,3608 361,3608 405,3608 450,3608 495,3608 540,3608 584,3608 629,3605 674,3605 719,3605 764,3602 808,3602 853,3602 898,3602 943,3599 987,3599 1032,3599 1077,3599 1122,3599 1166,3602 1211,3599 1256,3599 1301,3599 1346,3599 1390,3593 1435,3593 1480,3593 1525,3590 1569,3590 1614,3590 1659,3590 1704,3590 1748,3590 1793,3590 1838,3590 1883,3590 1928,3590 1972,3587 2017,3587 2062,3584 2107,3584 2151,3584 2196,3581 2241,3581 2286,3584 2330,3581 2375,3581 2420,3581 2465,3581 2510,3581 2554,3578 2599,3578 2644,3575 2689,3575 2733,3575 2778,3575 2823,3575 2868,3575 2912,3575 2957,3575 3002,3572 3047,3575"/>
                <TextEquiv>
                    <Unicode>Mücke.. Ganz richtig, Herr Bass; Sie wollen dieses Benehmen</Unicode>
                </TextEquiv>
            </TextLine>
        </TextRegion>
    </Page>
</PcGts>
