3352 4056
2893 184 3020 401 84
691 409 1331 665 Ihnen, Gräfin
231 597 2401 777 Faustina Sie sollen sich diesmal getrrt haben
651 705 2307 890 Wie, Faustina, Du wolltest wirklich.
221 745 615 929 Manuela.
231 864 2915 1052 Faustina. Wohne Du in meinen Sälen, bis ich wieder zurück¬
694 998 3121 1201 komme.Nimm den Platz ein, Manuela, der mir bis jetzt
745 1183 2437 1356 gehörte. Ich rüste zu meiner Abreise.
235 1313 1530 1559 Alb.. und Manuela. Faustina.
231 1472 3132 1678 Alb. Sie wollten allein- Ich kanns nicht glauben. Sie tretben
709 1624 3081 1826 mit uns allen Scherz-Morgen sind Sie wieder zurück.
250 1768 2965 1964 Faustina. Glauben Sie? So scheiden wir denn wenigstens mit
756 1964 2857 2126 einer frohen Hoffnung.Leben Sie wohl, Albinus.
575 2054 3052 2271 Ich will nicht länger den Zudringlichen spielen.Leben
239 2043 466 2318 Alb.
756 2257 3077 2412 Sie wohl, Gräfin. Ich muss es Ihnen offen gestehen,
730 2383 2401 2564 dass ich mich etwas beklommen fühle.
253 2546 1917 2785 Faustina. Grüssen Sie mir die Welt.
246 2738 2372 2893 Alb. Und wenn man fragt, wohin Ihr Weg geht?
264 2868 3012 3048 Faustina. Nun, so antworten Sie: Vielleicht in ein Kloster.
257 3020 1689 3226 Albtnus und Manuelaa. Kloster!
253 3117 3023 3410 Alb. Nein, Gräfin, Sie spielen Komödte- ich sehs ganz klar.
738 3265 2846 3482 es kommt alles auf eine Ueberraschung heraus,
745 3472 2246 3681 Ich scheide getröstet von Ihnen.
