3400 4104
2933 254 3056 456 97
775 374 1938 614 sind auf Erden geblieben.
316 576 2243 796 Faustina, So suchen wir neue Veränderung
309 717 3063 957 Benediot. Ja neue Veränderung und dann wieder etne neue und
765 875 3056 1074 noch eine neue und so fort bis auch dieses ewige
713 1012 3018 1255 Haschen nach Veränderung uns so lästig wird, dass
734 1180 3029 1410 wir Ruße suchen. Und die Ruhe ist doch am schnell
779 1290 3080 1533 sten langweilig geworden— Und nun wirds wieder un¬
796 1471 3073 1677 ruhig in uns, und die Geschichte fängt wieder von
789 1640 3084 1852 vom an. Faustina, ich habe noch mit keinem Wesen
799 1760 3121 2017 in dieser Weise gesprochen wie mit Ihnen-mit Ihnens
847 1921 3132 2140 einem Wetbl Wenn eine andre Ihres Geschlechts von
840 2082 3132 2284 solch unbestimmter Sehnsucht gequält war, so fand
806 2185 2950 2442 diese Sehnsicht bald in der Liebe ihr Ziel.Ein
813 2401 3166 2590 teurer Geliebter umarmte sie und sie war glücklich.
796 2528 3104 2758 Haben Sie je so innig geliebt, Faustina, dass Sie
772 2675 3039 2909 sich ganz glücklich fühlten, ganz ruhevoll selig?
813 2826 3080 3073 Oder ist es Ihnen stets gegangen wie mir, der tm-
816 2984 3053 3217 mer nur kurze Tett ein Weib liebte und da so ver
851 3132 3066 3358 zehrend aufgeregt, dass die Flamme sich in sich
820 3276 2720 3492 selbst verzehrte und bald verloschen war.
823 3481 2631 3684 Ich glaube, wir sind auch darin gleich.
364 3495 758 3670 Faustina
