3384 4056
2948 231 3087 399 79
740 384 3172 616 fühig, die Herrscherin in den höchsten Schichten de
705 552 3090 773 Gesellschaft zu sein, thren stolzen Platz verschmäht
748 691 2962 897 und das Retch verlässt, wo sie regteren könnte?
708 851 3140 1061 Ich muss gestehen, Gräfin, dass ich mich zu sehr für
776 993 3193 1193 einen Weltmann halte, um glauben zu können, dass ich
762 1161 1897 1381 mich hierin getrrt habe.
826 1307 3161 1502 immer ganz ruhig und lächeind) Ich kann über Ihre
303 1346 716 1527 Faustina
762 1460 3047 1655 Meinung mit Ihnen nicht rechten; die nächsten Ta¬
787 1591 3065 1812 ge werden es ja übrigens entscheiden, ob Ihre An¬
787 1787 1912 1962 sicht die richtige war.-
819 1876 3129 2111 Ja, ja, die nächsten Tage und dte- oh ich will es
317 1962 783 2150 Alb. Luft
794 2065 3186 2253 ntoht läugnen,vielleicht zu Ihren Gunsten —doch das
349 2161 723 2360 Dans V. A.
790 2186 3147 2389 werden nur die nächsten Tage sein-die Zeit, die da
417 2350 2684 2592 rauf folgt, wird wohl anders entscheiden.
338 2563 1392 2731 Faustina, Glauben Sie!
335 2681 1531 2898 Alb. Luft. Ja ich glaube.
335 2841 2998 3037 Manuela. Mit welcher Sicherheit Sie das aussprechen, Herr
801 3012 1089 3179 Luft!
349 3094 3208 3325 Albl Luft. Denken Sie nur, Gräfin, das Fräulein Manuela käme
879 3268 3026 3489 in einigen Wochen zu Ihnen und erzählte Ihnens,
833 3410 3119 3667 der Einstedlerin, von den Dingen, die sich in der
