3432 4104
2822 191 2954 452 42
685 334 3016 771 wahr zugetan, erträgt dies alles anfangs ruhig und
712 598 2954 910 geduldig, bisste endlich, thren teuern Raphael,
719 764 3155 1063 der ihr durch sein seltsames Betragen von Tag zu Tag
716 928 3020 1244 weniger teuer ward, unerträglich fand und den Ent-
754 1157 2662 1390 schluss fasst sich von ihm loszureissen.
740 1230 2929 1519 Plötzlich bemerkt er, dass Ambr. Feuer herein-
737 1411 3009 1678 kommt, nimmt schnell die Zeitung in die Hand und
702 1644 1929 1831 sagt letzte ) Lies Zettung.
796 1710 3016 1908 wendet sich, da er Ambr. nicht sehen kann) Wie?
327 1710 688 1946 Raphael
778 1873 3030 2130 ( als läse er Zeitung) Sie lässt sich daher von
334 1977 740 2179 Leonhard
730 1977 3061 2221 den andern Männern, die sich xxx sie interessieren,
775 2158 3096 2405 den Hof machen, tut freundlich mit Leuten, die sie
681 2300 2957 2599 verfrüher gar nicht beachtet hatte und war endlich
789 2446 2850 2672 nahe daran, den Einstgeliebten zu vergessen.
365 2669 2040 2829 Ambr Herr Friede — ( tritt nüber )
758 2777 3187 2978 Ah, steh dax,Ich lese da in der Zeitung einen Roman,
372 2895 692 3100 Leonh.
764 2936 3107 3218 der mich im höchsten Grade aufregt-ich glaube gar,
813 3079 3034 3360 dass ich-nicht wahr Herr Feuern, habe ich laut
817 3312 1289 3513 gelesen.A
389 3256 3190 3694 Ambr. Ah, das ist die "Heimat ". ( als fiele ihm plötzlich
