3400 4152
2762 293 2925 474 149
753 351 3034 688 Sie seit ein paar Tagen nennt? Man sagt, Sie sein
710 547 3113 836 Ihr eigener Doppelgänger. Aber da Sie nun einmal ein
778 720 3102 967 Lebemann sind, so kommen Sie gleich mit uns, und
290 901 2165 1140 Der Enthuslast. Hier bin ich, Herr Luft.
2262 872 2411 1057 G.C.F.F:P:H:F:H4
293 1006 2889 1234 Alb. Ah, lieber Freund- S###erlauben, Herr. Zotter. Herr
713 1249 1115 1397 Romuald-
308 1318 3182 1578 Entustast. Was sagen Sie, Herr Romuald. Ich das nicht herrlich
778 1506 2545 1734 gewesen? Ich habe so etwas nie gehört!
326 1665 3012 1875 Macartus und Genovefa (rennen eben vorüber und begegnen
825 1799 3157 2005 dem eben hereintretenden, sehr verdutzt aussehenden
778 1991 1557 2197 Eusebtus Milcke)
326 2172 1003 2339 Mücke. Pardon.
329 2259 3240 2465 Macarius. Ich bitte, mein Herr, können Sie mir vielleicht sagen
822 2404 3052 2639 ob es schon zehn Uhr ist, meine Uhr tst stehn ge¬
764 2606 1166 2755 blteben.
344 2715 1900 2954 Mücke. Es ist gleich viertel elf.
344 2907 1350 3077 Macarius. Oh, oh, oh!
348 3034 2704 3225 Romuald, Albinus und der Enthusiast gehen eben weg.
355 3204 1408 3399 Romuald. Herr Rastlos
358 3309 2635 3519 Macartus. Denken Sie- wir haben den Zug versäumt!
355 3464 2147 3645 Romuald. Wie, Sie wollen schon wieder?
366 3656 2016 3863 Macartus. Ein Ausflug nach Italien.
