3352 4088
2762 271 2939 469 129.
254 459 1553 653 Amand. Faustina entscheide,
247 611 1202 820 Benedict. Faustina -
247 712 3036 931 Faustina. Meinst Du Amandus? Und glaubst Du, dass Du Dich so
743 872 2980 1091 weniger dem Zufall anvertraust, als wenn Du wür¬
719 1087 1035 1261 fels t?
611 1171 2386 1400 Ich glaube, dass Faustina lieben kann.
250 1209 577 1445 Amand.
712 1369 1980 1535 Faustinens Liebe ist Laune.
264 1396 677 1591 Benedtet.
705 1532 2897 1692 Würfelt liebr! ich bitte Euch darum— Aber nicht
254 1549 684 1758 Faustina.
719 1681 3015 1865 um Euer Leben. Nur um meine Liebe. Die Würfel kön-
702 1806 2439 2008 nen nicht so Jaunenhaft sein als ich!
723 1959 2025 2140 Wirf die Maske ab, Faustina.
257 1980 684 2150 Benedtot
723 2126 2932 2282 O Gott, Gott! Warum lebt der Mensch nur einmal.
264 2150 688 2303 Faustina.
712 2265 3088 2400 Wüsste ich, dass ich noch einmal und wieder und wie
726 2393 2960 2619 der zur Welt käme, ich brauchte mich nicht so zu
729 2588 1077 2730 quälen.
632 2661 3078 2897 Weib, Weib, mit jedem Blick aus Detnen dunkeln Augen,
254 2744 566 2911 Amand.
719 2838 3099 3040 mit jedem Wort, das über Deine Lippen flieht, wirst
705 3012 2991 3224 Du rätselhafter und je Tätselhafter Du mir wirst,
726 3182 2220 3342 desto mehr muss ich Dich lieben!
709 3286 2946 3505 . Glaubt ihr, Benedict, dass es Augenblicke gibt,
257 3317 663 3512 Faustina.
726 3488 3106 3689 wo durchs menschliche Herz, das schwankend ist, wie
