3352 4152
2749 310 2916 513 133
221 481 2909 681 Mücke. Ich heisse Eusebtus Müche und kenne Sie noch nicht,
684 660 2150 841 Ich bin ein Künstler- Hahahaha-
228 763 3091 1055 Benedict. Ists Euch recht, so lass ich einen Tisch herbringen,
681 955 3073 1141 um den wir uns alle Freunde N nachbarlich zusammen¬
752 1055 2520 1269 setzen und da wollen wir lustig sein.-
239 1237 3045 1465 Leander Musenhain ( kommt) Wenn ich nicht störe, meine Herr-
709 1437 1155 1601 schaften-
228 1544 2089 1786 Mücke (umarmt ihn) Mein Freund!
242 1668 2991 1939 Et! Auch Sie hier? - Ich wollte nur fragen., ob
713 1857 3023 2039 es den Herrschaften bekannt ist, in welchen Appar¬
717 2011 2916 2221 tements ich den grossen Amandus Norbert finden
720 2182 988 2346 kann?
253 2303 1640 2492 Mücke Von wegen des Konzerts?
692 2421 2966 2624 Ich bin unermüdl ich, wie ich wohl sagen darf, und
257 2499 617 2684 Musenh.
738 2606 1936 2784 scheue nichts, gar nichis¬
267 2702 2948 2920 Mücke Hier kommt der grosse Mann an der Seite einer dicht¬
742 2916 3048 3102 verschleierten, unbekannten Dame. Wie interessant!
731 3009 3066 3258 Sie plaudern, als wären sie verliebt! Wie zärtlich
731 3201 1052 3383 Et et.
706 3333 2945 3540 Ich scheue nichts, wenn es darauf ankommt-- Herr
282 3358 638 3554 Musenh.
738 3515 1169 3733 Norbert—
