3352 4056
2965 177 3106 394 83
257 372 3135 604 Faustina. Ach so I Sie meinen, die Einsamheit wird sie mutiger
723 503 3106 749 machen-toh werde mehr Musse haben sie anzuhören, ich
723 662 3023 897 werde weniger kalt ihre Wünsche vernehmen, da die
777 832 3168 1049 Wünsche selbst feurig und verwegen gestellt werden
752 929 2871 1132 gerade heraus, das ist meine Meinung, Gräfin.
264 1045 691 1183 Alb. Ja
278 1034 3038 1331 Faustina ( trontsch) Wahrhaftig. Sie haben mich auf die Ge¬
752 1258 3074 1501 fahren aufmerksam gemacht, die mir in dieser Stadt
749 1392 3085 1696 drohen. Um sie zu meiden, will ich die Residenz ver
788 1635 1161 1815 lassen.
293 1765 1070 1920 Alb. Faustina!
293 1801 3135 2090 Faustina. Sie selbst, Albinus sinds, der an metnem Entschluss
864 2087 1671 2264 die Schuld trägt.
300 2079 3204 2369 Alb.. Ich flehe Sie im Namen der ganzen Stadt an, bleiben Sie
767 2387 2267 2564 Gräfin, verlassen Sie uns nicht.
304 2484 3012 2763 Faustina. Zu spät, Albinus. Ich muss Ihnen Lebewohl sagen.
300 2672 1956 2875 Alb.. Aber wohin- um Himmelswillen-
311 2824 3081 3030 Faustina. Selbst wenn ichs schon wüsste, bliebe das mein Ge-
785 3009 1183 3200 heimnis.
315 3081 3070 3331 Alb. Ach, ich wusst es ja, Sie scherzen-das Ganze ist etne
709 3251 3208 3482 Ihrer Caunen-gestern Abend waren Sie in der Kirche und
799 3359 3048 3645 eine Stunde später tanzten Sie- das wechselt bei
