3368 4088
2776 143 2892 279 11
292 263 724 487 20.XII +
1152 282 1980 523 Fünfter Auftritt
458 471 2802 627 Die Vorigen. Kapellmeister Finke, Leonhard Friede,
688 614 1970 844 Frau Friderike Hollerstein.
256 779 2844 971 Händedrücke zwischen Manuela und Friderthe Hollerstein.
273 958 2714 1110 Finke, Leonhard, Albinus, Ambrostus.— Verbeugungen.
276 1087 2857 1328 Bar. Hollerstein. Meine liebste, teuerste Manuela, dass
698 1247 2993 1396 ich Sie endlich wieder einmal sehe. Ah, Herr Luft
708 1373 2035 1604 nun wie stets bet Warters.?
711 1535 2912 1737 Vortrefflich, Frau Baronin. Ich sprach eben von
266 1578 662 1763 A. Luft.
704 1682 2902 1925 von den kühnen Erwartungen, die ich an die Auf-
708 1850 1425 2022 führung knüpfe.
646 1967 2824 2204 Es ham mir heute eine Einladung zu. Man bittet
276 1974 581 2188 Finke.
701 2146 1402 2350 mich zugleich¬
276 2324 1863 2513 Luft. Sich mit Noten zu versehen —
289 2470 2853 2629 Bar. Hollerst. Natürlich- Unser vortrefflicher Klavier-
717 2584 2766 2808 spieler entzückt stets mit seinen Vorträgen.
292 2753 2899 2928 Loon. Friede. Ich benütze die Gelegenheit, hier eine an-
721 2948 3000 3090 genehme Ueberraschung unserm lieben Kapellmeister
708 3110 2785 3272 Finke vorweg zu nehmen. Ich sah heute in der
721 3211 2827 3392 Tasche seines Rockes, als er ihn draussen ab-
721 3399 1058 3542 legte--
295 3493 2886 3733 Bar. Hollerst. Noten! Natürlich Notenl Ganz aufrichtig
