3336 4056
2799 182 2905 397 55.
743 425 994 644 voll.
1076 569 1888 754 Zwetter Auftritt.
887 661 2971 949 Benediktus Rounald kommt. Amandus drückt ihm
720 915 1158 1093 die Hand.
809 1024 2991 1203 Ich folge Ihrer Einladung, mein lieber Amandus
243 1052 774 1264 Benediktus.
702 1179 1991 1384 Hier haben Sie mich wieder.
644 1295 3156 1569 Ich begann- auf mein Wort- schon wieder Sehnsucht :ach
247 1302 562 1559 Amand.
771 1504 1665 1696 Ihnen zu empfinden.
740 1600 2940 1816 Und wahrhaftig! Es sind noch wenige Stunden ver-
260 1603 689 1871 Benedikt.
733 1758 2450 2001 flossen, seit wir uns getrennt haben.
743 1919 3090 2138 Ich schlief kaum eine Stunde lang. Ich fand die Ru-
254 1939 572 2114 Amand.
730 2114 2659 2299 he nicht, die mir notwendig gewesen wäre.
785 2224 3084 2457 Wie unterhielten Sie sich gestern? Oder, um es in
267 2251 713 2460 Benedikt.
757 2409 2607 2566 ein richtigeres Wort zu kleiden, heute!
696 2539 2977 2731 Ich regte mich mehr auf, als ich mich unterhielt.
267 2587 582 2720 Amand.
785 2700 3118 2895 Sind Sie denn derartige Aufregungen nicht gewohnt?
274 2741 713 2888 Benedikt.
737 2827 3053 3046 Ein Lebemann— ein Mensch, der drei Jahre lang auf
740 2988 3090 3197 Reisen war, — und eine durchschwärmte Nacht, sollte
754 3173 2063 3375 Sie so sehr aufgeregt haben.
284 3317 2117 3491 Amand. Begreif ichs doch selbst nicht.
302 3461 3056 3649 Benedtht.Ah-toh vergass doch eines Umstades. Man Fenzt nicht
