3416 4168
2753 301 2914 511 151
690 466 2942 683 Es ist wohl Künstlerlaune, dass er sich in so ge-
599 648 2974 869 heimtsvolles Dunkel hüllt- und wer weiss, wie bald
648 823 1191 1019 wir wissen¬
193 928 2105 1191 Macartus. Haben Sie ihm nicht gratultert?
623 1061 2981 1303 das hab ich auch getan. Er ist ein Weltmann. Er tst
196 1180 595 1331 Alb. Oh,
669 1261 2942 1443 liebenswürdiger als je. Aber alles oberflächlich-
207 1387 2848 1639 Benediot. Ah, hier Ihr teurer Freund, Ambrostus Feuer.
210 1587 2984 1751 Ambr. Feuer. (zu der Dame und dem Fräulein) Bis morgen ist
658 1730 2942 1881 das vorüber. Gefühle schwinden, wie Windhauch-was
700 1849 2522 2031 ist der Mensch? Gute Nacht, meine Damen.
231 2007 1201 2238 Genovefa. Herr Feuer.
221 2182 1320 2399 Feuer- Oh - Ruft man? —
221 2294 1818 2497 Romuald. Ja wohl, hören Sie nicht?
214 2417 3030 2725 Ambr. Feuer. Ach, Sie wissen ja, meine Herrschaften, nach ei-
736 2602 1958 2791 nem Konzert bin ich immer-
249 2763 420 2883 Rom.
508 2749 1961 2970 Schwermüttg. Aber das vergeht.
238 2855 462 2977 Ambr.
221 2855 3009 3107 Der Enthustast. Der Eindruck eines solchen Konzertes ist un-
693 3058 2031 3271 auslöschlich- Dieses Spiel! -
228 3208 1464 3415 Alb. Luft. Sahen Sie dort?
245 3376 1156 3576 Genovefa. Was ists?
228 3471 3030 3702 Alb. Luft. Durch die Hintertür dort im Dunkel ist unser gros¬
704 3695 1870 3884 ser Norbert verschwunden.
