3320 4072
2738 187 2907 343 112
440 374 2710 644 Ah, also Künstler, das ist mir doppelt angenehm.
166 443 363 585 Alb.
190 505 2932 741 Mücke. Oh. zu viel Ehre, zu übel Ehre- ich beginne eben- Ich
637 661 2883 903 habe noch einen Weg vor mir-jawohl mein Herr,so
654 803 2932 1076 ist es,- doch dürfte ich Sie hiebei ersuchen, mir
661 969 2523 1218 dieses Fräulein namentlich vorzustellen?
533 1132 2984 1322 ( erstaunt) Dieses Fräulein namentlich vorzustellen,
187 1166 412 1374 Alb.
651 1291 2907 1530 Fräulein Constantia Fasanelli, Ballettänzerin an
668 1474 1274 1686 unserer Oper-
201 1571 2959 1803 Müche. Sehr erfreut, Fräulein, Ihre werte Bekanntschaft x-
208 1675 2856 1969 Alb. Aber Sie haben das Fräulein doch hierher begleitet,
675 1924 1623 2136 Sie kennen sie also.
215 1966 3004 2257 Mücke ( steht Constantia an und lacht) Haha, Fräulein, haha
689 2170 2963 2433 Wissem Sie, was ich getan habe, Herr Luft, um die
734 2333 2894 2568 Behanntschaft dieses liebenswürdigen Wesens zu
699 2499 3004 2710 erlangen? Ich sprach sie einfach an: Erlauben Sie,
689 2631 2956 2869 mein Fräulein, dass ich Ihnen für die hurze Zeit-
748 2814 2745 3015 und so wetter, was derlei Worte schon sind.
564 2921 2880 3184 So scheinen Sie also in dieser Beziehung sehr ver-
242 2994 450 3198 Alb.
720 3153 1391 3330 siert zu sein?
256 3260 2928 3499 Mücke. Nicht eben das. Es hat damit eine andre Bewandtnis.
716 3368 3025 3655 Fräulein.Constantia, auch Sie haben soeben gehört,
