3336 4088
230 387 1313 590 Faustina. Seit gestern.
230 540 2196 746 Manuela. Und wo war er in den drei Jahren?
217 673 2803 886 Faustina. Ja wer das wilsstel Ich hörte seit dieser Zeit
633 816 2886 1053 nichts von ihm. Also Du bist so gut mich zu ent¬
640 983 1180 1173 schuldigen?
213 1120 2143 1343 Manuela. Du seist in die Kirche gegangen?
213 1290 2876 1523 Faustina. Ich bin in die Kirche gegangen. Leb wohl. Manu¬
680 1460 1543 1670 ela. ( Sie geht )
1086 1620 1956 1793 Zweiter Auftritt.-
203 1773 2883 1930 Manuela (allein ) Ich weiss nicht wie mir ist! Faustina
633 1913 2813 2089 in die Kirche. Doch sie hat wieder ihre Caunen.
620 2076 2816 2219 Sie will, dass man von ihr spricht. Morgen ver¬
623 2213 2813 2426 breitet sich in der ganzen Stadt die wundersame
610 2389 2729 2523 Kunde, dass die Gräfin Faustina in die Kirche
627 2519 2679 2726 gehe. Man wird sagen: Man wtrd sagen, es ist
613 2679 2769 2826 eine Kaprize, und man wird sich doch die aben-
620 2806 2683 3013 teuerltohsten Gedanken machen. - Und Amandus
603 2969 2769 3166 Norbert zurückgekehrt! Ganz wohl kann ich mich
617 3129 2766 3336 seines plötzlichen Verschwindens erinnern. Man
623 3289 2703 3492 fürchtete damals allerlei. Er war immer ein
607 3419 2676 3659 so melancholischer, trübseliger Mensch. —Man
610 3589 2859 3799 glaubte, er würde sich ein Leides tun. Freilich
