3352 4056
2840 278 2967 419 65
162 437 2019 631 dus Norbert persönlich hennen zu lernen.
159 581 1300 807 Amand. Ganz metnerseits
155 726 1237 955 Mücke ( verbeugt sich )
162 856 2717 1124 Musenh. Dieser Herr ist Eusebius Mücke,Flötenvirtuose.
617 987 2911 1209 (lächelnd xxx Sie können also schon jetzt ungefähr
624 1180 2537 1385 wissen, in welcher Absicht wir herkommen.
543 1262 3052 1554 Ich ahne es, doch ( steht auf die Uhr ) verzethen Sie,
152 1378 469 1561 Amand.
631 1455 2953 1744 dass ich eine genauere Unterredung auf später ver¬
677 1642 1543 1829 schieben muss, weil
641 1723 2128 1963 (Es wird an der Tür gepoltert )
1089 1927 1899 2128 Fünfter Auftritt.
187 1994 3023 2333 Stimme des Cellovirtuosen Bass. ( draussen ) das Cello bleibt
638 2199 2897 2417 noch draussen.Sie warten, guter Mann.(er tritt
641 2364 2900 2548 herein ) Guten Tag, meine Herrschaften, Herr Nor
698 2537 1829 2756 bert, meine Hochachtung.
613 2601 2900 2872 Erlauben Sie, dass ich als Unternehmer die Herren
176 2650 529 2907 Musenh.
655 2826 3090 3023 vorstelle.Herr Blastus Bass, Cellovirtuose. Plazteren
655 3041 3009 3193 Sie sich, lieber Bass, damit wir ohne noch Zeit zu
659 3164 1121 3355 verlieren¬
578 3221 2844 3489 Ich bedauere wirklich sehr, meine Herren, eine de-
197 3326 497 3559 Amand.
670 3489 2971 3647 taillierte Beratung ein wenig verschieben zu müs
722 3693 888 3830 sen
