3384 4088
775 323 1414 540 sen zu haben?
824 466 3129 642 Ein langdauernder Genuss ist mir kein Genuss.-Ich
354 428 789 709 Macartus
793 582 3101 821 bin schon so. Metne Frau kann es Ihnen bestätigen
789 793 1368 979 Frau Gräfin.
849 863 2378 1112 Ja, mein Mann und ich, wir beide.
379 912 807 1157 Genovefa.
838 1031 3069 1270 Nicht wahr, Genovefal Was sagte ich, als wir am
365 1126 810 1315 Macartus.
842 1214 2918 1424 Abend des zweiten Tages am Rheinuffnstanden!
389 1340 3097 1620 Genovefa. Wie wollen fort, sagtest Du; und ich antwortete.
796 1501 3160 1733 Ja, mein Macarius, zu ütel ist zu viel, wir müssen
824 1701 2269 1869 eine andre Gegend kennenlernen.
859 1827 3073 2024 Ja, meine Genovefa und ich, wir beide-sind eben
382 1887 828 2154 Macartus
821 1971 3037 2189 von etwas unruhigem Geist.Es ist mir überall zu
817 2196 2799 2392 eng, ich sehne mich fort, wo immer ich set-
400 2311 838 2515 Alle. Oh¬
403 2343 3132 2662 Macartus. Oh, Frau Grüfin- tsts meine Schuld?'Meine Letden¬
740 2599 3160 2824 schaften sind stärker als ich. Ich bin ein leiden¬
838 2778 3167 2932 schaftlicher Mensch.Alles in mir glüht und lodert.
849 2915 3094 3083 Zwie Tage waren wir am Rhein, meine Genovefa und
898 3073 1129 3255 Ich,
831 3213 1333 3427 Wir beide¬
414 3234 807 3448 Albinus.
431 3343 3251 3602 Macarius Ja, wir beide- am dritten aber nahte ich mich schon
870 3609 2136 3757 der Hauptstadt Frankreichs.
