3416 4136
2807 178 2940 354 49
742 287 2894 578 Vielleicht hat man mich nicht ganz mit Unrecht
210 318 714 581 Benedik tus
665 536 1876 738 einen Philosphen genannt.
623 616 3090 861 Gewiss nicht, wenn Ihre jetzigen Ansichten die Frucht
200 721 592 892 Amandus.
668 791 3010 1022 reiflichen Nachdenkens, tiefinnerster Ueberzeugung
672 970 3006 1152 sind. Wenn Sie wirklich alles Ordische für nichtig
679 1110 3062 1320 und eitel halten und die Rückkehr zur Religidn, zur
700 1242 3140 1491 gläubigen Verehrung des Unsichtbaren, als da einzige.
682 1424 3084 1596 wahre Glück empfinden. Wenn Sie sich in Wahrheit von
690 1550 3112 1746 von allem losgesagt haben, das die gewöhnlichen Men-
704 1732 3087 1932 schen als süssen Genuss begehren und gewissermassen
746 1858 3132 2058 von der Höhe Ihrer Anschauung aus, das Weltgetrtebe
714 2044 1788 2244 unter Ihnen betrachten.
242 2177 3056 2418 Benediktus. Ich weiss, dass Sie früher so waren, wie sie mich
668 2352 1428 2534 jetzt schildern.
634 2418 3160 2692 Und ich weiss, dass Sie früher so waren, wie ich jetzt
245 2510 560 2754 Amand.
724 2695 938 2832 bin.
766 2779 3143 2975 Ich hoffe und glaube, dass Sie sich bald Ihrer Ver¬
259 2838 654 3062 Benedik.
742 2922 3076 3126 trrung bewusst werden und zur Philosophie der Ein-
742 3042 3118 3283 samkeit zurückkehren. Gräfin Faustina gibt heute ihr
690 3238 3031 3451 Abschiedsfest. (Amandus heftig betroffen, Benedik.
749 3356 3031 3574 fixiert ihn )Mit dieser Nacht schwindet auch ihr,
