3336 4104
2773 202 2953 450 102
255 404 1569 655 Rach. Guten Tag, Ambros tus,
259 588 3024 793 Ambr. Hab ich Ihnen gestern Abend gesagt, dass ich sehr un-
719 747 1385 935 glücklich binz
248 818 3060 1158 Raph. Ich weiss mich wahrhaftig nicht zu erinnern, ich glau
758 1055 1087 1232 be Ja.
262 1183 3063 1470 Ambr.. So erfahren Sie, dass ich nunmehr wunderbar getröstet
729 1427 942 1611 bin.
259 1484 807 1739 Raph. Ah¬
259 1558 1732 1895 Ambr. Wissen Sie auch wodurch?
269 1788 2929 2054 Raph.. ( zerstreut ) Sie waren gestern auf der Sotreé bei
719 1994 1158 2132 Manuela?
276 2111 1965 2305 Ambr. Ja, wie ich Ihnen eben sagte.
276 2327 868 2536 Raph. Nun-!
266 2408 1746 2656 Ambr. Nun? Wie meinen Sie das?
273 2553 2932 2844 Raph. Was sagen Sie- doch nein - ich bin wieder allzusehr
800 2727 3056 2936 erregt. Setzten wir uns nieder, lieber Ambrostus,
751 2883 2706 3120 ( geschieht ) Wie befinden Sie sich immer?
280 3014 2096 3187 Ambr. ( seufzt ) Ich danke sehr- sehr¬
290 3152 3141 3343 Raph. (wieder zerstreut) Sie haben mit Manuela gesprochen
283 3315 1930 3524 Ambr. Ja, ich hatte das Vergnügen.
276 3414 2936 3683 Raph. Und ist Ihnen gar nichts, gar nicht an ihr aufge¬
