3352 4136
2769 309 2957 519 134.
213 445 2209 695 Amand. Norbert. Ah, unser lieber Musenhatn-
213 664 2076 862 Musenh. Kein andrer, hochverehrter Herr¬
599 757 2951 983 Ich bin unbeschreiblich erfreut, Sie hier zu sehen¬
210 816 538 1001 Amand.
674 955 1443 1140 Leben Sie wohl. -
664 1125 2969 1279 Gestatten Sie einen Moment-  Ich wollte mir die
229 1149 572 1313 Musenh.
692 1239 3044 1421 wiederholte Anfrage erlauben, ob Herr Norbert viel-
695 1357 3016 1554 leicht geneigt wären, im grössen Musikvereinssaale
779 1539 2271 1737 Mittwoch Abend unter Mitwirkung-
609 1687 1962 1888 Und so wetter- und so weiter¬
238 1724 544 1888 Amand.
708 1851 2923 2052 Ich soll ein Konzert geben.Gut- Ich will es tun.
708 1999 2917 2175 Wenn Sie wollen, so konzertier ich in der Hölle.
705 2166 2868 2299 Der Teufel selbst soll meinethalben mitwirken.
698 2321 2988 2509 Sie können versichert sein, wenn ich noch nie gut
766 2466 2966 2623 gespielt habe, diesmal werde ich gut spielen.oh,
624 2574 3022 2778 ich gäbe was drum, wenn ich jetzt meine Violine da
720 2778 2963 2936 hätte und spiel### könnte. ( zu Faustina, die pöl-
720 2886 2991 3062 Itg unkenntlich ist ) Du aber, Geliebte, müsstest
723 3031 3127 3195 an meiner Seite sein und mich ansehen mit dem holden
723 3214 1517 3393 seltsamen Blick.-
649 3300 3127 3516 ist meggesprungen und kommt mit einer Violine zurück)
247 3368 599 3572 Mücke
723 3523 3056 3696 Ich habe sie dem Kapellmeister weggerissen, als er
