3352 4136
2746 246 2926 506 130.
682 436 2884 699 Wolken an hetssem Sommertag, ein seltsam Zucken
692 575 3071 831 (durch) fährt, dass es mit einem Male ruhig wird und
703 783 1551 994 weiss was es will.
703 931 2929 1125 Du, Faustina, hast immer gewusst, was Du willst;
253 928 686 1174 Benedict
713 1087 2898 1257 aber es ward Dir zur Leidenschaft Dir Flügel an
696 1233 3026 1406 Detner Seele zu denken und hoch über die Erde, vos
717 1364 2999 1575 einen Willen gibt, flogst Du auf und dort stürzte
758 1548 3068 1710 wie auf — und absteigender Nebel Seltsames an Dei¬
727 1669 2254 1849 nem sehnsüchtigen Blick vorüber.-
727 1852 3179 2057 Mein Herz vard ruhig und weiss, was es will und weis###
263 1852 703 2026 Faustina.
738 2001 1762 2168 dass es Amandus liebt.
284 2161 2971 2327 Benedict. Wach auf Amandus! Es ist Zeit glücklich zu sein.
280 2244 2472 2455 Amand. Wundersame Zeit- Träum ich? Faustina¬
284 2441 3030 2645 Benedict###sehr Dich in die Eche des Trübstnns, Benedict, und
796 2597 1098 2791 weine.
699 2666 2950 2926 ( führt sich über die Stirn; Faustina nimmt seine
277 2815 589 2974 Amand.
744 2843 2791 3061 Hande von seinem Haupt, umarmt ihn hastig.
308 3016 3089 3244 Benediot ( reisst seine Mashe ab, springt über den Tisch und
789 3175 1814 3386 rennt durch den Saal )
