3400 4104
2930 228 3056 431 35
284 417 3102 694 liebst ste nicht, liebst sie nicht. Ein neuer Blick Manuelens
712 617 1486 838 glänzt auf Dich.
280 694 3084 950 Ambr. Sprich von Manuela nicht, von keinem Weibe sprich, wenn
722 925 2184 1129 ich auf (ManusIa) Faustina sehe.
624 1052 3169 1234 Ich vergehe,Ambrostus! Liebst Du mich denn nicht mehr?
291 1080 571 1328 Alb.
722 1209 2986 1384 Ich liebe Faustina, Unglückseliger und mein soll
736 1377 2934 1532 sollste werden, so wahr ich Albtnus Luft heisse.
312 1532 1041 1752 Ambr. Albtnus!
301 1686 1556 1893 Alb. Ich habe gesprochen.
308 1840 1738 2022 Ambr. Fritt zurück, Albinus!
312 1998 1055 2187 Alb... Niemals!
655 2142 1104 2320 Albinus!
315 2187 617 2341 Ambr.
326 2268 3116 2471 Alb. Verschwende hein Wort mehr an mich.Faustina hat mich
757 2390 3179 2618 betricht, gefesselt. Ich kann mich nicht losretssen.
322 2587 2993 2751 Ambr. Sie wird niemals die Deine werden-denn sie ist zu
715 2744 1444 2948 fromn geworden.
336 2881 3011 3154 Alb. Dasselbe müsstest auch Du beherzigen.-Doch ich ver¬
761 3021 2562 3260 zweifle nicht.- Ich werde sie eringen.
722 3147 3109 3428 Keinem andern als mir soll sie angehören. ( Pause.
347 3211 613 3403 Ambr.
719 3316 3011 3554 Du stehst ein, dass von diesem Augenblick an, eine
347 3372 575 3582 Alb.
768 3487 3147 3712 Freundschaft zwischen uns fernerhin nicht bestehen
