3368 4152
2766 253 2942 591 121
647 482 2527 724 Raphael, wollen Sie mir den Arm reichen?
148 678 1694 882 Raphael ( sieht sie an, Sie ihn)
513 826 942 1009 Manuela!
155 833 425 1033 Raph.
151 956 2981 1167 Manuela (tut, als merkte sie den plötzlichen Ausruf Raphaels
608 1114 2942 1322 nicht, nimmt seinen Arm ) So, nun gehen wir, meine
608 1262 984 1448 Herren.
155 1364 2942 1606 Mücke (zu Leonhard) Nichtwahr wir werden hinten nachgehent
155 1568 2752 1758 Loonh. Ja, um das Paar nicht aus den Augen zu verlieren.
155 1701 2489 1947 Müche Hehehe - das ist höchst amüsant. (alle ab)
991 1845 1761 2063 Elfter Auftritt
879 2007 1656 2207 Ambros ius kommt.
464 2155 2974 2348 Ich vermag Raphael nicht zu finden. Suchte er Manuela,
155 2148 436 2376 Ambr—
587 2327 2991 2541 oder wollte er ihr entfliehen? Manuela! O könnte sie
615 2471 2988 2668 mich Faustina vergessen lassen! Ein Weib geschaffen
619 2608 2889 2784 für einen Poeten! Welch ein eigentümliches Gemüt!
626 2770 2889 2932 Welchen Wechsel von Stimmungen, erregt sie in uns.
619 2921 1775 3111 Und sie ist verschwunden.
984 3083 1877 3262 Zwölfter Auftritt,
826 3213 1877 3413 Raphael stürzt herein.
482 3388 1712 3589 Nun wird sie triumpfieren!
155 3410 408 3564 Raph.
478 3508 1568 3740 Was haben Sie, Raphael?
151 3578 401 3758 Ambr.
