3368 4088
2926 158 3053 392 39
815 359 3075 608 für sich ) Ich werde irre an ihm.-Es bewegt mich
277 417 715 584 Faustina.
785 520 2977 745 freudig, dass mir so viel Teilachem entgegenge¬
736 681 2837 876 bracht wird. Ich danke Ihnen dafür, Benedict.
797 876 1545 1074 ( kleine Pause )
797 1022 3108 1204 ( betm Fenster hinuntersehend ) Ah, das ist unvor¬
280 1013 718 1177 Benedict.
745 1168 2047 1372 sichtig. Sehen Sie, Gräfin.-
295 1314 1651 1530 Faustina. Ach irr' ich nicht?
757 1460 3038 1657 Gewiss nicht, wenn Sie die Todfeinde Leonhard und
292 1490 718 1685 Benedict.
794 1591 3123 1825 Raphael Arm in Arm unter Ihrem Fenster vorübergehn
794 1800 1110 1971 sehen.
754 1916 3202 2120 Ah das ist seltsam.- Sie hätten sich endlich versöhnt?
298 1858 715 2086 Faustina.
745 2041 3047 2251 Ah, ste sind es längst, doch lassen sie sichs vor
292 2111 718 2269 Benedict.
760 2238 3069 2409 der Welt nicht merken. Es tst schon so etwas eigen¬
766 2384 1922 2585 tümliches um diese Sache.
763 2546 1475 2728 Was meinen Sie?
292 2564 715 2704 Faustina
748 2661 3093 2895 Man bestrebt sich gerne, vor der Weltjetwas anderes
301 2704 715 2901 Benedtot
763 2844 3099 3026 zu scheinen, als man in Wahrheit ist. Leonhard und
791 2968 3132 3178 Raphael schämen sich zu gestehen, dass sie so gute
760 3111 3148 3342 Herzen hatten, Freunde zu verden.-S te schämen sich
769 3269 3154 3488 vor der Welt. Und wenn wir uns dieses Ding betrach¬
806 3385 3002 3616 ten, wovor sie so verdammt viel Respect haben¬
