3368 4072
2773 195 2948 380 110
716 349 2934 565 gingen hin und ich fühlte mich später recht wohl
705 561 2992 774 auf Erden. Und jetzt wieder— Bah, es hat jeder
702 726 3136 894 Mensch seine Stimmungen, -der Wein ist so übel nicht
712 887 2951 1075 aber nicht stark genug—He bringen Sie mir Cham¬
695 1007 2766 1226 pagner- kalt verstehen Sie mich, recht halt!
1161 1171 2065 1359 Siebenter Auftritt.
2023 1335 2424 1493 Albtnus.
883 1459 2749 1664 Eusebius Mücke, an seinem Arm Constantia
2308 1630 2787 1804 Fasanelli.
247 1763 2845 1952 Euseb. Mücke (teils schüchtern, teils affehtiert ) Aber
698 1931 3037 2143 Fräulein, hthi - Sie 'tanzen ja ach, wenn Sie gehen
712 2116 2986 2287 das ist alles so behend, so rasch, so hopp - hijpp
736 2253 976 2414 hepp¬
247 2356 2896 2602 Constantia Fasanellt. Haben Sie mich denn noch nie in der
753 2527 1695 2722 Oper tanzen gesehen?
236 2664 2989 2879 Mücke. Ja, mein Fräulein- nicht wahr, Sie tanzen gewöhnlich
818 2838 2287 3030 wie soll ich sagen - mehr links¬
247 3006 1705 3191 Constantia. Wie meinen Sie das?
233 3112 2962 3297 Mücke. Das mein ich so. Wenn Sie so bei einem Tanz herein.-
678 3266 2975 3496 hüpfen, so kommen Sie gewöhnlich aus der Coults-
709 3444 1140 3609 se links?
