3336 4168
2739 248 2914 430 150
657 339 1536 675 tête a tête stören.
212 547 2878 799 Raph. Ich bitte Sie, machen Sie mich nicht vergessen, dass
642 740 2167 959 wir uns in einem Salon befinden.
208 864 2411 1134 D, unaust. Mensch, (geht höhntsch lächelnd ab)
193 1040 2798 1211 Raph. Lass uns gleich wieder auf uns beide zurückkommen
613 1215 1043 1419 ( Pause )
204 1291 2929 1521 Ambr. (auf die beiden weisend ) Schau dort auch ein glück-
660 1495 2433 1667 liches Brautpaar. Ach, und ich! Ich!
208 1616 3024 1886 Alb. Du sollst wahrhaftig auch daran denken, Dich zu verhei-
708 1780 2973 1977 raten. Du kannst Dir nicht vorstellen, wie glück-
664 1911 3042 2112 lich ich mich fühle. In vierzehn Tagen ist Hochzeit
715 2108 1590 2323 am nächsten Morgen
730 2240 2984 2451 am nächsten Morgen. Wie viel kann man sich nicht
215 2283 682 2499 Ambr. Ach¬
730 2334 3016 2564 denken zwischen der Hochzeit und dem nächsten Mor¬
678 2542 2820 2736 gen.- Lieber Freund- Du kennst übrigens meine
635 2648 3082 2929 possimistischen Grundsätze- kann ich sie Dir zu liebe
686 2805 2944 3060 ändern? Treulos sein an sich selbst? Oh niemals.
667 2958 2940 3217 Armer, armer Freund mit Deinem ewig heitern, un¬
649 3133 3068 3356 verdorbenen Gemüt- wie wirst Du Dich enttäuscht füh¬
638 3348 821 3458 len
222 3407 3151 3680 Alb. (lüchelnd) Wie Dirs auch immer unterdessen gegangen sein
