3352 4104
2729 196 2889 422 125
662 313 2722 582 Ich sah sie im Augenbliche, das sie schied.
571 513 2354 739 Benedict-! Sprechen Sie die Wahrheit.
222 568 517 728 Amand.
207 699 2922 888 Benedict. Ich will in meiner Aufrichtigkeit gegen Sie fort
670 819 2878 1004 fahren, lieber Amandus. Kurz nachdem ich Sie an
662 961 3035 1168 jenem Tag, wo wir durch die Musiker gestört wurden,
677 1099 3060 1339 verlassen hatte, besuchte ich Faustina. Ich gestand
688 1274 2198 1481 thr,- merken Sie auf, Amandus!
644 1415 2463 1648 Sie gestanden ihr, dass ich sie liebte.
211 1441 608 1619 Amandus.
677 1572 3046 1768 Nein- aber, dass ich sie liebte. Staunen Sie nicht,
229 1597 651 1827 Benedtot
688 1696 2918 1929 bester Freund, es ist nichts wunderliches daran,
695 1856 2976 2110 in dieses Weib verliebt zu sein. Und so ists auch
691 2060 1270 2238 mir geschen.
608 2191 3064 2423 Und an demselben Tage, wo ich so offen gegen Sie war!
226 2220 528 2376 Amand¬
684 2358 2154 2540 Benedict! Erzählen Sie weiter.
233 2438 3024 2653 Benediot. Sie gab mir ein Rendez- bous un Mitternacht, nicht
691 2634 1779 2871 wett von ihrem Haustor.
226 2787 1292 3006 Amand. Sie liebt Sie!
233 2896 3031 3162 Benediot. Da dacht ich nun auch zu erfahren, wohin sie thren
702 3107 1565 3311 Weg nehmen wollte.
237 3260 3158 3446 Amand. Und sie kam — und sagte es Ihnen, ach, nun wissen Sie es
240 3402 2889 3591 Benedict. Ich wartete. Sie ham nicht. Eine Stunde nachher
