3432 4136
450 145 917 381 16.XII. 1878
1013 312 2255 559 Erster Aufzug.
1486 506 2712 756 Salon bei Gräfin Faustina.
1233 766 2058 950 Erster Auftritt.
1082 855 1963 1190 Faustina, Manuela.
335 1157 2982 1463 Faustina: Ach mein Kind! Wie unerfahren du bist! Und du
759 1348 2377 1552 hast mir auch nichts verschwiegen!
309 1483 723 1677 Manuela:
746 1502 2923 1779 Nichts, hein Wort! Du weisst, dass ich Raphael
740 1654 2955 1940 liebe. Du weisst, dass er selbst -mich geliebt
733 1880 2886 2061 hat. Du weisst, dass er mich nicht mehr liebt.
299 1920 740 2160 Faustina
822 2019 2936 2196 Oh, Manuela- Set nicht zu schnell. -Ich weiss
720 2114 2946 2374 nur das eine, dass er halt gegen Dich ist. Doch
704 2272 3163 2522 nein— er ists nicht— oder ich kenne Raphael schlecht
704 2423 2880 2620 Sei ruhig Manuela- wetne nicht. Ich verstehre
704 2554 2219 2788 Dich, dass Raphael Dich anbetet.
270 2683 667 2880 Manuela.
740 2715 3015 3028 Ach ja ich erinnere mich, dass er mich angebetet
733 2886 953 3044 hat.
253 2978 700 3228 Faustina
773 3021 2900 3251 Ich sage Dir, dass er für Dich schwürmt. Aber
690 3189 2896 3462 er ist Iaunenhaft. Bedenhe doch mein Kind, dass
674 3324 2949 3574 auch Du zu Zeiten Caunen hast. Ich glaube, Manu¬
677 3501 3028 3731 ela, dass Raphael—doch sprich— hast Du thd in den
