3416 4088
2657 191 2784 374 43.
610 392 3074 618 etwas ein ) Ach, das ist doch eigentümlich-dürft ich
572 536 2837 783 Sie vielleicht bitten, ein wenig weiter zu lesen.
589 723 3006 949 Ich bin ohnehin gleich zu Ende.-Wenn Sie also erlau-
212 794 515 981 Leonh.
635 850 2961 1080 ben,so lese ich weiter. (Er hält die Zeitung und
646 992 3081 1242 breitet sie so auseinander, dass Ambr. Raphaal nicht
596 1119 3003 1422 sehen kann.) Ein interessanter, junger Mensch, der
653 1327 3052 1528 dem Einstgeliebten nahe befreundet war,fesselte vor
614 1486 1849 1711 allen ihre Aufmerksamkeit.
568 1634 1874 1853 Et- das ist doch merkwürdig¬
236 1729 505 1898 Ambr.
625 1810 2985 1997 Er selbst hatte sich kaum jemals um sie bemüht, um-
247 1863 550 2043 Leonh.
688 1916 3063 2156 so seltsamer berührte es ihn., als er plötzlich sah,
681 2061 3081 2329 wie freundlich das Junge Mädchen sich gegen ihn be-
692 2301 946 2495 nahm.
603 2336 3102 2629 Aber- das ist doch ganz merkwürdig,wie der Roman sich
272 2477 547 2650 Ambr.
702 2551 2216 2791 seit heute früh verändert hat.-
289 2689 2932 2943 Leonh.. Wiel Sie kennen ihn?Möglicherweise haben sich in
678 2841 3006 3066 dieses Exemplar einige Druckfehler eingeschlichen.
303 3014 2904 3204 Da muss ich aber doch mit diesem Seher ein ernstes Wort
236 3003 455 3190 Ambe.
734 3215 1172 3366 sprechen.
307 3261 3098 3536 Ambr. Wie kommt es nur Herr Feuer, dass Sie sich gar Josefs
374 3335 589 3448 Seveli
318 3405 3158 3737 Ambr.Sie.scheinengar nicht zu wissen, dass dieser Roman, den
