3368 4200
2717 155 2895 368 me
2706 347 2885 519 164
220 495 2868 805 Faustina. Oh, Herr Luft.- Aber was ists denn, lteber Herr,
650 739 1544 956 liebe Frau Rastlos¬
224 798 2988 1069 Macartus. Ich rief einfach - " auf Wiedersehen " ins Zimmer.
667 956 2538 1186 weil ich keine Minute zu verlieren habe-
230 1186 2012 1396 Alb. Mit welchem Zug fahren Sie denn?
237 1262 2988 1534 Macartus. Es ist nicht so sehr der Zug als mein Temperament-
244 1431 2885 1712 Faustina. Bleiben Sie doch noch diese Nacht in der Stadt-
729 1589 2950 1798 Wir sind heute wahrhaftig nicht in der Totlette-
272 1685 674 1871 Genovefa
715 1719 3074 1950 Ah bah, Totlette. Aber mein lebhafter Geist drängt
258 1836 691 1998 Macartus.
726 1867 2923 2091 mich geradezu, die Mauern dieser Stadt so rasch
736 2032 3098 2235 als möglich zu verlassen. Adieu, meine Herrschaften
746 2187 3085 2400 Ich danke Ihnen, verehrte Gräfin, für die unzähli¬
763 2338 1946 2552 gen Beweise der Teilnahme
760 2476 2318 2744 Auf wie lange verreisen Sie denn?
296 2589 732 2744 Faustina.
781 2617 3174 2875 Woher soll ich dass wissen? Vielleicht auf ein Jahr
313 2717 729 2940 Macartus.
822 2796 2999 2995 vielleicht auf einen Tag..Leben Sie wohl, meine
777 2923 2971 3133 Herren und Damen. Genovefa, komme. ( beide ab )
805 3074 3208 3391 ( kommt ) Ah, das Ehepaar Rastlos ist eben verschwun-
330 3177 757 3360 Benedict.
805 3329 1200 3477 den?
344 3325 3102 3635 Der unaustehliche Mensch ( kommt zu Manuela) Darf ich viel¬
767 3518 3095 3803 leicht jetzt, mein Fräulein— (er fasst sie um die
