3400 4088
2815 207 2947 478 41.
189 453 1917 695 Leonh. Manuela liebt Dich nicht mehr.
192 631 2060 880 Raph. (wendet stch zu ihm) Leonhard.
192 770 3051 994 Leonh. Manuela liebt Dich nicht mehr, oder tut zum mindesten
595 919 2398 1140 so, als ob sie-den Baron Hoch liebte.-
527 1126 966 1308 Leonhard!
196 1105 460 1294 Raph.
584 1247 3054 1443 Oder tut zum mindesten so, als ob sie den Kapellmets-
214 1272 506 1511 Leonh.
627 1415 1479 1654 ter Finke liebte.
210 1575 788 1746 Raph.. Leon-
214 1575 2880 1892 Leonh. Oder tut zum mindesten so, als ob sie mich liebte.
203 1800 3072 2074 Raph. ( gezwungen lachend) Du bist wohl nicht recht bei Dir?
221 1978 2997 2185 Leonh. Jetzt unterbrich mich nicht mehr und lass mich meine
634 2106 3129 2338 Ansichten, Gedanken und Pläne wohlgeordnet entwickeln
634 2242 3093 2484 Aber rück doch die Lehne Deines Sessels näher an die
656 2487 1408 2669 des meinen- So--
574 2573 3040 2855 Ich glaube, die Vorbereitungen hätten lang genug ge¬
246 2634 492 2837 Raph.
656 2798 959 2972 währt.
624 2894 2908 3090 Ich beginne. Du hast seit einiger Zeit die Laune,
253 2983 552 3161 Leonh.
617 3065 2986 3272 Manuelen etfersüchtig zu machen und Dich gleichgel.
631 3211 3022 3414 tig gegen sie zu stellen, um ihre Liebe zu Dtr noch
681 3339 2954 3582 heftiger zu entflammen, als sta bis jetzt brannte.
674 3525 3036 3724 Manuela, ein scheinbar sanftes Wesen.Dir innig und
