3400 4088
2831 101 2935 270 8.
728 304 1851 617 staltet wird— bei Baron-
298 559 2152 771 Manuela. Bei Baron Warter, meinen Sie?
639 663 2929 900 Ja, Ja Fräulein, der ists Mein teurer Freund xxx
298 743 605 924 Ambr.
728 893 2235 1038 binus Luft arrangiert die Sache.
737 985 2809 1154 ( lächelnd ) Ah, das dacht ich gleich-Um wie
289 979 691 1240 Manuela.
728 1139 2978 1360 viel ernster sind doch Sie, Herr Feder, als die¬
728 1286 2241 1474 ser heitre, lebensfrohe Mensche
654 1467 3052 1609 ( seufzt.) Ach ja, ’s ist ein Glück,wenn man nicht
304 1483 593 1649 A mr.
734 1575 2901 1756 zwei Seelen in seiner Brust trägt. — Ja, Fräu¬
777 1716 2913 1937 lein Manuela- mein teurer Freund Albinus Luft
743 1891 2990 2103 ist ein glücklicher Mensch. Ihm fliegt alles zu,
746 2078 2981 2250 er fliegt allem entgegen, er weiss sich über trü¬
749 2213 3055 2373 bes hinwegzusetzten, freut sich am Lustigen herz¬
752 2376 2926 2539 lich wie keiner— und kurz er ist ein Erdensohn
755 2533 2877 2677 vom Kopf bis zur Zehe, besitzt nur eine Seele
761 2711 2794 2852 und ist zufrieden damit- und ich mit meinen
804 2849 2877 3045 swet Seelenbin ein unzufriedenes, unglückse-
768 2999 1664 3199 liges Menschenkind.
768 3113 2984 3346 Und wird uns heute ihr Freund wieder mit irgend
319 3162 718 3365 Manuela.
777 3303 3101 3506 etner neuen Kopie eines Schauspielers überraschen.
332 3472 2797 3656 Ambr. Mein teurer Freund Albinus Luft hopiert jetzt
768 3607 2849 3770 den Lewinsky. Ich sage Ihnen, Fräuletn., Sie
