3384 4104
2901 189 3045 463 24
253 400 684 659 A110. an
274 481 3009 842 Genovefa. Ja, mein Macarius und ich, wir beide, verweilten
694 751 2697 940 auch in Paris nicht lange, am Tage darauf
267 877 3066 1105 Macartus. Was glauben Sie, Frau Gräfin! Wo waren wir am näch
747 1035 2827 1245 sten Tag? Nun, was glauben die Herrschaften?
744 1196 1389 1399 Frau Baronin?
709 1326 3062 1533 Bei Ihrem Naturell und bei dem ihrer Frau Gemahlin
284 1399 673 1564 Baronin.
709 1494 2606 1687 lässt sich das Aebteuerlichste vermuten.
723 1631 2992 1859 Gewiss liessen Sie sich am nächsten Tage mit den
284 1656 680 1908 Albinus.
712 1803 2231 1985 Luftballon in Petersburg nieder.
775 1971 3041 2157 Vortrefflich. Herr Luft, wir waren auf der Reise
295 1915 730 2210 Macarius.
758 2143 1540 2371 nach Petersburg.
298 2147 614 2357 11.1.70
298 2311 733 2466 Alle Ah,-
295 2431 3073 2631 Albinus. Aber wie kann Ihre Frau Gemahlin, Herr Rastlos, auf
737 2567 2799 2774 diese Weise an einer Reise Vergnügen finden?
326 2739 2294 2932 Genovefa. Oh, Herr Luft, mein Temperament-
316 2883 2596 3108 Macartus. Ja, meine Genovefa und ich, wir beide.
323 3034 2799 3262 Genovefa. Wir beide gleichen uns in unserem Naturell.
316 3209 3136 3395 Macartus ( sieht auf die Uhr ) Oh, Gräfin Faustina verzethen
744 3332 2939 3557 schon, aber wir haben keine Sekunde länger Zeit.
754 3511 3006 3672 Wie die Minuten in dieser Gesellschaft vergehen!
