<?xml version="1.0" encoding="UTF-8" standalone="yes"?>
<PcGts xmlns="http://schema.primaresearch.org/PAGE/gts/pagecontent/2013-07-15" xmlns:xsi="http://www.w3.org/2001/XMLSchema-instance" xsi:schemaLocation="http://schema.primaresearch.org/PAGE/gts/pagecontent/2013-07-15 http://schema.primaresearch.org/PAGE/gts/pagecontent/2013-07-15/pagecontent.xsd">
    <Metadata>
        <Creator>prov=READ-COOP:name=TrHtr:version=2.1.0:model_id=51170:date=27_07_2023_19:32</Creator>
        <Created>2023-05-10T11:24:14.892+02:00</Created>
        <LastChange>2023-07-27T19:32:30.779+02:00</LastChange>
        <TranskribusMetadata docId="1428154" pageId="55386855" pageNr="51" tsid="131289193" status="IN_PROGRESS" userId="64420" imgUrl="https://files.transkribus.eu/Get?id=KSWPGSSDDEMELBCGZVFYFMDL&amp;fileType=view" xmlUrl="https://files.transkribus.eu/Get?id=KXGWXTHOEMIGJZNQGOQIJUWC" imageId="44661752"/>
    </Metadata>
    <Page imageFilename="1428154_0051.jpg" imageWidth="3400" imageHeight="4088">
        <ReadingOrder>
            <OrderedGroup id="ro_1711820747098" caption="Regions reading order">
                <RegionRefIndexed index="0" regionRef="tr_1"/>
                <RegionRefIndexed index="1" regionRef="tr_2"/>
            </OrderedGroup>
        </ReadingOrder>
        <TextRegion id="tr_1" custom="readingOrder {index:0;}">
            <Coords points="695,317 3127,317 3127,2483 695,2483"/>
            <TextLine id="tr_1_tl_1" custom="readingOrder {index:0;}">
                <Coords points="2935,372 2950,372 2989,393 2998,387 3004,396 3019,390 3025,399 3049,396 3055,264 3037,264 3031,270 3019,258 2986,246 2956,264 2938,264"/>
                <Baseline points="2951,370 2969,372 3013,370 3058,367"/>
                <TextEquiv>
                    <Unicode>46</Unicode>
                </TextEquiv>
            </TextLine>
            <TextLine id="tr_1_tl_2" custom="readingOrder {index:1;}">
                <Coords points="688,682 3004,583 3016,390 697,490"/>
                <Baseline points="704,650 728,647 772,650 817,650 862,650 907,644 951,641 996,638 1041,635 1086,635 1130,629 1175,629 1220,626 1265,623 1309,623 1354,620 1399,617 1444,614 1488,614 1533,614 1578,608 1623,608 1668,605 1712,599 1757,599 1802,599 1847,596 1891,590 1936,590 1981,590 2026,584 2070,581 2115,578 2160,578 2205,572 2249,572 2294,569 2339,569 2384,566 2428,566 2473,563 2518,563 2563,557 2607,555 2652,552 2697,552 2742,546 2787,546 2831,543 2876,540 2921,540 2966,537 3010,534"/>
                <TextEquiv>
                    <Unicode>len gewechselt haben. Als ich Sie vor drei Jahren,</Unicode>
                </TextEquiv>
            </TextLine>
            <TextLine id="tr_1_tl_3" custom="readingOrder {index:2;}">
                <Coords points="679,832 3040,736 3052,550 1805,601 1499,718 685,682"/>
                <Baseline points="695,799 725,802 769,799 814,799 859,796 904,793 948,790 993,787 1038,787 1083,781 1127,778 1172,775 1217,772 1262,775 1306,772 1351,772 1396,769 1441,766 1486,763 1530,760 1575,757 1620,754 1665,751 1709,748 1754,745 1799,743 1844,743 1888,740 1933,740 1978,737 2023,734 2067,731 2112,731 2157,728 2202,725 2246,719 2291,719 2336,716 2381,713 2425,710 2470,707 2515,707 2560,707 2604,704 2649,701 2694,698 2739,698 2784,695 2828,692 2873,686 2918,686 2963,683 3007,677 3052,674"/>
                <TextEquiv>
                    <Unicode>in jener verrufenen Schenke unter liederlichen Dir¬</Unicode>
                </TextEquiv>
            </TextLine>
            <TextLine id="tr_1_tl_4" custom="readingOrder {index:3;}">
                <Coords points="697,976 3013,895 3106,883 3112,766 2878,703 703,826"/>
                <Baseline points="713,954 743,951 787,951 832,948 877,945 922,945 966,939 1011,936 1056,933 1101,930 1145,930 1190,928 1235,925 1280,922 1324,922 1369,919 1414,916 1459,913 1503,910 1548,907 1593,904 1638,901 1682,898 1727,895 1772,895 1817,892 1861,892 1906,889 1951,886 1996,886 2041,883 2085,880 2130,877 2175,877 2220,877 2264,871 2309,868 2354,868 2399,865 2443,862 2488,859 2533,859 2578,859 2622,859 2667,856 2712,853 2757,850 2801,847 2846,844 2891,841 2936,838 2980,835 3025,832 3070,829 3115,817"/>
                <TextEquiv>
                    <Unicode>nen, lebemännern und verkommenen Roués traf, da schte</Unicode>
                </TextEquiv>
            </TextLine>
            <TextLine id="tr_1_tl_5" custom="readingOrder {index:4;}">
                <Coords points="703,1114 2890,1036 2977,946 2157,877 709,994"/>
                <Baseline points="719,1104 743,1104 787,1101 832,1101 877,1098 922,1095 966,1095 1011,1092 1056,1089 1101,1086 1145,1086 1190,1083 1235,1080 1280,1077 1324,1074 1369,1074 1414,1074 1459,1071 1503,1068 1548,1062 1593,1062 1638,1059 1682,1056 1727,1053 1772,1050 1817,1047 1861,1044 1906,1041 1951,1041 1996,1038 2041,1035 2085,1035 2130,1032 2175,1032 2220,1029 2264,1026 2309,1023 2354,1020 2399,1020 2443,1020 2488,1020 2533,1017 2578,1014 2622,1011 2667,1008 2712,1008 2757,1005 2801,1005 2846,1002 2891,996 2936,993 2980,993"/>
                <TextEquiv>
                    <Unicode>nen Sie die Lustigkeit und Freude selbst zu sein.</Unicode>
                </TextEquiv>
            </TextLine>
            <TextLine id="tr_1_tl_6" custom="readingOrder {index:5;}">
                <Coords points="709,1277 2649,1198 2908,1168 2914,1027 718,1126"/>
                <Baseline points="728,1256 766,1256 811,1253 856,1250 901,1247 945,1244 990,1244 1035,1241 1080,1241 1124,1238 1169,1238 1214,1235 1259,1232 1303,1229 1348,1226 1393,1223 1438,1220 1483,1220 1527,1217 1572,1214 1617,1211 1662,1211 1706,1208 1751,1208 1796,1202 1841,1199 1885,1199 1930,1196 1975,1193 2020,1187 2064,1187 2109,1184 2154,1181 2199,1181 2243,1175 2288,1175 2333,1175 2378,1172 2422,1169 2467,1166 2512,1163 2557,1163 2601,1160 2646,1160 2691,1160 2736,1154 2781,1151 2825,1148 2870,1145 2915,1145"/>
                <TextEquiv>
                    <Unicode>Ich weiss nicht wie oft Ihr Glas sich von Neuem</Unicode>
                </TextEquiv>
            </TextLine>
            <TextLine id="tr_1_tl_7" custom="readingOrder {index:6;}">
                <Coords points="2370,1274 2385,1274 2397,1283 2409,1277 2418,1286 2430,1274 2454,1268 2490,1280 2508,1265 2526,1265 2526,1177 2472,1174 2460,1162 2436,1171 2412,1192 2370,1192"/>
                <Baseline points="2387,1262 2431,1265 2476,1265 2521,1262 2533,1262"/>
                <TextEquiv>
                    <Unicode>niely</Unicode>
                </TextEquiv>
            </TextLine>
            <TextLine id="tr_1_tl_8" custom="readingOrder {index:7;}">
                <Coords points="712,1442 2932,1349 2962,1244 721,1295"/>
                <Baseline points="731,1402 772,1402 817,1402 862,1402 907,1402 951,1402 996,1399 1041,1396 1086,1393 1130,1390 1175,1384 1220,1384 1265,1381 1309,1378 1354,1375 1399,1375 1444,1372 1488,1372 1533,1369 1578,1369 1623,1363 1668,1363 1712,1360 1757,1357 1802,1354 1847,1354 1891,1351 1936,1348 1981,1345 2026,1342 2070,1339 2115,1336 2160,1336 2205,1333 2249,1330 2294,1330 2339,1327 2384,1324 2428,1324 2473,1324 2518,1324 2563,1318 2607,1318 2652,1315 2697,1312 2742,1309 2787,1306 2831,1303 2876,1303 2921,1298 2966,1295"/>
                <TextEquiv>
                    <Unicode>mit feurigem Wein füllte; weiss auch wie oft Sie</Unicode>
                </TextEquiv>
            </TextLine>
            <TextLine id="tr_1_tl_9" custom="readingOrder {index:8;}">
                <Coords points="727,1565 2610,1517 2983,1478 2986,1409 2586,1328 733,1439"/>
                <Baseline points="743,1557 751,1554 796,1557 841,1560 886,1557 930,1554 975,1551 1020,1548 1065,1545 1110,1545 1154,1542 1199,1536 1244,1536 1289,1533 1333,1530 1378,1527 1423,1524 1468,1524 1512,1521 1557,1521 1602,1518 1647,1515 1691,1515 1736,1509 1781,1506 1826,1506 1870,1503 1915,1500 1960,1497 2005,1494 2049,1494 2094,1491 2139,1488 2184,1488 2229,1486 2273,1483 2318,1483 2363,1480 2408,1480 2452,1474 2497,1474 2542,1471 2587,1468 2631,1465 2676,1462 2721,1462 2766,1459 2810,1456 2855,1453 2900,1453 2945,1447 2989,1444"/>
                <TextEquiv>
                    <Unicode>auf die Lieb und die Hetterkeit getrunken haben;</Unicode>
                </TextEquiv>
            </TextLine>
            <TextLine id="tr_1_tl_10" custom="readingOrder {index:9;}">
                <Coords points="721,1718 2896,1655 3100,1613 3103,1520 1367,1535 847,1628 727,1568"/>
                <Baseline points="737,1709 778,1709 823,1706 868,1706 913,1703 957,1703 1002,1700 1047,1697 1092,1694 1136,1691 1181,1688 1226,1685 1271,1685 1315,1682 1360,1679 1405,1676 1450,1673 1494,1673 1539,1671 1584,1668 1629,1668 1673,1662 1718,1662 1763,1662 1808,1659 1853,1656 1897,1650 1942,1650 1987,1647 2032,1644 2076,1641 2121,1641 2166,1641 2211,1638 2255,1638 2300,1635 2345,1632 2390,1632 2434,1626 2479,1626 2524,1623 2569,1620 2613,1617 2658,1617 2703,1614 2748,1611 2792,1611 2837,1608 2882,1605 2927,1602 2972,1599 3016,1596 3061,1593 3106,1590"/>
                <TextEquiv>
                    <Unicode>Ich habe die Umarmungen und Küsse nicht gezählt, mit</Unicode>
                </TextEquiv>
            </TextLine>
            <TextLine id="tr_1_tl_11" custom="readingOrder {index:10;}">
                <Coords points="736,1859 3052,1796 3121,1640 742,1733"/>
                <Baseline points="751,1856 793,1856 838,1858 883,1856 928,1853 972,1853 1017,1847 1062,1844 1107,1844 1151,1841 1196,1838 1241,1835 1286,1835 1330,1832 1375,1829 1420,1826 1465,1826 1509,1823 1554,1820 1599,1817 1644,1817 1688,1814 1733,1811 1778,1808 1823,1808 1867,1805 1912,1802 1957,1799 2002,1796 2046,1796 2091,1793 2136,1793 2181,1787 2226,1784 2270,1784 2315,1781 2360,1781 2405,1778 2449,1775 2494,1772 2539,1772 2584,1769 2628,1769 2673,1766 2718,1763 2763,1760 2807,1760 2852,1757 2897,1754 2942,1751 2986,1748 3031,1745 3076,1742 3121,1745"/>
                <TextEquiv>
                    <Unicode>denen Sie damals- wie ich mich bestimmt zu erinnern</Unicode>
                </TextEquiv>
            </TextLine>
            <TextLine id="tr_1_tl_12" custom="readingOrder {index:11;}">
                <Coords points="790,2046 3007,1964 3055,1787 2559,1799 2214,1907 1913,1805 1343,1841 1183,1949 799,1886"/>
                <Baseline points="808,2020 814,2020 859,2017 904,2011 948,2008 993,2005 1038,2002 1083,1999 1127,1996 1172,1993 1217,1990 1262,1990 1306,1987 1351,1987 1396,1984 1441,1984 1486,1981 1530,1981 1575,1978 1620,1975 1665,1975 1709,1972 1754,1972 1799,1969 1844,1966 1888,1960 1933,1957 1978,1954 2023,1954 2067,1951 2112,1948 2157,1948 2202,1945 2246,1942 2291,1942 2336,1942 2381,1936 2425,1933 2470,1930 2515,1930 2560,1927 2604,1924 2649,1921 2694,1918 2739,1918 2784,1915 2828,1912 2873,1912 2918,1906 2963,1906 3007,1903 3052,1903"/>
                <TextEquiv>
                    <Unicode>glaube- recht fretgebig waren.-aber ein allgemei¬</Unicode>
                </TextEquiv>
            </TextLine>
            <TextLine id="tr_1_tl_13" custom="readingOrder {index:12;}">
                <Coords points="742,2178 3052,2091 3127,1961 751,2019"/>
                <Baseline points="757,2166 799,2166 844,2166 889,2160 933,2160 978,2157 1023,2154 1068,2151 1113,2151 1157,2148 1202,2145 1247,2142 1292,2142 1336,2139 1381,2139 1426,2136 1471,2133 1515,2130 1560,2130 1605,2127 1650,2124 1694,2121 1739,2121 1784,2118 1829,2115 1873,2115 1918,2112 1963,2109 2008,2106 2052,2103 2097,2100 2142,2100 2187,2097 2231,2094 2276,2091 2321,2091 2366,2088 2411,2085 2455,2082 2500,2079 2545,2079 2590,2076 2634,2076 2679,2073 2724,2070 2769,2070 2813,2067 2858,2064 2903,2061 2948,2058 2992,2055 3037,2055 3082,2052 3127,2046"/>
                <TextEquiv>
                    <Unicode>nes Bild Ihres damaligen Wesens hab ich noch recht</Unicode>
                </TextEquiv>
            </TextLine>
            <TextLine id="tr_1_tl_14" custom="readingOrder {index:13;}">
                <Coords points="748,2355 2998,2247 3007,2079 757,2178"/>
                <Baseline points="763,2330 766,2330 811,2324 856,2321 901,2318 945,2312 990,2309 1035,2306 1080,2306 1124,2300 1169,2300 1214,2297 1259,2297 1303,2294 1348,2291 1393,2288 1438,2288 1483,2285 1527,2282 1572,2279 1617,2279 1662,2276 1706,2273 1751,2270 1796,2270 1841,2267 1885,2264 1930,2264 1975,2261 2020,2258 2064,2255 2109,2255 2154,2252 2199,2249 2243,2246 2288,2243 2333,2240 2378,2237 2422,2234 2467,2234 2512,2231 2557,2231 2601,2226 2646,2226 2691,2226 2736,2223 2781,2220 2825,2217 2870,2214 2915,2211 2960,2208 3004,2208"/>
                <TextEquiv>
                    <Unicode>gut vor Augen und billig muss mich der Gegensatz</Unicode>
                </TextEquiv>
            </TextLine>
            <TextLine id="tr_1_tl_15" custom="readingOrder {index:14;}">
                <Coords points="754,2487 2902,2412 3049,2394 3058,2247 1307,2406 760,2340"/>
                <Baseline points="769,2473 775,2473 820,2470 865,2467 910,2467 954,2464 999,2461 1044,2461 1089,2458 1133,2455 1178,2455 1223,2452 1268,2449 1312,2449 1357,2446 1402,2443 1447,2443 1491,2437 1536,2437 1581,2434 1626,2428 1671,2428 1715,2425 1760,2422 1805,2422 1850,2419 1894,2416 1939,2414 1984,2411 2029,2411 2073,2408 2118,2405 2163,2405 2208,2405 2252,2399 2297,2399 2342,2396 2387,2390 2431,2390 2476,2387 2521,2384 2566,2384 2610,2381 2655,2381 2700,2378 2745,2375 2789,2375 2834,2372 2879,2366 2924,2366 2969,2363 3013,2360 3058,2360"/>
                <TextEquiv>
                    <Unicode>Überraschen, den ich zwischen Ihrem einztigen und</Unicode>
                </TextEquiv>
            </TextLine>
        </TextRegion>
        <TextRegion id="tr_2" custom="readingOrder {index:1;}">
            <Coords points="319,2525 3222,2525 3222,3545 319,3545"/>
            <TextLine id="tr_2_tl_1" custom="readingOrder {index:0;}">
                <Coords points="769,2655 1841,2604 1883,2598 1889,2511 772,2568"/>
                <Baseline points="784,2634 817,2631 862,2625 907,2625 951,2622 996,2619 1041,2616 1086,2613 1130,2613 1175,2610 1220,2607 1265,2604 1309,2601 1354,2601 1399,2599 1444,2596 1488,2593 1533,2590 1578,2590 1623,2587 1668,2587 1712,2581 1757,2578 1802,2578 1847,2575 1891,2578"/>
                <TextEquiv>
                    <Unicode>jetzigen Benehmen finde.</Unicode>
                </TextEquiv>
            </TextLine>
            <TextLine id="tr_2_tl_2" custom="readingOrder {index:1;}">
                <Coords points="853,2781 3052,2700 3127,2547 2394,2505 856,2730"/>
                <Baseline points="871,2775 889,2775 933,2775 978,2772 1023,2769 1068,2766 1113,2763 1157,2763 1202,2760 1247,2757 1292,2757 1336,2754 1381,2751 1426,2748 1471,2745 1515,2742 1560,2742 1605,2739 1650,2736 1694,2733 1739,2733 1784,2733 1829,2730 1873,2727 1918,2724 1963,2724 2008,2721 2052,2718 2097,2718 2142,2715 2187,2715 2231,2712 2276,2709 2321,2709 2366,2709 2411,2706 2455,2703 2500,2700 2545,2694 2590,2694 2634,2688 2679,2688 2724,2685 2769,2682 2813,2679 2858,2679 2903,2676 2948,2673 2992,2670 3037,2670 3082,2667 3127,2661"/>
                <TextEquiv>
                    <Unicode>Sehr wohl' kann ich mich noch an jenen Abend erin¬</Unicode>
                </TextEquiv>
            </TextLine>
            <TextLine id="tr_2_tl_3" custom="readingOrder {index:2;}">
                <Coords points="300,2869 348,2854 496,2887 571,2833 610,2839 679,2793 739,2806 820,2784 820,2727 796,2718 757,2730 703,2703 592,2724 502,2670 421,2703 309,2682"/>
                <Baseline points="319,2804 337,2801 381,2801 426,2798 471,2795 516,2795 560,2792 605,2792 650,2787 695,2784 740,2784 784,2781 829,2784"/>
                <TextEquiv>
                    <Unicode>Benediktus</Unicode>
                </TextEquiv>
            </TextLine>
            <TextLine id="tr_2_tl_4" custom="readingOrder {index:3;}">
                <Coords points="781,2938 3037,2860 3073,2757 2000,2827 1553,2745 1373,2854 784,2866"/>
                <Baseline points="796,2933 835,2930 880,2927 925,2930 969,2927 1014,2924 1059,2921 1104,2921 1148,2915 1193,2912 1238,2909 1283,2909 1327,2903 1372,2903 1417,2903 1462,2903 1506,2897 1551,2894 1596,2891 1641,2891 1685,2888 1730,2885 1775,2885 1820,2882 1864,2876 1909,2876 1954,2879 1999,2873 2044,2873 2088,2870 2133,2867 2178,2864 2223,2864 2267,2861 2312,2858 2357,2855 2402,2855 2446,2852 2491,2849 2536,2846 2581,2843 2625,2843 2670,2840 2715,2837 2760,2834 2804,2834 2849,2831 2894,2831 2939,2828 2983,2828 3028,2825 3073,2822"/>
                <TextEquiv>
                    <Unicode>nern, von dem Sta eben sprachen, und an dem ich Sie</Unicode>
                </TextEquiv>
            </TextLine>
            <TextLine id="tr_2_tl_5" custom="readingOrder {index:4;}">
                <Coords points="784,3100 2640,3034 3043,2995 3046,2917 1625,3001 1493,2908 793,2941"/>
                <Baseline points="802,3082 808,3079 853,3079 898,3076 942,3076 987,3073 1032,3070 1077,3067 1121,3064 1166,3061 1211,3061 1256,3058 1300,3055 1345,3052 1390,3052 1435,3049 1480,3049 1524,3046 1569,3043 1614,3040 1659,3037 1703,3037 1748,3034 1793,3031 1838,3028 1882,3028 1927,3025 1972,3022 2017,3019 2061,3016 2106,3016 2151,3016 2196,3013 2240,3010 2285,3010 2330,3007 2375,3004 2419,3004 2464,3001 2509,2998 2554,2995 2599,2992 2643,2992 2688,2989 2733,2986 2778,2986 2822,2983 2867,2980 2912,2977 2957,2974 3001,2972 3046,2966"/>
                <TextEquiv>
                    <Unicode>kennen lernte. Ich war in der Absicht mich zu ver¬</Unicode>
                </TextEquiv>
            </TextLine>
            <TextLine id="tr_2_tl_6" custom="readingOrder {index:5;}">
                <Coords points="796,3253 3031,3184 3160,3166 3166,3022 802,3109"/>
                <Baseline points="817,3234 841,3234 886,3231 930,3228 975,3225 1020,3222 1065,3219 1110,3219 1154,3216 1199,3213 1244,3207 1289,3207 1333,3204 1378,3201 1423,3198 1468,3195 1512,3192 1557,3192 1602,3189 1647,3189 1691,3189 1736,3186 1781,3186 1826,3183 1870,3180 1915,3177 1960,3177 2005,3174 2049,3168 2094,3165 2139,3165 2184,3162 2229,3159 2273,3159 2318,3157 2363,3154 2408,3151 2452,3151 2497,3148 2542,3148 2587,3145 2631,3145 2676,3142 2721,3142 2766,3139 2810,3133 2855,3130 2900,3130 2945,3127 2989,3124 3034,3121 3079,3118 3124,3115 3168,3118"/>
                <TextEquiv>
                    <Unicode>gnügen hingekommen, Sie aus Melancholie. Ich kannte</Unicode>
                </TextEquiv>
            </TextLine>
            <TextLine id="tr_2_tl_7" custom="readingOrder {index:6;}">
                <Coords points="790,3403 3121,3337 3130,3166 799,3259"/>
                <Baseline points="811,3377 847,3377 892,3377 936,3377 981,3374 1026,3374 1071,3371 1115,3368 1160,3368 1205,3365 1250,3362 1295,3359 1339,3356 1384,3356 1429,3353 1474,3350 1518,3350 1563,3350 1608,3344 1653,3342 1697,3342 1742,3339 1787,3339 1832,3336 1876,3336 1921,3330 1966,3330 2011,3327 2055,3324 2100,3321 2145,3321 2190,3318 2234,3318 2279,3315 2324,3315 2369,3312 2414,3309 2458,3309 2503,3303 2548,3300 2593,3297 2637,3297 2682,3297 2727,3294 2772,3291 2816,3288 2861,3285 2906,3285 2951,3279 2995,3279 3040,3276 3085,3273 3130,3276"/>
                <TextEquiv>
                    <Unicode>dte Gesellschaft, die dort zu treffen war und ging</Unicode>
                </TextEquiv>
            </TextLine>
            <TextLine id="tr_2_tl_8" custom="readingOrder {index:7;}">
                <Coords points="799,3574 3187,3466 3217,3358 2694,3289 808,3415"/>
                <Baseline points="820,3535 850,3535 895,3532 939,3532 984,3530 1029,3530 1074,3527 1118,3524 1163,3524 1208,3521 1253,3518 1298,3515 1342,3515 1387,3509 1432,3506 1477,3506 1521,3506 1566,3500 1611,3500 1656,3500 1700,3494 1745,3491 1790,3491 1835,3491 1879,3491 1924,3488 1969,3488 2014,3482 2058,3482 2103,3476 2148,3473 2193,3473 2237,3473 2282,3467 2327,3464 2372,3464 2416,3461 2461,3458 2506,3458 2551,3458 2596,3452 2640,3452 2685,3449 2730,3443 2775,3443 2819,3440 2864,3440 2909,3437 2954,3434 2998,3431 3043,3428 3088,3425 3133,3425 3177,3422 3222,3419"/>
                <TextEquiv>
                    <Unicode>eben hin, um sie zu treffen, Sie— hatten sich in die</Unicode>
                </TextEquiv>
            </TextLine>
        </TextRegion>
    </Page>
</PcGts>
