3400 4168
2817 286 3000 508 150
258 412 3125 730 Albtnus ( zu Müche) Ich glaube, mein Herr, ich hatte erst vor
727 655 1711 852 kurzem das Vergnügen¬
258 798 1922 999 Mücke. Ja wohl, mein Name ist Mücke¬
265 916 2710 1131 Alb. Ja richtig, Musiker, Flötenvertruose, glaub ich
265 1088 2316 1282 Mücke. Sie erinnern sich auch noch der Dame?
265 1167 3039 1439 Alb. Oh, Constantia- Aber wenn man von unserer lieben Con¬
695 1360 3043 1593 stantia Fasanelli spricht, von unserm herzigen Con-
752 1511 3068 1751 stanschen, darf man kein so menschenfeindliches Ge¬
695 1672 2631 1908 sicht machen, wie Sie, Herr Mücke, jetzt.
279 1797 3011 2051 Mücke. Unser herziges Constänschen, haha¬.Soeben ist unser
748 1933 3047 2177 herziges Constänzchen mit einem Herrn weggefahren.
276 2116 3018 2363 Alb. (Ihn auf die Schulter klopfend) Armer, unglücklicher
788 2313 1292 2510 Liebhaber!
290 2470 1095 2660 Mücke. Ich bitte
294 2585 2585 2807 Alb. Pardon, meine Herren- Herr Zotte, Herr Mücke
297 2746 3175 2975 Enthustast. Sehr erfreut. Was sagen Sie, Herr Mücke! Was sagen
755 2857 3118 3122 Sie zu dem Spiel? Haben Sie je einen solchen Künst-
723 3057 1260 3251 ler gehärt?
720 3150 3097 3405 Höchst verehrter Herr Rastlos. Ich kann Ihnen weder
297 3161 695 3437 Romuald.
780 3322 3057 3523 über den Abgang des nächsten Zuges, noch über die
755 3433 3204 3720 Privatverhältnisse des Herrn Norbert Aushünfte geben
