3400 4088
2939 204 3082 371 37.
629 379 2896 671 glauben. Und es ist wohl nicht die Religion, die
639 550 3061 800 Ihnen Ruhe gewährt-sondern nur die Philosophie. ich
632 693 2961 961 aber, ein Weib, dem der Forschergeist nicht gegeben
657 861 2907 1093 ist, suohe Befriedigung in der Religion.Rannald,
650 1046 3050 1236 mit dem heutigen Feste, geb ich mein Abschiedsfest.
668 1211 2586 1400 dann solle still werden in diesen Räumen.
250 1361 2461 1607 Benediktus. ( tronisch) Wie in einer Kirchen.
1646 1486 2211 1728 ( vorüber)
993 1668 1736 1864 Baronin, Finke.
271 1764 3143 2011 Baronin.Einke, Sie stellen heute gar nichts vor? Sie sind doch
1136 1811 1382 1900 mrel
654 1953 2250 2164 sonst viel lustiger und amusanter.
275 2089 3132 2336 Finke. Frau Baronin, ich will heute noch sehr amüsant werden.
657 2236 3118 2453 Aber meine Stimmung wird erst dann fröhlich,wenn Sie
704 2403 2603 2593 Frau Baronin, Ihre Stimme ertänen lassen.
732 2539 3164 2764 Oh, Kapellmeister, Sie scherzen mich nicht so leicht
289 2607 686 2771 Baronin
725 2668 3050 2914 davon. ( Auf Manuela weisend ) Diese kleine Schöne
725 2807 3093 3068 dort, hat ihr Herz aufgefangen.„ und es scheint mir
700 2996 3089 3203 beinahe, als wäre sie die Einzige nicht, die dieser
736 3178 2118 3368 Eroberung stch rühmen könnte.
332 3328 2275 3543 Finke. Oh, Frau Baronin,—durchaus nicht.
336 3453 3121 3707 Baronin.Ja, aber wie ist denn diese Manuela heute, Haben Sie
