3368 4056
2954 178 3091 339 76
281 329 3008 548 Manuela, Und Du-willst Du meine übernehmen? Willst wie ich
756 493 3125 736 ganz und gar aufgehen in der Liebe zu einem teuern,
753 671 2567 886 teuern Raphael-ah Mann wollt ich sagen¬
760 791 3152 1027 Ich gestehe Dirs,Manuela, dass mich dieses Welttret-
287 756 719 1040 Faustina.
743 975 3049 1167 ben zu langweilen beginnt. ich scheide deshalb aus
750 1123 2478 1318 dem Kreise, der mich bis jetzt umgab.
712 1311 3077 1482 Um Dich in welchen zurückzuziehen? ( lächelnd ) die
274 1232 674 1499 Manuela.
753 1465 2991 1612 Idee mit der Kirche, die Dich gestern ankam, war
760 1588 3091 1800 doch nicht mehr als Caprice? Oder ( lacht) bist Du
794 1698 1930 1879 wirklich fromm geworden?
353 1763 705 1934 71. IV 79
753 1872 2960 2054 Ich fühle mich in der Kirche wohl.Die Orgeltöne
277 1882 708 2098 Faustina.
750 1992 2995 2190 die mich umbrausten, entrüchten mich der Welt.Ich
797 2139 2933 2334 dachte an Höheres, als ich sonst gewohnt war,.
750 2307 3159 2553 Vielleicht findest Du hier, sagte ich zu mir selbst,
387 2420 643 2587 G.H.F.P.
787 2457 2759 2649 was Du in der Welt vergebens gesucht hast.
274 2632 3025 2789 Manuela. Was suchtest Du, Faustina? Vielleicht Ruhe? Nein,
784 2769 3097 2991 das gewiss nicht, denn dass Du in dem wirren Leben.
698 2868 2991 3162 dem Du Dich hingabst, Jene nicht finden könntest,
750 3073 1643 3248 das vusstest Du ja,
739 3221 3118 3467 Wie wenn ichs eben da gelernt hätte, mich nach Ruhe
277 3224 708 3419 Faustina,
732 3357 1191 3566 zu sehen?
