3384 4088
2972 228 3086 339 17
388 282 652 488 I 18
880 303 1800 570 Siebenter Auftritt.
656 506 2085 741 Es treten ein zu den Uebrigen:
435 684 2395 870 Faustina begleitet von Benediktus Romuald.
225 827 1322 1041 Albinus. Oh die Gräfin
242 984 1721 1201 Abrostus. steht auf.... Unruhe.
253 1148 3111 1347 Benediktus (zu Faustina) Sie machen mich angenehm erstaunen
253 1287 2876 1500 Leonhard (flüstert Raph. zu ) Sie kommt aus der Kirche.
246 1429 1914 1622 Raphael (erstaunt) Wie sagst Du?
246 1586 1639 1793 Leonhard. Später moth Freund.
257 1746 3029 1910 Baronin. (drückt der Gräfth die Hand.) Meine liebste, teu-
738 1892 2894 2085 erste Freundin, ich erwarte Sie mit Sehnsucht.
745 2063 3033 2249 Verzethen Sie, meine lieben Gäste— (ste begrüsst
264 2067 709 2256 Faustina.
695 2149 3029 2373 alle) — doch— abh Herr Kapellmeister— und unser
695 2359 2858 2559 gentaler Ambrostus Feuer— und auch Sie - und -
691 2491 2994 2680 doch einen vermisse ich noch- Wo ist Amandus Nor¬
706 2669 973 2880 bert?
271 2815 2947 2990 Alle. (ausser Ambr. Alb. und Manuela. ) Amandus Norbert?
285 2965 2028 3168 Benediktus. Wie er ist zurückgekehrt?
289 3143 2990 3325 Faustina. Ja gestern ist unser vortrefflicher Violinvirtu-
702 3272 1832 3510 ose wieder hetmgekehrt.
278 3439 656 3642 Baron in
278 3578 709 3738 Leonhard
