3352 4072
3017 105 3151 285 51.
799 260 3028 520 Das erste nicht. Doch ham es zu einem zweiten. In
293 293 690 538 Benedik.
770 434 3093 632 diesem fiel der Student.Der Graf verliess kurz da¬
766 640 1489 835 rauf die Stadt.
285 748 1362 990 Amand. Und Faustina?—
300 958 2269 1120 Benedikt. Gab am selben Abend einen Ball.
300 1084 1648 1294 Amand. Und war recht froh—
304 1167 3162 1453 Benedikt. O recht lustig— Es ist doch was schönes um die Fri
777 1366 1554 1583 polität. Nicht?
369 1536 1597 1760 (Musik im Saal) Pause.
304 1673 3205 1854 Benedikt. Ich glaube, man tanst. ( Tritt zur Tür ) Ja, es ist
788 1814 2783 2049 so. Wollen Sie nicht in den Saal, Amandus?
513 1883 737 2024 G.H.F.P.
304 1988 1698 2183 Amand. Ja, ich werde tanzen-
311 2078 3133 2374 Benedikt.. Haben Sie schon Manuela betrachtet? Amandus- auch
788 2302 1876 2501 sie hat sich verändert.
304 2454 2620 2624 Amand. Sie scheint mir heute feuriger als sonst.
322 2609 2479 2783 Benedikt. Jeden Mann lächelt sie verliebt an.
311 2779 3155 2978 Amand. Eigentümlich—Was ist denn um Himmelswillen geschehn.
791 2920 3151 3111 seit ich nicht da bin? I Manuela aus einer schüch¬
690 3054 3075 3270 m termen Jungfrau in ein glühendes, feuriges Wesen,
788 3223 3028 3411 Sie ein Philosoph, Faustina- eine Heilige- haha-
813 3343 1955 3563 „s ist beinahe komisch.-
