3400 4120
2832 264 2980 413 28
634 359 2926 677 Und Sie, lieber Feuer, sehen so melancholisch vor
637 616 2973 858 sich hin-was für Ideen hat dieses unruhige Ehepaar
659 808 1745 1018 in Ihnen wach gerufen.?
221 956 1702 1173 Ambr... ach, sie sind glücklich!
235 1072 3020 1318 Faustina (zu Manuela) Und ich kann Dir nur einen einzigen
663 1191 2922 1477 Rat geben. Sei vor ihm das nicht, was Du wirklich
674 1362 3154 1582 bist, stelle Dich verliebt in jeden andern, nur nicht
684 1521 3060 1767 in ihn; quäle ihn so, wie er Dich quält,kränke ihn,
688 1662 2850 1876 verschmäh ihn, schau mit keinem Blick auf ihn.
688 1840 3002 2068 mit einem Wort, mach ihn eifersüchtig, treib ihn
695 1977 2966 2216 zum Wahnsinn.Notwendigheit ists, die Dich zwingt
695 2151 2459 2390 Komödte zu spielen; so wie es bei mir-
721 2357 1209 2520 Laune ist.
290 2310 692 2520 Manuela.
760 2452 3020 2658 Laune? ja, man könnte es betnahe so nennen. Oder
297 2531 724 2716 Faustina
742 2654 1235 2806 tsts mehr?
308 2633 3140 2998 Raphael (am Fenster) das ist eine seltsame Gestalt, die da
735 2908 3085 3114 unten geht.Wie der Mantel um die Schultern fliegt!
728 3071 2205 3259 Wie die dunkeln Haare flattern.
326 3198 3237 3426 Albtnus,Frau Gräfin, der Unbehannte wendet sich langsam unserm
757 3422 1289 3589 Fenster zu.
340 3520 3067 3784 Faustina. (zum Fenster ) ah, erkennen Sie ihn denn nicht?
