3368 4088
2676 198 2847 403 107.
704 280 2878 615 Manuela. Unsere Wanderung kann dadurch pthanter
701 509 1046 714 werden.
239 632 1866 878 Ambr. u. Haphael ( treten zu Handen.)
243 786 2990 1025 Alb. Ich glaube nicht, Manuela, dass Sie sich schon je in
711 974 2963 1162 solcher Atmosphäre bewegten. Aber es tst Ihr Ent¬
742 1141 2843 1292 schluss, auch dieses Leben kennen zu lernen.-
711 1244 3024 1429 Faustina soll es gehannt haben! Und Sie spielen ja
748 1408 2881 1698 jetzt ihre Rolle. Doch den ich, dass wir uns
694 1562 1292 1760 hier traäen¬
622 1678 2895 1992 Ich beglette Sie, Manuela, wenn es Ihnen angenehm
246 1681 540 1934 Leonh.
707 1890 1271 2044 ist- Adieu —
239 1968 2929 2273 Manuela. Adieu, meine Herren, adieu, Raphael. ( sie reicht
755 2184 1405 2365 ihm die Hand
236 2269 2590 2539 Raph. (kann vor Aerger und Zorn nichts erwidern.)
1053 2467 1869 2659 Fünfter Auftritt,
236 2594 2423 2833 Raph. (zu Alb. rasch errgt ) Wohin ging ste?
232 2860 1603 3151 Alb. Sie geht im Saal herum¬
236 3086 1193 3305 Raph. Mit Leonhard.
232 3267 1271 3455 Alb. Sie sehen es ja
236 3332 2919 3619 Raph.. Ja, ja ich hab es gesehen. Ich finde Sie noch hier,
