3400 4088
2946 298 3092 582 21.
638 433 2842 666 Es treten herein Macartus und Genovefa Rastlos.
634 641 1636 825 beide sehr eilfertig.
215 735 2707 1029 Macartus Rastlos. den Herrschaften meine Hochachtung.
236 953 1698 1189 Genovefa, Guten Tag, guten Tag.
586 1102 1640 1314 Allgemeine Begrüssung.
218 1248 2236 1456 Faustina. Ich bitte, nehmen Sie doch Platz.
211 1438 2860 1615 Macar. Frau Gräfin sind sehr gütig. -aber ich bin hein
645 1567 1407 1754 Freund der Ruhe.
239 1695 1407 1934 Genovefa. Ja wir betde. -
218 1861 2402 2055 Faustina,. Sie waren auf Reisen, Herr Rastlos?
225 2014 2860 2225 Baronin. Sie hatten die Absicht sich die Rheingegend an-
697 2166 1085 2354 zusehen.
211 2281 2998 2506 Albtnus. Ach, da müssen Sie uns etwas erzählen. Ich schwär-
645 2496 1733 2659 me für die Rheingegend.
686 2596 2964 2849 Ach, Herr Luft sehnt sich nach dem Vaterland des
232 2627 648 2856 Genove fa
666 2780 1376 2974 feurigen Weins.
686 2863 3092 3113 Auch ich bin ein Freund des feurigen Weins. Er regt
222 2967 652 3123 Macartus.
659 3102 3151 3248 einem so recht die ganze Seele auf. Ich bin zwar schon
645 3227 2641 3414 von Natur aus ein etwas unruhiges Naturell
2770 3373 2943 3491 dans le
232 3390 2444 3605 Genovefa. Ja, mein Macartus und ich, wir beide-
215 3539 2978 3761 Ambrostus. Herr Rastlos erzählt uns wohl von seinen Reiseer-
