3320 4104
2796 201 2923 385 26
166 342 1892 650 Benediktus ( für sich ) Komödtantin! -
155 498 3000 822 Albinus. Ah, da muss ich den Jungen Mann doch in Schutz nehm
597 777 794 957 en. -
166 861 1917 1130 Raphale. Und ich trete Herrn Luft bet.
169 1020 2669 1281 Ambrostus, Auch ich kenne den Freiherrn Rauch. Er ist
600 1221 1084 1416 glücklich.
180 1313 2873 1553 Faustina (scheinbar piquiert) Es tut mir leid, dass man
611 1476 2940 1687 auch von diesem Standpunkt urteilen kann, jedoch--
194 1624 2919 1860 Leonhard (letse, unbemerkt zu Raphael ) Jedoch- sie kommt
618 1811 1363 1963 von der Kirche.
191 1906 2736 2182 Macartus. Leider kann oth keinen Augenblick verziehen.
674 2083 2789 2234 Aber Sie suchen uns nächster Tage wieder auf?
208 2153 639 2312 Faustina,
201 2224 2983 2422 Macartus. Ahb, das wird schwer möglich sein— da wir mit dem
628 2372 2700 2648 morgigen Frühung die Stadt wieder verlassen.
212 2510 667 2736 Alle, Ah.
226 2746 1285 2926 Albinus. Diese Unruhe.
222 2873 1980 3082 Macartus. Das tst eben Naturellsache-
219 2983 3050 3226 Raphael. Da versäumen die Herrschaften aber, Amandus Norbert
660 3191 1387 3336 wieder zusehen.
237 3286 3050 3572 Macartus und Genovefa. Ah, Amandus Norbort ist wieder in der
657 3509 974 3646 Stadt?
237 3530 2979 3855 Macartus. Er kommt heute Abend in Ihrek Gesellschaft, Frau
