3384 4104
2830 173 2996 426 119
329 291 1228 609 Raph. (schweigt)
332 522 2976 716 Leonh. Du wolltest Dir das unschuldige Vergnügen machen,
730 695 1872 913 Deine Manuela zu quälen.
304 823 3062 1028 Raph. Ach- was nützt das jetzt alles? Sie liebt mich nicht
778 986 2889 1166 mehr.- ( Pause ) Nun Du antwortest gar nicht?
304 1159 637 1318 Leonh.
675 1149 1872 1339 Was sollte ich antworten?
298 1291 599 1540 Raph.
616 1266 3090 1533 Ich sagte: Sie liebt mich nicht mehr- und- und Du er¬
765 1474 3021 1675 widerst nichts darauf, Du sagst nicht- sie liebt
768 1602 3194 1803 sie liebt- sie liebt Dich— ( ärgerlich erstaunt ) Ach
298 1785 595 1941 Leonh.
671 1803 3107 1917 Ach Du wolltest wohl, dass ich gesagt hätte. Raphael
775 1900 3111 2086 sie liebt Dich noch! Aber sie liebt dich nun wirk¬
758 2079 1298 2214 1 ich nicht.
287 2156 3072 2398 Raph. (erblickt Manuela an ihrer Seite Eusebtus Mücke) Ah
1114 2391 1927 2540 Zehnter Auftritt.
308 2387 567 2654 18. VI
695 2515 2301 2661 Raphael. Leonhard. Manuela, Mücke.
277 2675 675 2841 Manuela,
709 2616 3135 2841 Guten Tag, lieber Leonhard. Ah Raphael! Wie Sie bei
706 2799 2903 3003 de zusammen? Wie kommt das? Sind Sie versöhnt?
277 2896 585 3183 Leonh.
650 2955 2574 3183 Ja wohl, wir haben uns versöhnt, Manuela.
270 3149 585 3335 Mücke
664 3145 3135 3325 als wollte er sich entfernen ) Wie ich sehe, Fräulein
689 3266 1315 3484 bin ich hier¬
263 3356 2993 3605 Manuela. Oh bleiben Sie, mein Herr (ihn vorstellend ) Ein
