3368 4088
2895 239 3023 400 92
743 361 3059 593 in mir. Ich bin derselbe, der ich vor Jahren war,
740 536 3063 761 nur hab ich mein wahres Wesen vor allen verborgen,
747 633 3098 918 und erst Ihnen, einer wahlverwandten weiblichen Na¬
836 818 2970 1044 tur offenbar ich es. Wir können uns verstehen,
736 1008 3145 1194 weil wir dieselben sind. Es ist eine Laune, Faustina.
786 1158 3077 1362 Und das menschliche Leben sit kurz. Man will sich
829 1297 3127 1494 unterhalten wie' s eben geht. Reichen Sie mir die
729 1469 1562 1683 Hand, Faustina —
1151 1612 1887 1801 Elfter Auftritt
986 1762 2130 1955 Vorige. Ambros tus Feuer¬
282 1876 2766 2094 Ambr. Feuer. Oh, ich treffe Sie nicht allein, Gräfin?
297 2101 2709 2266 Benedict. Ich will nicht stören-Guten Tag Ambrostus.
286 2191 3127 2423 Faustina. Bleiben Sie, Herr Romuald, ich muss, bevor ich die
750 2366 2952 2577 Stadt verlasse, noch über jene Sachen mit Ihnen
768 2548 1054 2716 reden.
300 2662 2444 2877 Feuer. Die Stadt verlassen? Höre ich recht!
768 2827 2216 3023 (zieht sich ein wenig zurück)
293 2820 700 2998 Benedict
300 2955 3170 3141 Faustina. Ja. Ich schetde von hier. Vor haum einer halben Stun-
718 3098 2952 3306 de habe ich dasselbe Ihrem teuern Freund Albinus
700 3291 1297 3481 Luft gesagt.
289 3417 1494 3652 Ambr. Feuer. Er war hier?
