3368 4184
2736 248 2914 490 159
685 369 3105 646 Aber wie es Dir gegangen ist, erzähl mir später, ich
291 490 646 703 Abbinus.
724 610 2871 781 muss Dir erst sagen, wie meine Braut aussieht.
685 798 2984 948 Denke Dir- eine schlanke und doch üppige Blondine¬
731 930 3073 1129 Raphael und Manuela (verlassen Arm in Arm den Sa-
731 1054 1654 1267 lon und treten auf )
589 1182 3123 1427 Hier, an diesem Tischchen, wollen wir uns niedersetzen,
270 1203 539 1437 Raph.
738 1338 2892 1540 Geliebte, und plaudern. Komm, rücke recht nahe;
688 1530 3134 1728 alle sollen merken, dass wir zwei was miteinander aus
735 1632 3137 1860 zumachen haben und keiner soll wagen, uns zu stören
727 1810 3031 1973 Es gehen einige junge Leute in dem Saal herum, von
738 1955 3009 2158 denen kaum die Herren sicher sind- Einer forderte
710 2147 3048 2296 in seiner unbändigen Tanzlust schon mich zum Tanzen
727 2289 951 2463 auf-
266 2363 3119 2583 Ein unaustehlicher Mensch ( tritt auf ) Darf ich bitten, Fräu-
735 2594 997 2754 lein!
263 2662 2310 2899 Manuela. Ich bin wirklich zu milde, mein Herr¬
266 2811 3045 3027 D. unaust. Mensch. Sie haben heute den ganzen Abend mit die¬
539 3020 2772 3219 am Herrn hier getanzt und haben für keinen¬
263 3155 2168 3350 Raph. Für keinen andern eihen Tanz übrig.
259 3307 3038 3478 D. unaust. Mensch. Ich begreife nicht, mein Herr wie so Sie¬
266 3478 2733 3659 Raph. Ich bin der Bräutigam des Fräuleins- gehen Sie¬
259 3669 2999 3854 D. unaust. Mensch. Ich wollte durchaus nicht ein zärtliches
