3400 4152
2769 243 2928 459 140
215 459 1192 681 Alb. Luft. Ich bittet
208 540 3002 896 Macartus. Ich plage mich schon seit L Stunden in meinen Ueber
716 780 2960 956 rock hinnein zu kommen- und versäume den Zug Ich
677 935 1877 1129 bitte Sie, helfen Sie mir.
208 1086 2127 1348 Alb Luft. Wie Sie reisen schon wieder ab?
222 1245 1658 1510 Macartus. Natürlich, natürlich.
243 1323 2755 1580 Genovefa. Ach, lieber Herr Luft, mein Macarius und ich
229 1531 2847 1767 Ambr. Beuer ( kommt ganz verloren, eine Melodte singend
734 1700 1485 1880 La — a — 1 — a -
240 1803 3076 2032 Raphael ( schlägt ihm lustig auf die Schulter ) Halloh, Feuer,
737 1997 1277 2184 wie stehts?
240 2145 1506 2406 Ambr. Feuer. Ich bitte Sie¬
236 2251 2995 2572 Raph. Warum so erzürnt? Feuer. Entschuldigen Sie- aber ein
660 2445 2889 2639 Konzert— Ich bin nach einem Konzert immer schwer
709 2603 1005 2797 mütig.
250 2734 2977 2938 Raph. Ah, Leonhard! Gut dass ich Dich treffe. (drückt dem
706 2885 1961 3069 Leonhard Friede die Hand )
265 3044 2540 3291 Ambr, Feuer (geht im Foyer langsam auf und ab. )
261 3168 2561 3418 Macarius. Gottlob. - aber nun adieu, adteu, adieu
275 3358 1231 3595 Genovefa. Herr Feuer.
261 3506 1139 3729 Amb. Feuer- Ah -!
