3400 4168
2663 177 2836 354 158
619 354 3013 654 (er ist wieder melancholisch geworden und geht ab )
173 488 2928 845 Baronin. Ist es wahr, Finke, dass sich Feuer mit seinem in¬
637 711 2175 923 timen Freund Luft verfeindet hat!
194 753 3041 1132 Finke— Ich habe auch so etwas gehört. Aber Luft soll heiraten,
707 941 2790 1252 wie man sich erzählt- Eine horrende Mitgift.-
233 1121 3038 1407 Baronin. Sie- ein Künstler sprechen in so verehrendem Ton von
743 1358 1393 1563 einer Mitgift.
237 1411 2974 1758 Finke- O Frau Baronin, auch wir Künstler- Uebrigens hab ich
711 1521 3115 1835 Ihnen noch nicht mitgetellt, dass ich einen äusserst
725 1694 3087 1991 vortreffllichen Engagementsantrag nach Düsseldorf er¬
728 1970 1298 2136 halten habe.
782 1966 3091 2291 erschrickt ) Sie wollen unsere Residenz verlassen!
325 2118 3062 2451 Finke- Hrn und ausserdem - Wir wollen ein wenig promenieren.
283 2168 658 2330 Baron in¬
718 2362 2291 2585 Frau Baronin, wenns Ihnen beliebt-
315 2532 2514 2758 Baronin. Ich bitte, sehr gern.- " und ausserdem
760 2567 3059 2893 ( Beide ab; die Baronin in banger Erwartung, Finke
806 2854 1584 3038 etwas verlegen. )
1195 2970 2012 3222 Dritter Auftritt
757 3045 2942 3349 Ambrostus und Albtnus ( Arm in Arm treten auf )
354 3275 2323 3533 Alb. Also wie ist es Dir immer gegangen?
364 3462 1920 3674 Ambr. Mein teurer, teurer Freund!
