3384 4088
3030 264 3160 430 22
726 488 1221 672 lebnissen.
307 618 2994 784 Finke. Und die Frau Barontn singt uns dann das Rheinlied.
285 769 3048 968 Manuela. Ja, Frau Baronin, nicht wahr? Ich will gleich die
722 899 3041 1148 Noten vom Pult nehmen. ( Steht auf und sucht eine
729 1076 3008 1264 Gelegenheit zu Raphael zu kommen.Leisezu ihm) -
722 1257 1119 1437 Raphael.
780 1365 1990 1585 laut ) Fräulein wünschen?
307 1369 668 1596 Raphael
776 1495 3037 1712 Sie bittet Sie wohl das Lied von Pult zu nehmen.
318 1567 737 1708 Faustina
321 1668 3221 1863 Baronin. Ach, lieber Herr Raphael, bemühen Sie sich doch nicht
729 1849 3052 2033 noch hat uns Herr Rastlos nichts von seiner Reise
740 2019 1134 2199 erzählt.
321 2134 2167 2340 Leonhard. Wie gefiel es Ihnen am Rhein?
314 2322 2398 2481 Macartus. Sehr gut- aber nur zwet Tage lang.
314 2459 769 2665 Alle-An-
321 2542 3138 2752 Macartus.Oh, meine Herrschaften, gewiss, ich bin empfänglich
748 2737 3106 2911 für Naturschönheiten, aber ich bin zu unruhig, um
748 2896 2824 3106 lange an einer Schönheit Gefallen zu finden.
336 3062 1946 3290 Genovefa. ( sieht ihren Mann an. )
321 3163 3048 3380 Albinus( zu Ambrostus) Mein Macartus und ich, wie beide.-
325 3337 3160 3575 Faustiha. Sie blieben nur zwei Tage am Rhein? Und glauben St
762 3507 3124 3723 da wahrhaftig alle Schönheiten jener Gegend genoss
