3400 4088
2801 237 2962 374 39
590 388 2797 639 Es haben sich nach und nach die Paare gebildet.
636 594 1058 807 Alle ab.
1013 730 1781 908 Elfter Auftritt.
775 856 3105 1076 Leonhard Friede und Raphael sind zurückgeblieben
657 978 2997 1194 Sie warten bis alles stille geworden ist.Dann kom-
660 1125 3042 1345 men sie auf einander zu und reichen sich die Hände.
622 1355 1516 1547 Später Ambr. Feuer.
244 1516 611 1697 Raphael
856 1523 1579 1725 Endlich wieder!
262 1687 716 1865 Leonhard.
262 1753 3070 1994 Leonhard.Wir waren zu laut Raphael. Vergiss nicht, dass wir
265 1799 353 1882 h
681 1935 2012 2141 vor der Welt Todfeinde sind.
688 2075 3018 2305 Ich habe gar Manches mit Dir zu sprechen.Doch kön¬
265 2064 671 2316 Raphael.
695 2221 2934 2413 nen wir hier jeden Augenblick überrascht werden.
636 2385 2895 2567 Ach, das ist nicht, was wir zu scheuen brauchen,
279 2431 580 2640 Leonh.
698 2522 2955 2707 Hier. Raphael, setzte Dich auf diesen Seisel. (er
709 2640 3133 2874 schlebt xxx Sessel zu einander.) So, nun stehen sie
695 2804 2902 3042 Lehne an Lehne. Wir sehen uns nicht ins Gesicht.
671 3014 3105 3220 Wärs gerade notwendig, so wissen wir gar nicht, dass
719 3112 3070 3318 wir so nahe beisammen sind.So, gut, nun nimm diese
705 3328 1893 3513 Zeitung, ich nahme jene.-
632 3496 1037 3726 Und nun?
297 3503 555 3678 Raph.
