3416 4152
2876 324 3051 463 137
296 488 3161 723 Amand. Und eins ist eifersüchtig auf das andre und es scheint,
766 620 3115 848 als versuchte das Blatt dem flüchtigen Strahl nach
773 748 3111 1019 zuhüpfen- und muss doch bletben, wo sein Leben ist
784 895 3125 1130 Trauriges Schicksal! Festgewachsen an den bewegung
314 855 752 1172 Faustina
820 1076 3068 1265 losen Stamm- in derselben Gesellschaft stets, in
791 1226 3154 1440 eintönigem Kreis! Und wenn Du Dich losreissest, so
795 1379 2085 1611 sinkst Du matt in den Staub.
805 1511 3036 1714 sei denn, dass ein gütiger Windhauch Dich hinweg-
314 1579 766 1750 Amand. Es
798 1686 2994 1889 trägt über die Wipfel und Du im Freien schwebst
339 1825 1974 2046 Faustina. Kanns ewig oben schweben?
321 1974 3122 2206 Amand. Mag es glücklich sein, so lange es kann! -- -Aber es
802 2156 2327 2352 wird spät und ich muss zur Stadt.
339 2306 1971 2523 Faustina. Schon jetzt- Bleib noch.
335 2455 3065 2680 Amand. Ich fliege zurückl-O meine Liebste —— Leander Musen¬
759 2591 3136 2805 hahn ist ein gar nervöser Mann. Wenn er wartet, die
816 2741 3165 2915 übrigen versammelt sind- und ich, ich komme nicht.
823 2876 3143 3083 Ich bin ein seelenguter Mensch, Geliebte! Ich kann
823 3015 3058 3250 das den Leuten nicht tun. Doch bevor ich scheide
820 3133 3072 3396 noch eins! Ich will die edle, vorurteislose Frau
827 3289 3111 3539 seihn, die uns diese hofte Stätte bietet. Ich will
841 3503 1682 3717 ihr selbst danken.
