3352 4072
2621 226 2798 469 115
614 375 2038 590 tun und bietet beiden den Arm )
163 545 2805 823 (Plötzlich läuft Zephyrtna herzu und schlägt ihn mit dem
642 715 1038 916 Fücher)
142 857 1128 1059 Zephyrtna. Schlimmer!
139 1017 2826 1253 Mücke (verdutzt lächelnd ) Schlimmer(? Hehehe - Guten Tag
590 1159 1257 1354 mein Fräulein.
146 1298 2874 1500 Zophyrina ( als schmollte sie ) Jetzt sagt er mir guten Tag
132 1500 2923 1690 Mücke. Ja, soeben— Ist das vielleicht hier nicht zu gebräuch
635 1621 909 1798 1 ich?
142 1722 2909 2031 Zophyrina. Schlimmer, Sie hätten mich schon früher begrüssen
594 1933 937 2138 sollen.
128 2072 2780 2249 Mücke. Erlauben Sie mir, mein Fräulein, ich kann Sie doch
621 2215 2860 2409 nicht grüssen, bevor ich Sie sehe -also ( selbst
573 2399 2815 2593 lachend ) bin ich niot schlimm ( will fesch sein
580 2520 1656 2708 und fasst sie am Kien.)
1975 2621 2253 2770 Fächer
128 2621 587 2867 Zephyrina
642 2662 2808 2881 ( schlägt ihn kokett mit dem Binger ) Haben Sie
587 2815 2808 3065 nicht schon vor einer halben Stunde gesehen, wie
594 3023 2992 3183 ich Ihnen zulächelte? Sie gingen mit meiner Freundin
614 3145 2912 3384 Constantia, an mir vorüber- und da hab ich geläch¬
576 3277 1708 3485 elt, Sie - Sie Schlimmer
111 3409 2839 3680 Mücke. Verzeihen Sie mir, mein Fräulein, ich werde wohl zu-
