3336 4056
2790 205 2913 374 54
940 389 2265 648 Zwetter Aufzug.
334 416 593 642 6. III 7
1214 587 2494 756 Zimmer bei Amandus Norbert.
636 699 2970 919 (Ht eben aufgehört auf der Violine zu spielen und
250 753 563 946 Amand.
717 883 2910 1091 legt sie weg / Du beruhigst mich diesmal nicht!
726 1030 2979 1208 Nein, je freier, je wilder ich auf Deinen Saiten
783 1160 3064 1374 phantasierte. um so wilder, um so feuriger fühlte
756 1322 3082 1512 ich meine Seele. Und soll ich nicht froh sein, dass
759 1467 3112 1657 ich nun mindesten ein Ziel gefunden habe? Dass ich
744 1636 2979 1811 nicht mehr ins Unbegrenzte, Unbestimmte streben,
750 1789 3118 1964 mich nicht nach Ungewissem, Unbewusstem sehnen muss
753 1928 3000 2118 Doch wie unbestimmt ist auch dies Bestimmte.-Man
771 2100 3103 2277 erzählt, dass einem alles in ganz anderm Licht, ro-
762 2232 3160 2431 sig und morgenfrisch erscheint, wenn einen die Liebe
777 2377 3133 2591 erfasst hat. Ist mirs so zu Mute? Und fühl ich mich
771 2530 3094 2729 auch nur froh darüber, dass ich in der Hetmat bin?
777 2672 3133 2895 vor drei Jahren verliess ich sie, weil mich die Ru¬
774 2781 3196 3031 he verzweifeln machte. Ich kehrte zurück, weil ich sah
777 2976 3061 3199 dass es auch die Unruhe nicht sei, die mich glück¬
771 3172 3109 3326 lich zu machen vermochte. Wie kommts nur- ich fühl
771 3314 3154 3498 mich gar nicht mehr gehoben- und bin doch verliebt
783 3452 3109 3711 (Er macht ein paar Schritte zum Fenster, gedanken-
