3352 4168
2645 294 2833 474 123
644 463 3023 693 Oder setzten Sie meine Gefühle in Musik-Oder- malen
682 637 2051 895 Sie-aber welchen Moment und
502 728 3069 1015 Den Moment, wo Ihr Glas in tausend Scherben zerspringt!
212 767 477 1018 Ambr.
661 941 1920 1185 Haha das wird vortrefflich.
205 1054 3045 1291 Raph. Und dann setzten Sie ein kleines Verschen darunter, ich
714 1234 1927 1457 will Ihnen den Reim sagen¬
209 1397 2451 1609 Ambr. Nicht doch. ich hab einen sehr drastischen.
223 1531 2921 1733 Manuela-Raphael (seufzend) ah Isht das nicht sehr gut?
219 1662 2939 1878 Raph. Reimen die beiden Namen erst dann zusammen, wenn ein
686 1789 3115 2055 Seufzer dazukommt? Kommen Sie, Ambros tus- wir wollen
711 1998 2058 2210 ins Freie und weiter dichten¬
255 2150 2016 2398 Ambr. Ich hab auch schon die Melodie.
251 2270 2065 2518 Raph. Ah- Sie sind rasch, mein Freund.
251 2451 2253 2695 Ambr. Hören Sie, ich will Sie Ihnen singen¬
785 2546 2995 2829 ( beginnt die ersten Töne zu singen.- Betde ab )
1170 2730 2203 2942 Dretzehnter Auftritt
2525 2741 2684 2900 G.H.P.
361 2765 785 3013 20. VII 79
725 2907 2394 3137 Amandus Norbert. Benedictus Romuald
771 3052 1729 3310 ( Beide unkenntlich
1330 3200 2942 3412 Nun so wissen Sie den alles, mein
276 3154 672 3420 Romuald.
782 3331 3038 3593 lieber Freund. Sie wissen, dass Benedict Romuald
767 3508 3020 3731 sich das Vergnügen machte die Mashen zu wechseln
