3368 4168
2735 218 2917 424 151
688 360 2229 695 mag, geändert hast Du Dich nicht.
235 560 2921 827 Ambr. Hast Du Dich auch gefragt, ob Du für die Ehe taugst?
232 770 1598 995 Alb. Für d te Ehe gewiss.
246 827 3117 1159 Manuela. Steh, Raphael, so hat uns eine Caprice vieler schöner
710 1088 1334 1287 Tage beraubt.
257 1131 2985 1444 Raph. Es werden nun hundertfach schönere kommen. Metz Weib,
752 1362 2122 1619 Manuela,- Manuela, mein Weib
264 1519 2364 1765 Manuela. Da es nicht mehr lang ist bis dahin-
271 1562 3031 1883 Raph. Dem Himmel und unserer Liebe sei Dank- was eigentlich
749 1851 1380 2004 dasselbe tst-
275 1862 2989 2211 Manuela. Sag aufrichtig, Raphael, wie fühlst Du Dich hier?
289 2086 2339 2379 Raph. Jetzt-! Kind, wie kannst Du so fragen¬
296 2183 3003 2496 Manuela. Ich habs anders gemeint, Liebster- denke Dir, ich
806 2393 2921 2628 wäre nicht da- und hier, Dir gegenüber sässe
767 2593 1227 2796 Faustina¬
628 2643 2981 2978 Nun? Manuela. Denke Dir, sie sähe Dir in die Augen
310 2760 613 2978 Raph.
838 2807 2821 3081 so wie sie gewöhnlich die Menschen ansteht-
335 2989 2379 3235 Raph. Es ist etwas seltsames in ihrem Blick.
332 3099 3056 3392 Manuela- Ich habe Faustina- mit Dir kann ich ja offen sein-
806 3224 3131 3481 nie so recht von Herzen geliebt. Ich bin hein Kind
802 3409 3142 3698 Raphael, aber Faustina ist mir unheimlich- Ich sag
