3352 4088
180 382 610 568 Faustina,
644 369 2430 595 Wahrhaftig, die Welt hat es vergessen.
183 580 586 775 Benedict
623 556 3071 736 Doch mein tolles Leben währte nicht lange-kaum ein
632 705 3059 870 halbes Jahr und dann war ich satt davon. Sie, Gräfin,
635 897 3013 992 waren länger fähig, die Freuden der Welt zu geniet
675 995 2894 1209 ssen Aber jetzt haben auch Sie eingesehen, wie
672 1160 3013 1322 leer und nichtig alles ist - und verlassen nun das
629 1294 2888 1505 alles. Mir, einem Mann, war es möglich in diesem
638 1465 3034 1658 Gewühle zu bleiben, trotzdem ich es verlassen hatte.
705 1630 2924 1807 Ich habe die Kraft, darüber zu stehen- und diese
604 1770 2909 1975 Kraft kann Ihnen, als einen Weib, unmöglich gegeben
665 1899 2909 2121 sein.Die Verehrung und Liebe, die man Ihnen dar-
617 2051 2802 2250 brachte, müssten Sie wieder aus den Engelshöhen,
623 2213 3022 2427 in denen Sie schwebten, zu irdischen Gehüssen herab¬
604 2335 2381 2567 ziehen. Sie müssen die Stadt verlassen.
623 2561 2393 2711 (alles muss kalt gesprochen werden. )
156 2674 562 2842 Faust ina.
607 2674 1819 2863 Ich war dazu entschlossen.
143 2799 571 2988 Benedict.
610 2827 2851 3004 Ich will nicht darnach forschen, welches nächste
549 2970 2924 3144 Ziel Sie wählen. Ich werde von Ihnen scheiden, ohne
632 3117 2912 3309 zu wissen, wo Sie einen Tag später weilen werden
583 3272 2940 3443 Doch eines werd ich wissen-dass Sie sich glücklich
586 3419 2237 3636 fühlen, weil Sie gut geworden sind.
2897 223 3031 388 88
