3416 4104
2969 221 3100 413 44.
292 388 2609 656 Ste daßesen, meine Wentgkeit zum Verfasser hat und
282 545 3079 809 Leon h. Ah, Sie haben also diesen herrlichen Roman geschrie-
713 784 937 959 ben?
670 866 3008 1080 Nun es freut mich recht sehr, dass Sie einigen Ge¬
292 937 560 1137 Ambr.
720 1026 2053 1272 fallen daran gefunden haben.
709 1183 2423 1415 Trotz der sinnstörenden Druckfehler.
306 1229 613 1418 Leonh.
638 1294 3018 1572 Das soll sich ändern, ich bitte Sie um das Exemplar,
303 1383 570 1550 Ambr.
745 1426 2769 1703 damit ich es vorwetsen kann und dem Setzter
741 1632 2145 1882 ( er bemerkt nun Raphael ) Ah¬
282 1778 1347 2060 Leonh. Was ist Ihnen?
296 1917 3001 2153 Ambr. Wissen Sie, wer in Ihrer aller nächsten Nähe sitzt?
296 2092 2548 2345 Leonh. Wie, es ist noch jemand in diesem Zimmer?
289 2295 1297 2498 Ambr. Ihr Todfeind!
306 2470 1140 2655 Leonh. Raphael?
303 2602 1180 2787 Ambr. Er selbst.
317 2741 1340 2919 Leonh. Entsetzlich.
310 2851 3179 3097 Raphael (steht auf, als ob er eben Leonhard erkennte und ent
798 3043 1379 3261 fernt sich.)
328 3150 1978 3418 Ambr. Das ist stark, Herr Friede.
328 3304 3029 3532 Beonh. (als wäre er ärgerlich, die Zeitung fortwerfend)
805 3485 2028 3692 Verlassen wir dtesen Saal.
