3448 4104
2810 200 2950 369 45.
129 415 2936 695 Ambr. Ich verstehe Sie ganz wohl. (Im Abgehen) Es ist etne
637 601 2542 834 Gabe von mir, die Menschen zu verstehen.
977 770 1557 974 ( Beide ab.)
834 920 1697 1103 Zwölfter Auftritt.
601 1035 2971 1249 Des amandus Stimme hinter der Scene—Auf das Feuer
666 1171 2868 1403 des Weins! Auf die Schönheit der Frauen IGläser
623 1368 1862 1582 blirren.Alle— hoch- hoch¬
623 1468 3072 1690 Man steht wie eben Amandus mit Albinus Luft anstösst
637 1640 2989 1844 da wendet jener sich der Scene zu, führt das Glas
641 1794 2986 2008 zum Mundund betritt den Saal.Benediktus folgt ihm.
283 1851 498 2044 19. II 5
175 1912 2979 2212 Benediktus. Sie haben sich auf eigentümliche Weise verändert,
644 2166 1042 2348 Amandus.
179 2273 2979 2499 Amandus. Ich hätte das Recht, dieselbe Bemerkung Ihnen gegen
669 2456 1439 2660 über zu äussern.
200 2499 3039 2846 Benediktus.Ganz richtig. Nur müssten Sie finden, dass ich zu
666 2735 2506 2903 einem Bessern geworden sei.während Sie¬
204 2878 2936 3082 Amandus. Während ich zu einem Schlechtern geworden bin. Ists
716 3079 1239 3261 nicht so?
215 3150 2255 3390 Benediktus. Ja, ums gerade heraus zu sagen.
211 3326 3093 3569 Amandus. Wohl möglich.- Jedenfalls ist unser beider Veränderung
695 3440 3100 3670 seltsam, denn es scheint geradezu, dass wir die Rol
