3352 4072
2707 158 2897 447 113.
697 436 3024 634 dass ich ein Kilnstler bin. Es gehört gewissermassen
686 577 2978 760 zu der ganzen Tournure, zu dem ganzen Äussern und
644 746 2936 964 Innern, zu dem ganzen Wesen eines Künstlers, dass
757 848 3017 1070 er, dass er, daß er etwas (Handbewegung ) hohes,
711 1010 3084 1225 erhabenes, freies, frisches, etwas gentales an sich
708 1165 3041 1401 trage- Er muss in der Welt mit einer gewissen, mit
722 1341 2855 1535 einer gewissen, mit einer zwissen (alles mit
725 1475 2886 1683 Gesticulationen begleitet ) Sie verstehen mich-
591 1651 2204 1848 Oh vollkommen - aber nicht so ganz.
250 1672 486 1869 Alb.
257 1816 1665 2003 Mücke. Seltsamer Widerspruch.
260 1947 3062 2151 Alb. Aber einem Flötenblüser- oder allgemeiner gesagt einem
711 2112 1485 2320 Künstler lösbar.
257 2267 2795 2471 Mücke. Ich bin ein Freund dieser allgemeinen Ausdrücken
739 2372 3017 2622 Flötenbläser — es ist zwar etwas tiefinnerst ori¬
746 2552 3108 2735 ginelles, schon die Flöte zu blasen, aber es klingt
743 2672 2985 2869 doch nobler, schöner, einfacher "Künstler " zu
785 2869 1422 3069 sagen. Nicht?
278 3052 873 3235 Alb. Gewiss
278 3161 3105 3340 Alb. und Constantia achten wenig auf Eusebtus, sie sprechen.)
760 3284 2249 3520 scherzen und kosen miteinander)
268 3471 3017 3668 Mücke. ( trinkt Champagner, steht auf und steht sich affeh-
767 3590 3041 3851 tiert nonchalant den Saal an) Ich trinke auf das
