3416 4088
2716 195 2848 381 47.
604 329 3055 604 Schenke vertrrt, lehnten müde und verdrossen in etnem
610 512 2912 753 Winkel und verloren sich in Gedanken und Betrach-
619 695 2936 948 tungen. Als wir dann zufällig um dieselbe Zeit den
628 829 2933 1119 Ort verliessen und dadurch ins Gespräch hamen, und
640 966 3034 1232 allein in der stillen Nachtstunde ein und denselben
680 1140 2890 1369 Weg wandelten, da sprach ich von der Wollust des
643 1268 2838 1549 Küssens und von der süssen Betäubung des Weins.
655 1430 3000 1680 Sie aber erwiderten, dass Sie die Wollust des Küs-
707 1561 3098 1878 sens leider nicht verstünden, weil sie der Kuss not-
674 1738 3064 1985 wendiger an das Weib erinnere, das Sie küssten, und
689 1893 2869 2140 dass der Wein Sie nur betäube, um Ihnen dumpfe.
689 2091 3024 2271 schwere Träume vonr den Geist zu zaubern. Ich pries
695 2204 2939 2427 das Leben, weil man im Genuss seine Mühseligkeit
704 2335 3125 2588 vergessen könne-Sie erwiderten, dass Ihnen noch nie-
741 2527 3027 2719 mals etwas länger als einen Augenblick Genuss ge-
713 2665 3018 2893 bracht habe. Ich bedauerte Sie, Sie verstanden mich
750 2823 3143 3027 nicht, jedenfalls interessierten wir uns gegenseitig
732 2969 3009 3210 und als ich hörte. Sie sein der grosse Violinvir¬
750 3119 2982 3338 tuose Amandus Norbert, dem rings Betfall und Be-
738 3274 3040 3500 geisterung aujubelten, und Sie in mir den Lebemann
738 3448 3088 3665 kennen lernten, der, so viel er auch geniesse, doch
