3416 4104
2856 240 2999 415 27
680 494 1117 680 Gräfin?—
276 594 2380 848 Faustina. Ich erwarte ihn jeden Augenblick.
748 712 3013 973 Vielleicht können wir uns heut Abend noch auf ein
279 798 712 1027 Genovefa.
694 916 3063 1120 paar Minuten das Vergnügen machen-aber wir sind so
719 1077 1693 1313 in Anspruch genommen¬
762 1174 3099 1410 Wenn Sie noch einige Momente Zeit gewinnen können-
286 1278 726 1467 Faustina.
723 1360 3078 1589 vielleicht gelingt dem Violinvirtuosen Amandus Nor¬
669 1546 2806 1725 wert, was meiner Persönlichkeit nicht gelang-
297 1721 726 1933 Macartus-
1045 1714 1832 1922 oh, Frau Gräfin!
315 1922 716 2058 Genove fa
301 1979 3035 2201 Macartus. Doch nun kann ich so gern ich möchte- nicht mehr
744 2108 3210 2373 verziehen-Also ich sage Ihnen allen mein herzlichstes
744 2355 1202 2505 Lebewohl!
315 2426 1621 2677 Alle. Reisen Sie glücklich¬
744 2612 3031 2827 Die beiden Rastlos gehen, von der Gräfin bis zur
762 2763 1682 2960 Tür beglettet, ab.
1074 2917 1886 3106 Neunter Auftritt.
340 3063 1865 3285 Albinus. Was sagt der Philosoph?
347 3171 3117 3411 Benediktus. dass diese zwet Menschenkinder Komödie spielen.
347 3368 3228 3561 Raphael. Um das zu finden, braucht man haum Philosoph zu sein
798 3579 1195 3786 Und Sto.
