3368 4056
2802 136 2946 394 78
471 419 2980 597 Oh. verzethen Sie, Gräfin, das Fräulein ist namentlich
199 482 412 646 Alb.
649 506 3026 754 von der Fürstin etngeladen, man würde Ste, Manuela,
653 688 3082 883 ebenso schmerzlich vermissen, als das bei Ihnen, Grä
663 845 2949 1068 fin, der Fall sein wird- wenn Sie anders wirklich
677 1019 3071 1208 so grausam sein können, die Einladung aussuschlagen.
223 1127 2708 1375 Faustina. Sie verschwenden Ihre Worte, lieber Albtnus.
202 1330 1724 1536 Alb. Luft— So wär es also wahr?
216 1480 1672 1686 Faustina. Wahr? was meinen Sie!
216 1619 2900 1836 Alb. Luft. Das Gerücht wäre wahr, das ich vor nicht allzu-
681 1773 3040 1930 vielen Stunden schon einmal an dieser Stelle hörte?
681 1923 3089 2101 Gräfin! O, antworten Sie mir, Manuela, denn Faustina
691 2091 1127 2272 schweigt.
642 2234 2593 2405 Sie haben kein falsches Gerücht vernommen.
220 2282 625 2453 Manuela.
216 2352 3022 2565 Alb. Luft.Nein, ich glaube es nicht- sagen Sie es sei falsch
691 2562 1445 2736 gewesen, Gräfin-
698 2694 2366 2879 Sie sind ja sehr aufgeregt, Albinus.
237 2701 656 2925 Faustina.
743 2827 3029 3008 Oh nicht ich- ich rede im Namen der ganzen Gesell
234 2879 705 3085 Alb. Luft.
701 2963 3092 3162 schaft, meine Aufregung ist die der Stadt.-Sie läch¬
705 3099 3117 3364 eln, Faustina, doch dieses Lächeln ist nicht Spott, es
660 3263 3092 3504 ist geschmedchelste Ettelkeit- und eine Weltdame sol-
736 3441 3033 3623 Ihr ihre Eigenliebe so sehr verläugnen, dass sie,
