3368 4152
2636 232 2816 537 138
333 333 707 544 2. II. 80.
139 440 2889 748 Faustina.Mit Absicht blieb sie uns beiden fern, wenn wir zu-
644 672 1268 873 sammen waren.
132 814 1351 1039 Amand. Ein seltsames Weib.
145 911 2826 1188 Faustina. Du würest Dich weniger wundern, wüsstest Du nur,
596 1095 1780 1313 wie sie bis jetzt gelebt.
145 1195 2840 1476 Amand. Was mag ihr seltsames wiederfahren sein? Aber warum
617 1354 2840 1579 frag ich so. Muss einem Menschen etwas seltsames
623 1507 2799 1739 widerfahren sein, dass er hinwegsehen kann über
630 1711 1659 1912 ängstliche Vorurteile?
634 1860 2906 2044 Doch muss man sich grösser fühlen als die andern,
159 1891 596 2078 Faustina.
634 1995 3048 2179 um das zu können- Maria ist noch nicht alt an Jahren
627 2127 2868 2345 Aber sie war alt, als sie zwanzig Sommer zählte.
177 2317 2729 2511 Amand. So sit sie wohl nicht Christin aus Ueberzeugung?
187 2466 2778 2674 Faustina. Du meinst vielleicht- aus unglücklicher Liebe?
187 2587 2366 2851 Amand. Nein, Liebste, ich meine aus Langeweile.
197 2757 2982 3010 Faustina. Du magst recht haben, Amandus, aber Du sollst sie
662 2916 3076 3090 sehen. Warte einen Augenblick, ich will mit ihr hier
669 3065 1559 3259 erscheinen. ( ab )
1074 3194 1877 3422 Zweiter Auftritt.
537 3308 3041 3564 ( allein) Aus Langeveils-Alles, was sich zutrügt auf
197 3377 481 3582 Amand
669 3481 2955 3765 diesem tragthomischen Planeten, geschieht am Ende
