3400 4072
2720 274 2843 428 38.
583 390 1888 660 Manuela je kokett gefunden!
176 607 1520 825 Finke. Kokett! Neih, niemals.
190 734 2906 948 Baronin, Und auch ich mache diese Beobachtung heute zum er-
562 835 2896 1078 stenmal. Wie sie früher mit diesem Leonhard sprach,
558 1014 2966 1228 und jetzt mit Amandus Norbert, und wie sie zugleich
618 1207 1337 1408 den Baron Hoch-
193 1316 3012 1580 Finke. Ei, mich dünkt, als wäre dieser Baron seit gesternnoch
635 1523 1843 1709 ein wenig länger geworden.
204 1604 3022 1850 Barchin.Gott sei Dank,Ihre Laune taut auf, ich glaubte schon
618 1804 2861 2008 zu vergehen.Ach, man scheint zum Mahle zu rufen.
200 1938 2948 2190 Nun dürfen Sie mir auch den Arm reichen,Kapellmeister; kom-
632 2124 1035 2338 men Sie.
218 2215 2892 2503 Baronin ( Zu Ambrostus, der zerstreut ist ) Sie haben uns
600 2380 3001 2590 heute einen grossen Genuss bereitet.Sie spielen vor
653 2576 1144 2776 trefflich.
232 2682 2952 2994 Zugleich Finke (nach der andern Seite zu Manuela ) Finden
653 2847 2369 3040 Sie, mein Fräuleln? Ich glaube, dass
239 3019 2952 3233 Baronin. (wendet sich von Ambr. fort zu Finke, mit dem ste
649 3173 2534 3394 Arm in Arm steht) Lieber Kapellmeister!
235 3327 1997 3524 Finke— Oh, Frau Baron in-- ( Beide ab )
