3368 4072
2795 187 2979 406 109
679 362 3065 634 Abend, davon könnt ich nimmer Genesen-'s ist doch
688 531 3059 732 anders geworden. Und ich freu mich beinahe darüber,
696 705 2984 945 Ich kann wohl nicht sagen, dass ich mich schon so
711 857 2955 1058 ganz heiter und gesund fühle- aber das Feuer ist
714 1020 3038 1215 dem Verlöschen nahe. Das ist bei mir so ein ewiges
702 1144 3020 1363 Auf- und Niederlohen- Ich will mir aber jetzt ein
729 1322 2958 1526 Glas Wein geben lassen. Ich fühle heute eine ei-
738 1455 3112 1680 gentümliche Kühle in mir-mit der solle zu ende gehn
729 1580 3053 1790 Heda! Wein her! ( er setzt sich, man bringt Wein)
578 1589 708 1784 /79
741 1734 3094 1947 Er steht sich um- Es ist recht voll und lustig in
800 1888 3065 2101 den Sälen.Da findet das Vergnügen seine Triumpfe¬
788 2057 2907 2261 Das Vergnügen, Ja, ja, aber ob auch immer das
774 2181 3088 2407 echte, wahre? Ob nicht das eingebildete Vergnügen?
806 2341 3085 2567 So eine Art von eingeredetem, erzwungenen Vergnü-
824 2475 3032 2718 gen, das man aufsucht, um zu vergessen. Es tst
785 2653 3103 2878 heute das erstemal, dass mir so ein Gedanke kommt.
791 2810 2893 3026 Zum mindesten seit langer Zeit zum erstenmal.
794 2928 3014 3180 Als ich vterzehn Jahre alt war und das erstemal
821 3130 3029 3319 verliebt, da hatte ich auch manchesmal so senti¬
851 3269 3165 3485 mentale Ideen. Aber die Hirngespinste, die mir da-
868 3414 3118 3660 mals recht interessant und übertrdisch schienen
