3416 4168
2564 320 2736 471 152
155 509 1303 731 Enthusiast, (rennt hin )
151 580 2965 815 Benedict. Gehen wir, meine Herren, man löscht schon die Lich-
611 836 994 1036 ter aus.
1012 980 1598 1142 Verwandlung.
1233 1057 2399 1310 Vor dem Kloster. Nacht.
467 1145 611 1409 17.
660 1145 938 1454 IV.80
969 1272 1531 1451 Faustina.
643 1335 2877 1619 Bange Frühlingsnacht. Es sehnt sich das Herz und
158 1405 580 1640 Faustina.
653 1524 2880 1739 will überquellen, sauberhaft und unbeschreiblich
604 1682 2866 1851 glüht und hnistert es rings auf der Erde- und ist
646 1823 2933 2051 dabei dunkel und still. Ich wollt, ich hätt noch
555 1960 3010 2216 Tränen. Ich wollt, ich könnte hieben. ich wollte ein-
657 2143 2965 2336 schlafen können und mich hinüberträumen ins Glück
597 2266 3035 2494 Horch, Schritte durch den Wald. (geht dem Walde zu
604 2469 1500 2677 Amandus? - Amandus-
158 2473 566 2670 Btst Dus.
1001 2606 1897 2750 Siebenter Auftritt.
639 2701 1482 2954 Faustina Amandus.
558 2891 1928 3119 Ich bins. — da bin ich wieder.
155 2936 530 3123 Amandus.
604 3052 2508 3246 ( sie reichen sich die Hände) Pause - -
604 3242 1366 3421 Und keinen Kuss?
155 3221 569 3376 Faustina.
155 3302 2972 3600 Amand. Und Deine Hand kühl, matt- mir ist, als hätte ich sie
597 3530 1704 3727 gar nicht in der meinen
