3384 4072
2766 204 2945 391 111
291 387 2953 585 Constantia. Das ist sehr verschieden, mein Herr. Es gibt
739 513 2963 771 Ballete, wo ich im ersten Akt rechts herethüpfe,
757 692 2967 926 im zweiten links, im dritten rechts und so fort¬
273 825 2999 1033 Mücke. Und so fort- sehr gut- Im vierten links, im fünften
735 1026 2960 1187 rechts; im sechsten — im sachsten, nichtwahr im
782 1141 1840 1342 sechs ten wieder I tnks?
291 1248 2805 1492 Constantia. Ja. wenn ein stebenter käme, wieder rechts
276 1453 2687 1636 Mücke. So, das muss aber ein retzendes Ballet sein.-
280 1561 2917 1779 Alb. Sie sind zu bedauern, mein Herr, wenn Sie' s noch
739 1729 3114 1977 nicht gesehen haben. (Jetzt wird er erst bemerkt)
294 1926 2956 2131 Constantia. Ah. Herr Luft. ( tritt zu ihm ) Wie lang ists
753 2031 2949 2264 schon her, Albinus, dass ich Dich nicht gesehen
746 2196 2612 2418 habe.Du warst schon läge nicht im Foyer.
283 2343 3164 2597 Mücke. Jetzt lässt sie mich stehn. Jetzt lüsst ste mich sehn
743 2536 1647 2723 Fräuleln, Fräulein-
280 2640 2917 2859 Albinus. Mein Herr, belieben Sie nur näher zu treten. Es
793 2798 2956 3031 soll mich freuen, wenn Sie beide mit mir diese
743 2953 3143 3182 Flasche leeren. Erlauben Sie mir übrigens, dass ich
789 3157 2902 3293 mich Ihnen vorstelle. Ich heisse Albinus Luft.
653 3293 3085 3480 Sehr vergnügt, sehr erfreut, will ich sagen- ich bin-
287 3315 578 3480 Milcke.
753 3415 3085 3616 wenn Sie erlauben— Eusebiis Milcke, ein Junger Flö¬
757 3616 1231 3821 tenbläser.
