3416 4088
280 301 2425 574 Fausttha (zu Norbert) Aber nehmen Sie Platz-
270 540 2013 733 Manuela (zu Raphael leise) Raphael.
266 706 2432 885 Raphael (laut) Sie wünschen. mein Fräulein?
270 854 2985 1045 Manuela (plötzlich hühl) Ich ersuche Sie Platz zu nehmen.
280 996 2660 1197 Raph. ( steht sie erstaunt an, setzt sich dann. )
280 1131 1788 1370 Manuela wendet sich zu Leonhard.
277 1290 1702 1463 Ambr. Feuer begann zu spielen.
2954 197 3089 360 32
280 1446 1785 1657 Albinus. Luft steht bei der Tür.
287 1584 2968 1774 Während Abmr. Feuer spielt, erscheint ein langer Herr mit
716 1754 2968 1930 einem Monocle, der herein will. A. Luft hält ihn
370 1743 550 1937 II 7
709 1909 3033 2089 auf, indem er " Est "ruft.Eine junge Dame in Be¬
757 2034 2985 2259 gleitung eines Herrn folgt und wird ebenso aufge¬
713 2207 2770 2373 halten.Auf dieselbe Wetse noch einige Gäste.
757 2359 3161 2518 Zum Schluss kommt das Ehepaar Rastlos. Sie gehen seh
719 2497 3158 2677 schnellund soeben will Alb. Luft die Eiligen aufhal-
719 2674 3058 2826 ten, als Ambr. Feuer zu spielen aufhört.Die Zuhör¬
733 2809 3009 3009 enden brechen in lautes Bravo aus. Allgemeine Be¬
733 2988 2272 3189 grüssung.Verwirrung. Hin und Her¬
764 3137 1422 3313 Herr Norbert.-
291 3127 713 3317 Macarius
291 3286 3075 3483 Aman. Norbert— Ah, täusch ich mich nicht/? Herr Rastlos / Und
688 3428 2283 3611 Ihre liebenswürdige Frau Gemahlin!
