3320 4056
2804 255 2939 525 68
167 411 2467 698 Musenh. (tot schon zur Tür gegangen, öffnet ste
627 638 3070 865 Kommen Sie nur herein, Herr Vinzenz- warum haben Sie
638 833 1503 1007 so lange gezögert?
170 957 2737 1141 Amandus. (bei sich) Ich sehe- ich bin unrettbar verloren.
191 1106 1258 1305 Vizenz ( kommt herein )
1088 1223 1953 1457 Sechster Auftritt.
333 1319 624 1599 26.III 7
858 1418 1943 1606 Vorige, Vinzenz Blaser.
184 1546 2822 1769 Vinzenz Blaser (wischt sich den Schuetss ab ) Puh-I Ver
631 1723 2960 1875 zethen Sie, dass ich mich ein wenig verspätete. Ich
627 1875 2967 2045 bin furchtbar geplagt. Ich komme eben ganz abgemat
620 2010 3045 2201 tet- doch erlauben Sie vor allem, Herr Norbert, dass
674 2166 2914 2379 ich Sie mit mir behannt mache-ich bin erster Po¬
627 2347 2084 2510 saunist in unserer Hofoper und¬
152 2443 3003 2680 Musenh. Das Uebrige werde ich als Konzertunternehmer die Ehre
659 2584 971 2822 haben-
277 2645 489 2815 Am. ye
695 2776 2893 2981 Herr Musenhain, dass doch vorerst Herr Eusebtus
149 2790 670 2981 Ich glaube.
610 2942 2953 3109 Müche sein Flötenlted zu Ende bringen sollte, bevor
617 3056 3027 3229 wir zu dem andern übergehen.-der Eindruck wird sonst
610 3198 2861 3414 auf empfindliche Weise gestärt.- und es wäre mir¬
617 3396 2903 3595 ganz offen gesagt, läeber, meine Herren, wenn das
