3384 4104
2864 214 2978 421 90
686 461 2993 600 Wenn wir aus einzelnen Stücken das ganze, grosse
650 550 2978 800 uns nach und nach zusammensetzten - und jedes ein¬
696 707 2928 1000 zeln hernehmen und seine Kleinheit so recht emp¬
682 879 2925 1089 finden und bedenken, wenn diese Kleinheiten sich
700 1043 2953 1214 zusammentun, so wird was draus, wovor wir Respekt
707 1207 2911 1404 haben,-Gräfin, wahrhaftig es macht mich lachen!
207 1368 1118 1582 Faustina. Benedict!
714 1518 1089 1696 Gräfin?
218 1528 646 1707 Benedtet
218 1621 2121 1878 Faustina. Sie glauben, dass ich- heuchle¬
218 1786 2193 2021 Benedict. Heuchle? Ich verstehe Sie nicht.
261 1950 2986 2150 Faustina. Sie glauben, ich spiele die Tugendhafte, weil ich
732 2096 2475 2275 mich vor der Welt zu schämen begänne.
275 2239 1939 2450 Benedict. Oh, Gräfin- nicht deshalb!
696 2353 2864 2564 Ah nicht deshalb- Aber dass ich Komödie spiele
239 2493 664 2700 Faustina.
668 2575 1475 2750 glauben Sie doch.
743 2653 3178 2911 ( Beruhigend) Oh, nein nein, gewiss, das glaube ich
246 2753 686 2996 Benedtot.
711 2882 1307 3075 nicht, denn-
250 3100 989 3228 Faustina. Denn?
257 3121 1396 3439 Benedict. Ich weiss es.
1421 3296 1850 3511 (Pause)
264 3421 3136 3693 Faustina. (ruhig) Ah- Sie wissen es. Vortrefflich, Benedict.
