3416 4104
2902 283 3085 422 101
694 404 3000 647 Herr Feuer, was fehlt Y Ihnen denn? Ich flüsterte
788 620 3071 809 nur "Ach" und lehnte mich in eine Fensternische.
697 756 2914 927 Das macht die Menschen sehr interessant- obwohl
715 898 3088 1078 mirs darauf natürlich gar nicht ankommt. - aber es
717 1051 3053 1222 gewährt wirklich eine gewissex Genugtuung. (nicht
806 1184 3029 1405 zu harrikieren ) Heute hab ich ein Bild Fausti¬
726 1352 3041 1526 nens gezeichnet, ein paar Verse darunter geschrie¬
726 1535 2926 1715 ben, sowie die entsprechende Melodte. (er singt
762 1683 1444 1881 vor sich hin )
1181 1813 2262 1963 Faustina, süsses Wesen-
777 1863 1025 2022 G.C.F.S.
1181 1949 2504 2155 Nun weilst Du fern von hier,
1190 2105 2430 2321 Bist manchem lieb gewesen,
1181 2300 2194 2439 Am allerliebsten mir.
726 2436 3079 2580 Mich ergreift es ausserordentlich, wenn ich dieses
788 2583 3088 2731 Lied singe., und doch es tröstet mich wieder, ich
794 2713 3003 2879 möchte jetzt gern einen Menschen sehen, dem ich
803 2870 3015 3044 sagen könnte, dass ich wunderbar getröstet bin.-
744 3059 2578 3260 Das erleichtert mein Herz. Ah- Raphael!
1211 3183 2017 3369 Zweiter Auftritt.
1205 3310 2111 3493 Raphael. Ambros ius.
292 3466 1851 3708 Ambr. Guten Tag, l teber Raphael!
