3352 4104
2812 264 2951 457 86
193 393 2655 600 Benedic. Romuald ( tritt herein ) Guten Tag, Gräfin.
193 575 1342 799 Faustina. Ah, Sie sinds.
735 710 2787 874 Ja ich komme, meinen Abschiedsbesuch machen.
189 746 625 949 Benedtot.
664 864 2891 1039 ( Hat sich auf einem Sessel in der Fensternische
193 903 621 1063 Faustina.
667 1017 2752 1213 niedergelassen, Homuald steht.) Sie sind sehr
667 1171 1188 1370 freundlich.
696 1317 2948 1538 Sie kennen mich genugsam, um zu wissen, dass ich
200 1303 625 1552 Benediot.
699 1506 2966 1681 den Schritt, welchen Sie zu tun im Begriffe sind,
660 1627 2516 1788 guthefsse- Pardon, dass ich so beginne.
667 1792 3041 1952 Oh ich weiss ja, dass Sie diesen salbungsvollen Ton
203 1802 628 1981 Faustina.
657 1952 1014 2120 1 teben.
207 2073 2901 2263 Benediot. Sie nennen das salbungsvoll.-Unsere Zett pflegt
600 2248 2516 2402 diesen Ausdruck spöttisch aufzufassen.
200 2373 2509 2609 Faustina. Sie wissen ja, dass ich ihn ernst meinte.
200 2537 3073 2716 Benedict. Oh- ich bin davon überzeugt.Wie gesagt also-ich kom¬
650 2687 2994 2894 me Ihnen Lebewohl sagen.Denn ich werde Sie ja wohl
650 2841 1756 3044 lange Zeit nicht sehen.
692 3016 1474 3176 Sehr lange Zett.
203 2994 632 3173 Faustina.
707 3169 2934 3312 Ich will nicht gerade die Vermutung aussprechen,
200 3176 628 3383 Benedict
699 3283 3033 3447 dass Sie den Schleter zu nehmen gedenken- die wäre
667 3444 3037 3644 etwas zu kühn — aber dessen bin ich wohl versichert
