3384 4088
2882 129 3008 313 14
708 255 1100 545 geber in?
1996 378 2337 535 schweze
269 487 2769 705 Finke. Fräulein Manuela verstand die schöne Kunst, uns
695 606 2398 862 Gräfin Faustina vergessen zu lassen.
276 804 2510 981 Bar. Holl. Wo weilt sie, meine liebste Manuela?
269 930 1792 1121 Alb. Luft. Ich flehe um Antwort.
279 1063 2912 1298 Ambr. Peter. Gräfin Faustina ist in die Kirche gegangen.
715 1267 1890 1485 (Allgemeines Erstaunen )
272 1407 773 1591 Finke. Et!
286 1563 3018 1713 Bar, Holl. Gewiss ist heute eine Abendmesse, in der irgend
705 1696 2970 1908 ein auserlesener Kunstgenuus geboten wird- viel-
702 1880 1066 2078 leicht-
276 2023 2919 2214 Manuela- Nichts dergleichen., Frau Baronin. Faustina ging
719 2136 2688 2361 in die Ktrche, um in die Kirche zu gehen.
300 2333 1901 2500 Bar, Holl. Doch nicht um zu beten?
283 2493 2040 2681 Manuela. Ich glaube ste wollte beten.
293 2616 2221 2844 Bar, Holl. (zu Finke) die Gräfin betet.
293 2790 1294 2991 Finke. Hm, sie betet.
290 2820 2742 3144 Bar. Holl. Lieber Kapellmeister, ich hab über dieses
708 3093 2129 3260 Gebet meine eigenen Anstchten.
296 3233 1713 3451 Finke. Ich auch, Frau Baronin.
290 3389 2895 3563 Alb, Luft ( zu Manuela ) Aber sie wird doch nicht lange
719 3522 2854 3750 auf stch warten lassen; Fräulein,freilich Sie
