3416 4088
2879 234 3006 358 40
272 320 3048 703 Leonhard.Nun? Nun unterhalten wir uns. Du wolltest mir etwas
672 606 1109 799 erzählen.
644 672 3123 992 Ja, ganz wohl. Du bemerkst wie eigentümlich mein Be¬
300 692 561 988 Raph.
737 885 2145 1112 nehmen Samuelen gegenüber ist.
310 944 3065 1302 Leonhard. ( sich nach ihm schnell umwendend) Ja, sehr wohl-
740 1192 1670 1419 und gerade deshalb¬
716 1326 2586 1546 sich auch zu ihm hehrend ) deshalb? nun?
324 1316 661 1594 Raph.—
716 1446 3234 1691 Deshalb wollte ich auch mit Dir ein ernstes Wort spre
334 1577 637 1774 Leonh.
775 1612 3158 1853 chen.Deine Kapritze, lteber Raphael, wird Dir teuer
782 1743 3130 1990 zu stehen kommen. Du willst sie eifersüchtig machen
789 1932 3120 2149 und wirst selbst vor Eifersucht wahnsinnig werden.
672 2152 1474 2352 Leonhard! —Ich—
355 2152 630 2328 Raph.
368 2225 2993 2500 Leonhard. Gib Dich zufrieden,Raphael—und lass Dir raten.
847 2338 3196 2607 Ich mein es freundschaftlich mit Dir und Du kannst
758 2517 3113 2796 Dich beglückwünschen, dass wir wieder versöhnt sind
823 2669 3234 2924 und ich Dich so herzlich gern habe wie nur irgend je
730 2776 3127 3092 Lass Detne Liebesgeständnisse und drücke Dich etwas
393 2831 658 3137 Raph.
833 3048 1536 3237 deutlicher aus.
406 2996 3154 3385 Leonh. Vor allem andern wende Dich weg von mir.Wir dürfen
840 3313 2941 3530 uns nicht ins Gesicht sehen.-Nun tats recht.-
417 3513 1508 3716 Raph. Beginn, beginn.-
