3384 4056
2782 209 2925 482 61.
632 454 3015 621 gnädtge Frau? (Er nimmt Genovefas Arm und geht mit
649 586 2872 785 ihr im Zimmer herum Macartus geht auch im Zimmer
625 782 981 967 herum)
534 890 2998 1103 Denken Sie sich nur, meine Herren-was uns für ein Un-
154 883 454 1134 Macar.
628 1005 2673 1281 glück passierte-wir versäumten den Frühzug.-
845 1239 1002 1445 Ah-
154 1253 527 1379 Amandus.
164 1403 607 1605 Benedtet.
621 1529 2946 1738 Aber begreiflicherweise eine Minute ruhiger Ueber¬
154 1612 482 1759 Macar.
635 1724 967 1906 legung¬
667 1850 3012 2024 Ruhtge Ueberlegung-wiel So lern ich Sie ja mit ei¬
168 1909 600 2073 Benedict.
628 2014 2890 2213 nem Mal von einer, mir bis her ganz fremden Sette
635 2153 3008 2373 kennen. Oh, verzethen Ste Herr Rastlos und auch Sie,
639 2373 3068 2502 gnädige Frau, aber wahrhaftig es muss einen im ersten
628 2478 2893 2642 Augenblick Wunder nehmen, ruhige Ueberlegung mit
642 2604 2935 2816 einem so hitzigen Naturell, einem so leidenschaft
639 2789 3008 2942 lichen Temperament verbunden zu sehen.Denn Ihr feu.
635 2932 1892 3110 riges Wesen, ihr glühendes¬
174 3078 1256 3288 Macartus, Genovefa.—Oh-
168 3214 2736 3410 Amad. Ste unterbrachen Herrn Rastlos, lieber Benedict.
171 3396 1738 3595 Macar. o ich bih gleich zu Ende.
181 3542 2984 3797 Benedict. Sie sind bei der Minute einer ruhigen Ueberlegung
