3368 4168
2866 303 3041 478 122
289 396 3130 695 Raph. Es ist klar, sie hat mich verspottet- und meine Heftig
766 652 3094 852 keit, meine Heftigkeit! Sie sieht, dass ich rasend
781 756 2873 995 in sie verliebt bin- und ich wollte den Kalten
770 955 1187 1166 spielen.
310 1080 1733 1298 Ambr. Aber was ist geschehen?
314 1212 3055 1437 Raph. Sie sehen in mir den lächerlichsten Menschen, von der
784 1362 3020 1583 Welt! Manuela drückte dem Leonhard die Hand- ich
795 1522 3073 1775 und toh— ich fasse das Champagnerglas- und schlag
838 1686 2927 1900 es auf den Tisch- aber nein, es war nicht so.
806 1815 3123 2046 Ich musste einen Trinkspruch sagen und unterdessen
802 1996 3123 2192 wühlte Eifersucht in meiner Brust, Ich hob das Glas
770 2139 3162 2360 und als ich es niedersetzte, zersprang es in tausend
809 2342 1283 2517 Scherben.-
399 2353 702 2577 i. VII 79
346 2485 1390 2699 Ambr. Oh diese Wetber!
353 2535 3091 2827 Raph. Wollte die Kalte spielen. Spielen! Und darüber möcht
841 2734 2966 2952 ich mich so eretfern? Nein, nein, — sie ist es
816 2873 3077 3077 Sonst- ach, wenn sie die Kalte spielte! Aber sie
870 3041 3148 3251 liebt Leonhard. Und dass ich es verschuldet habe.
731 3198 2018 3405 Sie hätten das verschuldet?
367 3262 677 3422 Ambr.
364 3319 3230 3558 Raph. Es ist aus mit mir— Ihre Liebe verloren! Machen Sie doch
895 3476 3027 3715 ein Gedicht auf das tragtsche Ende! Ambrostus.
