3336 4088
619 371 2822 581 jetzt wär er längst vergessen. Ob er auch jetzt
619 556 2677 710 noch so ernst vor sich hinschaut wie damals.
610 698 2957 892 Aber ich wede ihn ja sehen,. Und doch, um wie viel
192 842 2715 1072 17.XII 1978 lieber seh ich meinen Raphael. (Sie seufzt)
182 987 2288 1185 Ein Dtser - ( meldet ) Herr Ambrostus Feuer.
192 1141 1565 1348 Manuela. Er möchte eintreten.
622 1326 2778 1512 (Diener ab, zugleich kommt Ambrosius Feuer. )
1062 1439 1939 1659 Dritter Auftritt.
1301 1590 2212 1791 Manuela, Ambros ius.
563 1779 3004 1967 Da ist er schon. Wozu auch die lästigen Formalitäten.
189 1801 456 1926 Ambr.
619 1929 3026 2127 Schrankenlos, wie der freiwaltender Geist, gestalte
622 2074 2778 2222 sich das allzu eingeengte Leben. -Meinen Hand¬
622 2234 2825 2417 kuss, Fräulein. Welcher glücklichen Fügung habe
628 2369 2875 2555 ich es zu danken, dass Sie es sind, die ich heu¬
625 2542 2869 2737 te als erste im gasztlichen Hause der Gräfin Fau-
619 2699 2913 2888 stina sehe? Und stehe da! (er steht sich um)
660 2816 2960 3011 Ganz allein? Wahrhaftig, ganz einsam und allein.
622 2992 2765 3174 Ich wäre der erste Gast? Welche Unbescheiden¬
622 3136 2319 3344 heit! Ich sollte mich gleich wieder¬
635 3287 2822 3510 o- Herr Feuer- schrankenlos wie der freiwalten-
189 3306 581 3469 Manuela.
619 3450 1094 3661 de Getst—
575 3595 2787 3834 Genug, mein Fräulein- Ich verstehe Sie. Sie er¬
192 3614 459 3834 Ambr.
