3384 4088
2908 249 3016 428 13
802 256 3114 556 Mein Drama ist vollendet. Doch begann ich gestern
809 610 2544 772 ein kleines Singspiel zu komponieren.
388 654 2996 937 Bar. Holl. Ambrostus Feuer, Sie sind ein Universalgente
809 809 2918 1112 Sie spielen uns heute einige Bruchstücke vor,
812 1048 1358 1159 nicht wahr?
819 1099 2929 1361 Und Herr Kapellmeister beglettet die Frau Ba-
381 1210 775 1402 Manuela.
809 1321 2891 1493 monin zu einem Lied. Betrachten Sie doch das
809 1463 2966 1611 Notenpult, sehen Sie das letzte Heft, Herr Ka¬
812 1661 1503 1763 pellmetster.?
819 1692 2929 1914 nimmt es ) Ah- ich bin geradezu erschüttert.
388 1763 694 1941 Finke.
809 1877 2932 2059 Frau Baronin. Mein letztes Lied!Es ist allzu-
812 2002 3036 2197 liebenswürdig. Und wenn mir auch das Glück noch
819 2177 2642 2369 lächelt, dass die Frau Baronin selbst¬
394 2332 2571 2534 Alb. Luft. ( zu der Baronin)Man fleht Sie an!
394 2565 2204 2666 Ambr. Feuer. Singen Sie,Frau Baronin!
401 2645 2902 2912 Manuela. Sie werden uns doch gewiss diese Bitte nicht
819 2888 1260 3060 versagen.
408 2929 2895 3185 Leonh. Friede. Sie werden doch nicht so grausam sein!
411 3154 3121 3373 Bar. Holl. (war immerwährend sehr geztert und verschämt)
832 3266 2993 3505 Vor allem brauchts noch der Zustimmung unserer
832 3468 2517 3677 teuern Gräfin- Wenn Gräfin Faustina¬
411 3616 3026 3815 Leonh. Friede. Wo verbirgt sich denn unsere schöne Gast-
