<?xml version="1.0" encoding="UTF-8" standalone="yes"?>
<PcGts xmlns="http://schema.primaresearch.org/PAGE/gts/pagecontent/2013-07-15" xmlns:xsi="http://www.w3.org/2001/XMLSchema-instance" xsi:schemaLocation="http://schema.primaresearch.org/PAGE/gts/pagecontent/2013-07-15 http://schema.primaresearch.org/PAGE/gts/pagecontent/2013-07-15/pagecontent.xsd">
    <Metadata>
        <Creator>prov=READ-COOP:name=TrHtr:version=2.1.0:model_id=51170:date=27_07_2023_19:32</Creator>
        <Created>2023-05-10T11:24:16.047+02:00</Created>
        <LastChange>2023-07-27T19:32:32.757+02:00</LastChange>
        <TranskribusMetadata docId="1428154" pageId="55386879" pageNr="57" tsid="131289202" status="IN_PROGRESS" userId="64420" imgUrl="https://files.transkribus.eu/Get?id=ERVMUXJAAOEWIIYDDPWXMWKU&amp;fileType=view" xmlUrl="https://files.transkribus.eu/Get?id=TXQZDTGOKMJIXGWJDJFYJQMT" imageId="44661776"/>
    </Metadata>
    <Page imageFilename="1428154_0057.jpg" imageWidth="3368" imageHeight="4056">
        <ReadingOrder>
            <OrderedGroup id="ro_1711820752526" caption="Regions reading order">
                <RegionRefIndexed index="0" regionRef="tr_3"/>
                <RegionRefIndexed index="1" regionRef="tr_1"/>
                <RegionRefIndexed index="2" regionRef="tr_2"/>
            </OrderedGroup>
        </ReadingOrder>
        <TextRegion id="tr_3" custom="readingOrder {index:0;}">
            <Coords points="2853,326 2960,326 2960,392 2853,392"/>
            <TextLine id="tr_3_tl_1" custom="readingOrder {index:0;}">
                <Coords points="2830,466 2898,470 2909,463 2926,481 2933,473 2951,477 2965,199 2905,196 2894,185 2869,196 2844,189"/>
                <Baseline points="2853,382 2871,382 2915,382 2960,376"/>
                <TextEquiv>
                    <Unicode>52</Unicode>
                </TextEquiv>
            </TextLine>
        </TextRegion>
        <TextRegion id="tr_1" custom="readingOrder {index:1;}">
            <Coords points="265,481 3211,481 3211,2287 265,2287"/>
            <TextLine id="tr_1_tl_1" custom="readingOrder {index:0;}">
                <Coords points="242,651 3104,548 3104,466 2268,335 502,552 249,484"/>
                <Baseline points="265,617 286,617 331,617 376,617 420,614 465,611 510,614 555,611 599,611 644,611 689,614 734,608 743,608 784,605 829,605 874,605 919,602 964,602 1008,602 1053,599 1098,599 1143,599 1187,596 1232,593 1277,590 1322,590 1366,590 1411,587 1456,584 1501,584 1545,581 1590,581 1635,581 1680,579 1725,576 1769,576 1814,576 1859,576 1904,573 1948,570 1993,567 2038,567 2083,567 2127,564 2172,561 2217,561 2262,558 2307,558 2351,558 2396,558 2441,555 2486,555 2530,552 2575,549 2620,549 2665,546 2709,546 2754,543 2799,543 2844,540 2889,540 2933,537 2978,534 3023,534 3068,531 3112,531"/>
                <TextEquiv>
                    <Unicode>Benedikt. Und Sie selbst aus dem lebensmüden, melancholischen</Unicode>
                </TextEquiv>
            </TextLine>
            <TextLine id="tr_1_tl_2" custom="readingOrder {index:1;}">
                <Coords points="705,776 2399,723 2837,790 3047,651 2446,659 2264,577 708,623"/>
                <Baseline points="725,761 770,761 814,761 859,761 904,761 949,758 993,758 1038,758 1083,758 1128,755 1172,755 1217,755 1262,752 1307,749 1352,746 1396,746 1441,743 1486,743 1531,740 1575,737 1620,737 1665,734 1710,734 1754,734 1799,734 1844,731 1889,728 1933,728 1978,728 2023,725 2068,725 2113,722 2157,725 2202,722 2247,722 2292,719 2336,716 2381,713 2426,713 2471,710 2515,710 2560,710 2605,707 2650,704 2695,701 2739,701 2784,698 2829,698 2874,698 2918,695 2963,692 3008,692 3053,692"/>
                <TextEquiv>
                    <Unicode>Jüngling, ein so lebenslustiger, genussfroberMann.</Unicode>
                </TextEquiv>
            </TextLine>
            <TextLine id="tr_1_tl_3" custom="readingOrder {index:2;}">
                <Coords points="246,1022 915,911 3012,929 2919,755 2396,723 1278,854 253,780"/>
                <Baseline points="268,928 292,928 337,925 382,925 426,925 471,922 516,922 561,922 605,922 650,919 695,916 740,913 784,913 829,913 874,913 919,910 964,907 1008,904 1053,904 1098,901 1143,901 1187,901 1232,901 1277,898 1322,895 1366,895 1411,892 1456,892 1501,892 1545,892 1590,889 1635,889 1680,886 1725,886 1769,883 1814,883 1859,883 1904,880 1948,877 1993,877 2038,874 2083,871 2127,871 2172,871 2217,868 2262,868 2307,865 2351,865 2396,862 2441,859 2486,859 2530,859 2575,856 2620,856 2665,853 2709,853 2754,850 2799,847 2844,844 2889,844 2933,844 2978,841 3023,841"/>
                <TextEquiv>
                    <Unicode>Amand. Lassen Sie uns in den Saal gehen. Die Gräfin ruht in</Unicode>
                </TextEquiv>
            </TextLine>
            <TextLine id="tr_1_tl_4" custom="readingOrder {index:3;}">
                <Coords points="726,1082 783,1107 829,1082 886,1118 975,1072 1036,1100 1104,1064 1442,1079 1488,1064 1492,965 1388,972 1225,915 1093,915 933,961 862,926 790,958 730,929"/>
                <Baseline points="746,1062 781,1062 826,1062 871,1062 916,1059 961,1059 1005,1056 1050,1056 1095,1053 1140,1050 1184,1050 1229,1050 1274,1047 1319,1044 1363,1044 1408,1044 1453,1044 1498,1047"/>
                <TextEquiv>
                    <Unicode>einem Lehnstuhl.</Unicode>
                </TextEquiv>
            </TextLine>
            <TextLine id="tr_1_tl_5" custom="readingOrder {index:4;}">
                <Coords points="783,1225 2866,1182 2909,1011 2179,965 1855,1075 1577,997 1445,1079 790,1089"/>
                <Baseline points="802,1214 808,1217 853,1214 898,1214 943,1211 987,1211 1032,1211 1077,1208 1122,1208 1166,1208 1211,1205 1256,1202 1301,1202 1346,1199 1390,1199 1435,1196 1480,1196 1525,1196 1569,1193 1614,1193 1659,1190 1704,1190 1748,1187 1793,1187 1838,1187 1883,1184 1928,1184 1972,1181 2017,1181 2062,1178 2107,1175 2151,1175 2196,1175 2241,1175 2286,1172 2330,1169 2375,1169 2420,1166 2465,1163 2510,1163 2554,1160 2599,1160 2644,1160 2689,1158 2733,1155 2778,1155 2823,1155 2868,1152 2912,1152"/>
                <TextEquiv>
                    <Unicode>Vielleicht tanzt sie noch einen Abschiedstanz.</Unicode>
                </TextEquiv>
            </TextLine>
            <TextLine id="tr_1_tl_6" custom="readingOrder {index:5;}">
                <Coords points="263,1242 299,1250 345,1299 409,1285 473,1349 616,1353 687,1328 694,1047 566,1061 449,1025 338,1089 267,1054"/>
                <Baseline points="283,1238 298,1235 343,1232 387,1229 432,1229 477,1229 522,1226 567,1226 611,1223 656,1226 701,1223"/>
                <TextEquiv>
                    <Unicode>Benedikt.</Unicode>
                </TextEquiv>
            </TextLine>
            <TextLine id="tr_1_tl_7" custom="readingOrder {index:6;}">
                <Coords points="730,1388 1680,1349 1837,1445 2738,1317 2969,1410 2976,1225 733,1214"/>
                <Baseline points="749,1369 787,1366 832,1366 877,1366 922,1363 966,1363 1011,1363 1056,1360 1101,1360 1146,1357 1190,1357 1235,1354 1280,1354 1325,1354 1369,1352 1414,1352 1459,1349 1504,1349 1548,1349 1593,1349 1638,1346 1683,1343 1728,1340 1772,1340 1817,1340 1862,1337 1907,1334 1951,1334 1996,1331 2041,1331 2086,1331 2130,1328 2175,1325 2220,1325 2265,1322 2310,1322 2354,1319 2399,1319 2444,1319 2489,1316 2533,1316 2578,1313 2623,1313 2668,1310 2712,1310 2757,1307 2802,1307 2847,1304 2892,1304 2936,1301 2981,1298"/>
                <TextEquiv>
                    <Unicode>Fordern Sie sie auf. Sie wird dem Künstler nichts</Unicode>
                </TextEquiv>
            </TextLine>
            <TextLine id="tr_1_tl_8" custom="readingOrder {index:7;}">
                <Coords points="787,1549 958,1602 1004,1570 1107,1598 1157,1563 1235,1549 1299,1566 1299,1474 1257,1449 1100,1460 1054,1445 1029,1463 993,1442 943,1474 876,1452 787,1470"/>
                <Baseline points="805,1525 817,1522 862,1522 907,1519 952,1519 996,1519 1041,1516 1086,1516 1131,1516 1175,1510 1220,1513 1265,1510 1310,1513"/>
                <TextEquiv>
                    <Unicode>abschlagen.</Unicode>
                </TextEquiv>
            </TextLine>
            <TextLine id="tr_1_tl_9" custom="readingOrder {index:8;}">
                <Coords points="644,1705 1609,1655 1983,1766 2396,1634 2755,1719 3200,1623 3204,1485 648,1613"/>
                <Baseline points="665,1680 704,1680 749,1680 793,1680 838,1677 883,1677 928,1674 972,1671 1017,1671 1062,1668 1107,1668 1152,1665 1196,1665 1241,1665 1286,1662 1331,1659 1375,1659 1420,1659 1465,1656 1510,1656 1554,1656 1599,1653 1644,1653 1689,1650 1734,1647 1778,1647 1823,1647 1868,1644 1913,1644 1957,1641 2002,1641 2047,1641 2092,1638 2136,1635 2181,1632 2226,1632 2271,1632 2316,1629 2360,1629 2405,1626 2450,1626 2495,1629 2539,1626 2584,1623 2629,1620 2674,1620 2718,1617 2763,1617 2808,1617 2853,1614 2897,1614 2942,1614 2987,1611 3032,1608 3077,1605 3121,1602 3166,1599 3211,1599"/>
                <TextEquiv>
                    <Unicode>Ich wills versuchen. Leben Sie indessen wohl.Wir spreen</Unicode>
                </TextEquiv>
            </TextLine>
            <TextLine id="tr_1_tl_10" custom="readingOrder {index:9;}">
                <Coords points="274,1752 320,1759 335,1773 395,1752 459,1702 488,1716 548,1698 573,1702 573,1616 538,1613 481,1634 431,1613 399,1623 367,1598 349,1609 274,1609"/>
                <Baseline points="292,1695 310,1692 355,1689 399,1689 444,1689 489,1689 534,1689 579,1689"/>
                <TextEquiv>
                    <Unicode>Amand.</Unicode>
                </TextEquiv>
            </TextLine>
            <TextLine id="tr_1_tl_11" custom="readingOrder {index:10;}">
                <Coords points="662,1873 730,1905 1086,1833 1171,1876 1371,1890 1502,1819 1630,1851 1634,1737 1018,1741 865,1780 666,1737"/>
                <Baseline points="683,1823 701,1826 746,1829 790,1826 835,1826 880,1823 925,1823 969,1823 1014,1823 1059,1823 1104,1820 1149,1820 1193,1817 1238,1817 1283,1817 1328,1817 1372,1814 1417,1811 1462,1808 1507,1808 1551,1805 1596,1805 1641,1802"/>
                <TextEquiv>
                    <Unicode>chon uns noch. ( ab )</Unicode>
                </TextEquiv>
            </TextLine>
            <TextLine id="tr_1_tl_12" custom="readingOrder {index:11;}">
                <Coords points="851,1983 2884,1976 3101,1944 3101,1862 2310,1869 2058,1780 1463,1912 1218,1855 854,1912"/>
                <Baseline points="871,1981 916,1975 961,1969 1005,1969 1050,1969 1095,1969 1140,1966 1184,1966 1229,1966 1274,1963 1319,1963 1363,1963 1408,1960 1453,1957 1498,1957 1543,1954 1587,1951 1632,1951 1677,1951 1722,1948 1766,1948 1811,1948 1856,1945 1901,1945 1945,1945 1990,1942 2035,1942 2080,1939 2124,1939 2169,1936 2214,1936 2259,1936 2304,1933 2348,1933 2393,1931 2438,1931 2483,1931 2527,1931 2572,1928 2617,1928 2662,1925 2706,1925 2751,1922 2796,1919 2841,1919 2886,1919 2930,1916 2975,1913 3020,1913 3065,1907 3109,1901"/>
                <TextEquiv>
                    <Unicode>Es ist eine wahre Sucht in die Welt gefahren, Ko-</Unicode>
                </TextEquiv>
            </TextLine>
            <TextLine id="tr_1_tl_13" custom="readingOrder {index:12;}">
                <Coords points="278,2090 345,2093 388,2058 434,2079 463,2051 523,2075 545,2061 627,2075 644,2058 701,2058 705,1912 666,1919 634,1887 513,1926 431,1862 338,1890 281,1858"/>
                <Baseline points="301,1996 307,1996 352,1993 396,1990 441,1990 486,1987 531,1987 576,1987 620,1987 665,1987 710,1987"/>
                <TextEquiv>
                    <Unicode>Benedikt.</Unicode>
                </TextEquiv>
            </TextLine>
            <TextLine id="tr_1_tl_14" custom="readingOrder {index:13;}">
                <Coords points="751,2140 1495,2118 1598,2186 1990,2104 2229,2175 2609,2072 3062,2132 3069,1954 755,2054"/>
                <Baseline points="772,2127 790,2127 835,2127 880,2124 925,2124 969,2122 1014,2122 1059,2122 1104,2119 1149,2119 1193,2119 1238,2116 1283,2116 1328,2113 1372,2113 1417,2110 1462,2110 1507,2110 1551,2107 1596,2104 1641,2104 1686,2101 1731,2101 1775,2098 1820,2098 1865,2095 1910,2092 1954,2092 1999,2092 2044,2089 2089,2089 2133,2086 2178,2086 2223,2086 2268,2083 2313,2083 2357,2080 2402,2080 2447,2077 2492,2074 2536,2071 2581,2071 2626,2071 2671,2071 2715,2068 2760,2065 2805,2065 2850,2065 2895,2062 2939,2062 2984,2059 3029,2059 3074,2059"/>
                <TextEquiv>
                    <Unicode>mödie zu spielen. Man steht zu und unterhält sich.</Unicode>
                </TextEquiv>
            </TextLine>
            <TextLine id="tr_1_tl_15" custom="readingOrder {index:14;}">
                <Coords points="748,2307 2926,2275 3044,2253 3047,2132 2093,2122 1378,2218 751,2154"/>
                <Baseline points="767,2277 811,2277 856,2277 901,2277 946,2277 990,2277 1035,2274 1080,2271 1125,2268 1169,2271 1214,2268 1259,2268 1304,2265 1349,2262 1393,2262 1438,2259 1483,2259 1528,2259 1572,2259 1617,2256 1662,2253 1707,2253 1751,2253 1796,2250 1841,2250 1886,2250 1931,2247 1975,2244 2020,2247 2065,2241 2110,2241 2154,2241 2199,2235 2244,2235 2289,2232 2333,2229 2378,2229 2423,2229 2468,2226 2512,2226 2557,2226 2602,2226 2647,2223 2692,2223 2736,2223 2781,2220 2826,2220 2871,2217 2915,2214 2960,2214 3005,2211 3050,2208"/>
                <TextEquiv>
                    <Unicode>Die einen lassen sich betrügen und halten die Ko-</Unicode>
                </TextEquiv>
            </TextLine>
        </TextRegion>
        <TextRegion id="tr_2" custom="readingOrder {index:2;}">
            <Coords points="322,2310 3145,2310 3145,3525 322,3525"/>
            <TextLine id="tr_2_tl_1" custom="readingOrder {index:0;}">
                <Coords points="751,2485 3136,2385 3140,2229 2948,2314 755,2357"/>
                <Baseline points="772,2429 817,2429 862,2429 907,2429 952,2426 996,2426 1041,2423 1086,2423 1131,2420 1175,2420 1220,2417 1265,2417 1310,2414 1354,2414 1399,2411 1444,2414 1489,2411 1534,2408 1578,2405 1623,2405 1668,2405 1713,2405 1757,2402 1802,2399 1847,2399 1892,2396 1936,2396 1981,2393 2026,2396 2071,2396 2116,2390 2160,2390 2205,2387 2250,2384 2295,2384 2339,2378 2384,2378 2429,2375 2474,2375 2518,2375 2563,2375 2608,2372 2653,2372 2698,2372 2742,2372 2787,2372 2832,2369 2877,2369 2921,2369 2966,2366 3011,2363 3056,2363 3100,2360 3145,2360"/>
                <TextEquiv>
                    <Unicode>mödie für wahr- was tuts ihnen auch - die andern, 1a</Unicode>
                </TextEquiv>
            </TextLine>
            <TextLine id="tr_2_tl_2" custom="readingOrder {index:1;}">
                <Coords points="762,2627 2496,2553 2706,2620 3058,2535 3062,2403 765,2478"/>
                <Baseline points="781,2578 826,2581 871,2581 916,2578 961,2578 1005,2575 1050,2572 1095,2569 1140,2569 1184,2566 1229,2566 1274,2566 1319,2563 1363,2563 1408,2563 1453,2560 1498,2560 1543,2560 1587,2560 1632,2557 1677,2560 1722,2557 1766,2557 1811,2554 1856,2551 1901,2548 1945,2545 1990,2545 2035,2542 2080,2542 2124,2542 2169,2539 2214,2539 2259,2539 2304,2536 2348,2536 2393,2533 2438,2530 2483,2530 2527,2527 2572,2527 2617,2524 2662,2524 2706,2524 2751,2524 2796,2524 2841,2521 2886,2521 2930,2521 2975,2518 3020,2515 3065,2515"/>
                <TextEquiv>
                    <Unicode>sen sich nicht betrügen und amüsteren sich. So ist</Unicode>
                </TextEquiv>
            </TextLine>
            <TextLine id="tr_2_tl_3" custom="readingOrder {index:2;}">
                <Coords points="730,2745 911,2745 961,2784 1075,2734 1250,2787 1410,2731 1563,2784 1566,2631 1456,2609 1328,2674 1157,2599 972,2666 911,2624 733,2631"/>
                <Baseline points="749,2736 770,2733 814,2730 859,2730 904,2727 949,2727 993,2724 1038,2724 1083,2724 1128,2721 1172,2718 1217,2718 1262,2718 1307,2715 1352,2715 1396,2715 1441,2712 1486,2712 1531,2712 1575,2715"/>
                <TextEquiv>
                    <Unicode>ihnen beiden wohl.</Unicode>
                </TextEquiv>
            </TextLine>
            <TextLine id="tr_2_tl_4" custom="readingOrder {index:3;}">
                <Coords points="737,2912 1096,2891 1185,2941 1349,2887 1627,2933 2075,2869 2075,2763 1915,2738 1670,2805 1474,2759 1164,2827 1015,2773 918,2834 740,2805"/>
                <Baseline points="755,2889 784,2886 829,2883 874,2883 919,2880 964,2877 1008,2877 1053,2874 1098,2874 1143,2874 1187,2874 1232,2871 1277,2871 1322,2868 1366,2868 1411,2868 1456,2865 1501,2865 1545,2865 1590,2862 1635,2859 1680,2859 1725,2859 1769,2856 1814,2853 1859,2853 1904,2850 1948,2850 1993,2850 2038,2850 2083,2853"/>
                <TextEquiv>
                    <Unicode>und Genovefa Rastlos schnell.</Unicode>
                </TextEquiv>
            </TextLine>
            <TextLine id="tr_2_tl_5" custom="readingOrder {index:4;}">
                <Coords points="303,2958 338,2951 370,2973 495,2923 523,2941 587,2930 612,2909 691,2916 694,2773 662,2773 637,2795 584,2773 481,2823 306,2820"/>
                <Baseline points="322,2903 346,2900 390,2897 435,2895 480,2895 525,2895 570,2892 614,2892 659,2892 704,2889"/>
                <TextEquiv>
                    <Unicode>Macarius</Unicode>
                </TextEquiv>
            </TextLine>
            <TextLine id="tr_2_tl_6" custom="readingOrder {index:5;}">
                <Coords points="317,3087 1965,3047 2008,2941 1727,2891 1488,2958 1335,2894 1139,2980 833,2933 765,2990 320,2973"/>
                <Baseline points="337,3053 358,3053 402,3053 447,3050 492,3050 537,3047 581,3047 626,3044 671,3044 716,3041 761,3041 805,3038 850,3038 895,3038 940,3035 984,3035 1029,3035 1074,3035 1119,3035 1163,3032 1208,3029 1253,3029 1298,3026 1343,3023 1387,3020 1432,3020 1477,3017 1522,3017 1566,3014 1611,3014 1656,3014 1701,3011 1745,3008 1790,3008 1835,3005 1880,3005 1925,3002 1969,3005 2014,3005"/>
                <TextEquiv>
                    <Unicode>Benedikt. Ah, ah, —wohin so schnell.</Unicode>
                </TextEquiv>
            </TextLine>
            <TextLine id="tr_2_tl_7" custom="readingOrder {index:6;}">
                <Coords points="705,3222 2271,3204 2364,3193 2367,3083 2122,3047 1677,3104 1470,3051 1143,3119 947,3051 708,3115"/>
                <Baseline points="725,3199 761,3193 805,3193 850,3190 895,3190 940,3190 984,3190 1029,3193 1074,3190 1119,3187 1163,3184 1208,3184 1253,3181 1298,3178 1343,3175 1387,3175 1432,3172 1477,3169 1522,3169 1566,3169 1611,3169 1656,3166 1701,3166 1745,3163 1790,3163 1835,3163 1880,3163 1925,3160 1969,3160 2014,3157 2059,3157 2104,3154 2148,3154 2193,3151 2238,3148 2283,3148 2327,3148 2372,3145"/>
                <TextEquiv>
                    <Unicode>der Zug geht um zwei Uhr fünfzehn.-</Unicode>
                </TextEquiv>
            </TextLine>
            <TextLine id="tr_2_tl_8" custom="readingOrder {index:7;}">
                <Coords points="299,3307 342,3304 377,3268 417,3268 491,3225 580,3232 616,3211 680,3232 680,3176 616,3158 591,3129 548,3140 520,3126 477,3151 456,3133 409,3147 381,3129 338,3147 303,3140"/>
                <Baseline points="322,3211 331,3211 376,3208 420,3208 465,3205 510,3205 555,3205 599,3202 644,3205 689,3202"/>
                <TextEquiv>
                    <Unicode>Macar.</Unicode>
                </TextEquiv>
            </TextLine>
            <TextLine id="tr_2_tl_9" custom="readingOrder {index:8;}">
                <Coords points="306,3403 1079,3339 1289,3400 1556,3336 1962,3357 1965,3236 1712,3261 1431,3183 313,3289"/>
                <Baseline points="331,3360 361,3360 405,3357 450,3357 495,3354 540,3354 584,3354 629,3351 674,3348 719,3348 764,3345 808,3345 853,3345 898,3342 943,3342 987,3339 1032,3339 1077,3339 1122,3339 1166,3336 1211,3333 1256,3330 1301,3327 1346,3327 1390,3324 1435,3324 1480,3324 1525,3321 1569,3321 1614,3318 1659,3318 1704,3315 1748,3312 1793,3312 1838,3309 1883,3306 1928,3306 1972,3300"/>
                <TextEquiv>
                    <Unicode>Benedikt..Wie, Sie reisen schon ab?</Unicode>
                </TextEquiv>
            </TextLine>
            <TextLine id="tr_2_tl_10" custom="readingOrder {index:9;}">
                <Coords points="310,3556 3008,3499 3065,3336 313,3410"/>
                <Baseline points="331,3512 340,3515 385,3515 429,3515 474,3512 519,3515 564,3515 608,3515 653,3512 698,3512 743,3503 787,3503 832,3503 877,3500 922,3500 966,3500 1011,3497 1056,3497 1101,3494 1146,3494 1190,3491 1235,3491 1280,3488 1325,3485 1369,3485 1414,3482 1459,3482 1504,3479 1548,3479 1593,3479 1638,3476 1683,3474 1728,3474 1772,3471 1817,3468 1862,3468 1907,3468 1951,3468 1996,3465 2041,3465 2086,3462 2130,3459 2175,3459 2220,3459 2265,3456 2310,3456 2354,3456 2399,3456 2444,3456 2489,3453 2533,3450 2578,3447 2623,3447 2668,3444 2712,3444 2757,3441 2802,3441 2847,3441 2892,3441 2936,3438 2981,3435 3026,3435 3071,3438"/>
                <TextEquiv>
                    <Unicode>Macar. War genug lang da. Ich bin zu unruhig, ich muss was</Unicode>
                </TextEquiv>
            </TextLine>
        </TextRegion>
    </Page>
</PcGts>
