3336 4104
2854 206 2999 365 31
199 351 3107 582 Alle. Ja, ja, — Das sind Sie uns schuldig. Es ist Ihre Pflicht.
626 539 1932 731 Erzöhlen Sie, erzählen Stel.
210 727 2898 894 Norbert.Wahrhaftig es wäre mir schwer, der freundlichen Auf-
315 875 3097 1038 forderung zu wiederstehen-aber ich weiss nicht, ob die Aben
210 1020 1317 1212 teuer, die ich erlebt.
206 1176 2937 1317 Alb. Auch interessant genug sind— wollen Sie sagen- wenn
640 1338 2927 1498 es auch mir erlaubt ist, eine Ansicht zu äussern,
640 1461 3024 1617 so lautet sie folgendermassen.Bevorunser Künstler
651 1603 3017 1773 erzählt, was er alles in den drei Jahren erlebt, die
680 1736 2995 1946 nun seit seinem plötzlichen Verschwinden verflos.-
684 1917 2959 2102 sen sind,soll diese Räume Musik erfüllen! Die Mu-
633 2033 3003 2243 sich ists, die unsere Sinne in jene angenehmen Erre-
633 2210 2919 2398 gung bringt, in der wir alles schnell und mit mehr
626 2366 1809 2572 Lust aufnehmen als sonst.
590 2529 2945 2720 Ihr teurer Freund Ambros tus Feuer begann schon frü¬
203 2521 470 2746 Raph.
626 2670 3075 2829 her, die Ouverture zu seinem neuen Singsptel auf dem
619 2811 3024 2988 Klavter vorzutragen und ich glaube, dass es nieman-
626 2977 1820 3180 dem unangenehm sein wird-
195 3129 1856 3335 Alle. Im Gegentetl,-Oh- Nicht doch
192 3259 2977 3509 Ambr. Feuer. Wenn also die Herrschaften erlauben,so beginne
676 3458 875 3610 Ich.
