3384 4152
2704 182 2882 353 156
496 283 734 465 I. 80
1020 374 2274 601 Fünfter Aufzug
1205 552 1820 737 Bei Faustina
709 699 1715 950 Wie im ersten Aufzug.
1862 832 2121 1006 Ball.
1083 985 1866 1191 Erster Auftritt.
643 1132 2634 1352 Baronin Hollerstein mit Finke tanzt herein.
248 1275 3022 1562 Baronin. Lassen Sie mich, lassen sie mich - Ich bin totmüde.
262 1429 3074 1694 Finke. Erlauben Sie mir, verehrte Frau Baronin, mich an Ihrer
713 1618 1722 1824 Seite niederzulassen.
273 1708 3043 1984 Baronin. Sie rasen, Finke- ich habe schon mit mehrenren Ka¬
737 1827 3078 2110 pellmeistern gevalzt; jedoch keiner tanzte mit sol-
699 2086 1576 2295 cher Leidenschaft,
286 2159 3033 2432 Finke. Auch ich nicht immer, Frau Baronin. Aber heute ist es
772 2285 3130 2561 so antmiert. Ach hier kommt Herr Feuer, er schreibt
758 2498 1922 2722 etwas in sein Notizbuch¬
307 2624 3054 2928 Baronin. Lassen Sie ihn nur wieder vorrübergehn- ich möchte
779 2764 2554 3029 ein paar Worte mit Ihnen, Herr Finke¬
2467 2896 2826 3099 G.C.F.P.P
328 2966 1880 3200 Finke-. Er hat uns schon bemerkt.
1024 3109 2026 3312 Zwetter Auftritt.
765 3277 1600 3473 Vortge. Ambros tus.
342 3344 2991 3637 Ambr. Nun, wie amitsteren Sie sich, Frau Baronin, xxx geht
