3400 4104
2878 244 3047 502 100
1035 436 2313 677 Dritter Aufzug
1305 626 1871 818 Maskenball.
770 731 3041 986 Grosses Gewilhl in dem prächtig geschmückten Saal.
764 947 2490 1098 An einem Tisch sitzt ein Unbekannter.
755 1089 2090 1287 Raphael geht mismutig umher.
1218 1239 2000 1423 Erster Auftritt,
740 1389 3152 1588 allein) Nun kann mir aber doch kein Mensch mehr ab
298 1459 589 1618 Ambr.
788 1546 3074 1744 streiten, dass ich höchst unglüchlich bin. Ich ge-
785 1714 2989 1895 stehe einem wunderschönen Weibe meine Liebe- am
788 1865 3059 2042 selben Abend verschwindet die Geliebte auf Nimmer
785 2000 3107 2171 wiedersehen. Es sind zwar erst drei Tage her seit
785 2141 3155 2343 dem- aber mir tats, als wäre schon eine Ewigkeit
788 2301 2983 2469 verflossen. Die Leute sehen mich jetzt immer so
827 2433 3083 2620 mitleidig an, wenn ich an ihnen vorüberkomme, ich
782 2589 3017 2773 muss recht blass und lebensüberdrüssig aussehen.
818 2764 3038 2968 Ach es ist doch immer eine Genugtuung, wenn die
794 2926 2989 3086 Leute wissen, dass man unglücklich ist. Gestern
836 3041 3053 3239 auf der Sotroé bei Manuela fragte mich eine wun-
842 3212 2959 3368 derschöne junge Dame, der ich eben erst vorge¬
797 3383 3161 3525 stellt worden war : Sie sehen so melancholisch aus,
