3352 4184
2692 162 2857 301 166
193 334 2911 601 Benedict. Und ich wünschte Sie nicht lieben zu müssen. Aber
598 432 2938 696 unsere Wünsche werden wohl beide unerfüllt bleiben.
652 588 3094 827 Ich scherze nicht, mein Freund. Solange ich Sie nicht
196 706 615 902 Faustina.
645 750 2830 1010 lieben kann, hat die merkwürdige Verwandtschaft
645 902 2645 1169 zwischen uns stuas erschreckendes für mich¬
648 1010 3067 1277 Es geht eben nicht alles so glatt ab, dass mans fein
206 1148 628 1344 Benedict.
652 1223 3060 1449 niederschreiben könnte auf ein Blatt Papier zu all¬
676 1365 2601 1598 gemeinem Verständnis des werten Publikums.
662 1516 2986 1746 Hören, Sie, Benedict, Letzhin in der Nacht wach ich
216 1601 628 1790 Faustina.
665 1645 2938 1905 auf und halb im Traum schiens mir, als wären wir
659 1814 2874 2033 zwei nicht Menschen, -Beide schwebten weit oben-
676 1939 3063 2222 Schwebten weit oben— halb im Traum. Wenn ich das er¬
213 2013 638 2229 Benedict
669 2151 2982 2378 zählte, ich, der Verliebte, nun dann wär es weiter
679 2260 2969 2472 nichts verwunderliches, aber Faustina, die kalte¬
686 2428 3084 2648 Ich wachte auf und trat zum Fenster und schaute ins
206 2499 635 2655 Faustina
676 2624 1256 2810 Leere - und-
679 2749 1625 2938 Ei, ei wie wehmütig.
226 2709 638 2942 Benedtot
692 2874 3043 3074 Ich schaute ins Leere. Da dacht ich- ja woran dacht
233 2952 659 3111 Faustina.
696 3009 3013 3222 ich nur — es war wie eine Erinnerung an etwas, das
689 3188 3141 3415 man nicht selbst erlebt hat, sondern ein lieber Freund
696 3323 3084 3499 eine liebe Freundin- ich dachte: Es muss wunderherr-
655 3529 2064 3732 lich sein, ein Herz zu haben.!
