3384 4104
2889 257 3055 443 104
735 306 2492 622 tun- nichts - als unglücklich zu sein.
682 562 3086 770 So seien Sie morgen um eine Viertelstunde länger un-
302 527 569 794 Raph.
773 689 3055 889 glücklich-aber jetzt bitte ich Sie, antworten Sie
812 854 3076 1069 mir. Mit wem, lieber Ambrostus, hat gestern Manu¬
787 1030 3033 1241 ela die längste Zeit und am liebenswürdigsten ge-
773 1213 1279 1385 sprochen.?
626 1315 2998 1533 Die längste Zeit-Am liebenswürdigsten? Ich glaube
299 1336 566 1561 Ambr.
759 1494 1163 1698 mit mir.
295 1624 3002 1828 Raph. Mit Ihnen? Ja- ganz wohl und mit wem ausser Ihnent
299 1821 3125 1997 Ambr. Ach- sie hat mit sehr vielen jungen Männern geplaudert
763 1944 2763 2130 Mir scheint, Sie sind etfersüchtig, Raphael!
306 2116 2963 2288 Raph. Eifersüchtig- ich— Ah sehen Sie! Manuela! Manueld
295 2229 1754 2432 Ambr. Ein Herr an ihrer Seite.
295 2394 2900 2591 Raph. Erkennen Sie ihn? Es ist Ihr teurer Freund Albinus
752 2562 1009 2742 Luft.
288 2647 2130 2896 Ambr. Mein teurer Freund Albinus Luft.
288 2833 2559 3040 Raph.. Manuela hier mit Albinus— 4 Ah! Sie nahen¬
295 3019 2218 3185 Ambr- Ich glaube, sie haben uns bemerkt.
285 3125 3072 3357 Raph. Warum stürzen Sie denn Ihrem teuren Freud nicht ent¬
805 3329 3016 3487 gegen— in die Arme, wie sonst, wenn Sie ihn zu
759 3462 1487 3663 sehen pflegten?
