3352 4104
2808 182 2986 321 132
192 353 1664 620 Manuela O es ist nichts, nicht
203 413 2773 795 Mücke und Albtnus ( tanzen herum und singen ) Lala lala
631 741 1101 944 tralalala
214 898 1415 1069 Ambr. ( kommt schreibend.
207 870 3040 1226 Raphael (beugt sich über seine Schulter und liest, er lachte
210 1098 2926 1376 Ambr. Warum lachen Sie denn? Sie sind heute überhaupt der
684 1215 2926 1511 unmotivierteste Mensch den man sich denken kann.
691 1383 3043 1664 Zuerst rennen Sie aus dem Saal, wie verrückt; dann
752 1586 2498 1807 rennen Sie wieder zurück, wie verückt
617 1764 1942 1971 (hängt sich in Albinus ein )
242 1818 535 1935 Raph.
260 1899 2384 2124 Albinus, mücke und Raph. (tanzen und singen.
264 1974 3129 2299 Benedict ( erscheint ) Halle, ich will mittun! Auf die Freude,
770 2210 1675 2463 es lebe die Freude!
267 2352 1001 2598 Alle. Benedict!
278 2406 3125 2701 Benedict. Ja wohl, Benedict! Der Philosoph, denkt- der ernste
734 2587 3015 2897 Benedict! Ich könnte Euch erzählen, dass der Phi-
788 2801 2947 3040 losoph mit seinen melancholischen Beinen heute
759 2883 2951 3165 schon über diesen Tisch gesprungen ist und Lust
802 3008 2990 3307 hätte, die ganze Welt zu küssen.- Manuela, lass
802 3179 3111 3460 mich bei Dir anfangen, da Du ja dieselbe Wandlung
773 3439 2031 3639 durchgemacht hast, wie ich.
