3384 4088
661 313 1931 543 letzten Zagen nie gekränkt?
216 475 2716 738 Manuela. Gefränkt! Ich hätte meinen Raphoe gekränht!
650 647 1089 846 Faustina!
219 816 2763 1024 Faustina,. Oh Manuela, Du glaubst nicht, wie manchmal
229 967 2774 1149 ein Wort, ein ganz unbedachtes, unbedeutendes Wort den
630 1129 2898 1311 Liebenden schmerzt. Erinnere Dich / Hast Du nie
647 1254 1975 1469 ein solches Wort gesprochen?
209 1399 1038 1611 Manuela. Niemals!
216 1564 2925 1722 Faustina, Und so profezeth ich Dirk, er wird zurückkehren.
202 1722 1368 1897 Manuela. Er kommt heute?
206 1847 2891 2062 Faustina. xxx wirds nicht versäumen. Und denke Dir, auch
623 2005 2322 2211 sein Todfetnd Leonhard hat zugesagt.
199 2187 2126 2369 Manuela. Oh warum mahntest Du mich daran.
202 2312 2881 2477 Faustina. Manuela, wie konnt ich Dich damit kränken? Wenn
189 2457 2881 2662 Raphael und Leonhard jetzt noch Feinde sind, so sind sie
627 2625 1469 2814 es aus Gewohnheit
195 2770 1944 2959 Manuela. Raphael hat ihrer vergessen?
182 2929 613 3097 Faustina,
650 2925 2649 3127 Bedenke doch, dass acht Jahre verstrichen
617 3104 2811 3276 sind, seitdem sich die aufbrausenden Jünglinge
596 3245 2979 3404 um das fünfzehnjährige Mädchen stritten. Sie selbst
607 3383 2898 3565 ist glücklich an Jenen unbedeutenden Gutsbesitzer
593 3538 2895 3791 vermählt, derbestrebt ist, seiner jungen Frau das
2929 135 3040 300 2.
