3384 4072
2828 164 2999 342 108
763 233 1952 514 meine Herren, nicht wahr?
312 394 2999 774 Ambr. Ich werde, wenn Sie erlauben, in Ihrer Gesellschaft
822 623 1181 808 bleiben.
294 651 3051 1037 Raph. Oh, bemilhen Sie sich nicht-Ihr teurer Freund, Albinus
763 962 1031 1102 Luft-
627 1010 2958 1253 Aber ich sehen, dass Sie heute tief gekränkt stnd¬
305 1116 575 1311 Ambr.
787 1185 2986 1400 die Einsamkeit ist nicht der Trost, sondern die
794 1328 3061 1561 qual der Unglücklichen. Du verzethst also, teurer
784 1479 2609 1678 Freund Albinus, dass ich Dich verlasse-
613 1640 2609 1842 ( ihn umarmend ) Leb wohl! Adieu, Raphael!
318 1722 572 1869 Alb.
1020 1787 2201 1976 Ambros tus und Raphael ab.
1209 1945 2065 2150 Sechster Auftritt.
411 1931 787 2222 10. VI. 79
873 2109 1989 2311 Albinus Luft ( allein )
760 2198 3133 2434 Wie reizend doch diese Manuela ist! Man konnte nicht
811 2421 3177 2588 recht aufmerksam auf sie sein, solange man Faustina
859 2592 3170 2756 sah- Faustina. Wahrhaftig seltsam. Als ich ste vor
822 2712 3136 2903 dret Tagen sah, da wars mir nicht anders, als mils¬
822 2893 3239 3068 ste mir das Herz zerspringen vor Liebe und Sehnsucht
825 3057 3184 3201 Wie heiss und bedrückend die Luft in den Sälen war.
839 3136 3119 3352 und doch so duftig und zauberisch dabei. Wie mich
839 3331 3092 3554 der Strahl ihrer Augen traf— Ich dachte an jenem
