3416 4120
2928 162 3054 357 50
650 278 3025 545 Letchtsinn, ihre Frivolttät, Ihre Kohetterie.Gräftn
650 451 3108 765 Faustina ist heute abends in die Kirche gegangen und
650 671 1238 884 hat gebetet.
668 762 3065 1011 seine Betroffenheit verbergend, scherzend Ah, sie
199 791 513 1054 Amand.
675 978 1487 1166 wird Philosophin.
715 1094 2094 1318 Sie hat die Wahrheit erkannt.
209 1101 646 1339 Benedikt.
581 1199 2946 1498 (leichthin) Es tut mir leid um sie. Sie ist ein
213 1332 516 1516 Amand.
682 1444 1310 1639 schönes Weib.
217 1531 3083 1776 Benediktus. So freuen Sie sich eher, dass ihre Schönheit sich
686 1744 2845 1942 nicht selbst in den Orgten der Liebe zerstört.
213 1888 1466 2058 Amand. Orgien der Liebe?
235 2029 2050 2267 Benediktus, Sie sehen mich fragend an.
235 2191 2426 2408 Amand. Ich weiss es, sie hat keinen guten Ruf.
231 2372 1498 2538 Benedik. Nicht den besten.
224 2487 3123 2722 Amand. Ja, ich kann mich erinnern-als ich die Stadt verliess,
711 2614 3115 2856 sprach man viel von einem Duell zwischen dem Grafen
650 2787 3108 3025 m Talm und einem jungen Mann — einem Studenten glaub
758 2993 953 3148 Ich.
242 3094 3108 3354 Benediktus. Ja, die Geschichte war romantisch.Ste hat traurig
718 3274 1101 3466 geendet.
242 3386 2942 3628 Amand. Traurig? Das Duell verlief doch nicht gefährlich?
