3400 4072
2945 158 3085 334 30
786 291 2325 531 unsere Stadt sobald nicht wieder.
786 477 3118 700 Und entzücken uns wieder durch die Klänge, die Sie
362 502 739 710 Baronin.
771 642 1926 850 Ihrer Violine entlocken!
732 818 3196 1012 Ich bin überzeugt, dass mein teurer Freund, Ambros tus
323 811 613 1026 Alp..
768 961 3114 1170 Feuer, insgeheim ein Musikstück für Sie Kompontert
814 1098 1033 1288 hat.
341 1259 2052 1457 Ambt. Oh.—zwar muss ich gestehen--
337 1396 3064 1600 Norbert. Menen herzlichen Dank, lieber Feuer, dass auch Sie
782 1564 3189 1772 so freundlich meiner gedachten. (bemerkt Benediktus)
818 1729 2231 1919 ( stehtbar erstaunt) Raunald!
337 1851 2468 2074 Baronin, Ach auch Sie kennen den Philosophon?
337 2048 1553 2235 Norbert, den Philosphen?
337 2188 3222 2364 Benedthtus.Seien Sie mir in der Heimat gegrüsst, mein Freund.
334 2339 2379 2529 Norbert (leise. ) Wieso find ich Sie hier?
337 2457 3204 2698 Benediktus.Sie vergessen, scheints, dass die Umgebung, in der
764 2626 3175 2816 wir uns vor Jahren trafen, auch damals nicht die war,
768 2798 2181 3003 in der ich mich stets bewegte.
334 2942 700 3150 Baronin
739 2935 3114 3121 ( zu Benediktus ) Entstehen Sie uns nicht länger den
768 3103 3200 3265 eben Haimgekehrten. kommen Sie, lieber Norbert,setzen
753 3225 3175 3444 Sie sich zu Tisch und erzählen Sie uns von Ihren Rei¬
764 3401 1672 3570 sen und Abenteuern.
