3416 4152
312 349 1754 648 Faustina. Was hat Dir geträumt?
298 558 3053 850 Amand. Wär doch Tag, Geliebte, Wie sehne ich mich nach dem
798 702 1518 870 Tag! Und warum?
288 891 2936 1100 Faustina Als heute alles noch im vollen Licht erglänzte,
750 1066 2042 1203 sahst Du trübe vor Dich hin¬
278 1141 3001 1370 Amand. Kalt trat die Nüchternheit vor mich; ich war nichts;
747 1302 3063 1545 ich hätte sterben mögen, oder von Genuss zu Genuss
740 1449 3005 1706 taumeln; Ich wusste mich in mir selbst nicht aus;
720 1603 3008 1857 meine Seele fröstelte - ich hätte gewünscht, dass
730 1754 2532 2015 irgend was käme, mich im Kretse deehte¬
254 1932 685 2063 Faust ina.
720 1932 1823 2121 Du bist noch sehr jung
254 2025 898 2254 Noch Jüngling.
247 2213 2991 2450 Faustina. Sechsundewanzig Jahre; ich bin nicht jünger. Aber
696 2381 3121 2625 wir reifen schneller als ihr. Ein Lenzessturm braust
713 2522 1052 2717 in Dir-
223 2635 2049 2864 Amand. Ich muss in die Welt, Faustina-
233 2844 1412 3005 Faustina. Mich verlassen?
216 2960 1203 3166 Amand. Komm mit mir.
223 3135 994 3320 Faustina. Wohin?
199 3279 2847 3454 Amand. Wohln mich der Zufall führt- und schnell, schnelb.
644 3430 1799 3625 Mich lässts nicht ruhen!
2847 281 3008 504 154.
