3368 4040
2783 185 2912 429 63
150 422 2930 624 Macar. Wir sind aus Unruhe abgesprungen, als die Rosse lang
614 572 2863 809 sam zu gehen begannen-Und gingen zu Fuss zurück.
157 736 2445 976 Benedict. Das nenn ich ein lebhaftes Temperament.
174 861 2811 1102 Genovefa.Lieber Macartus, tets nicht übrigens schon Zett,
628 1053 2790 1217 dass wir uns den Wagen zu unserer Par###e noch¬
150 1196 1528 1426 Amad. und Benedict. Paratie?-
164 1364 2961 1583 Macarius. Ja, ich halte es in der Stadt nicht mehr aus.Meine
638 1472 3024 1688 Genovefa und ich, wir beide wollen den Tag zu etnen
645 1646 2975 1855 grossen Ausflug benützen und zu dem Zueche-Gottes¬
680 1786 3024 1981 willen, I Schon acht Uhr! Komm Genovefa-Wir werden
1130 1956 1416 2044 viellines
638 1956 2975 2173 heute Abend das Vergnügen haben, Herr Norbert, Sie
680 2127 1562 2330 bei uns zu sehen —
635 2256 2877 2438 Aber heute Abend spielen Sie uns auf der Violine
178 2298 600 2480 Genovefa.
638 2424 2835 2584 vor-Herr Romuald, Sie machen uns auch die Ehre-
167 2563 2839 2793 Macar. Wir sind von sieben Uhr abends an im Hotel Herzog
638 2731 2183 2923 zu treffen-Aber wir erwarten Sie¬
506 2842 2462 3090 Ich werde mir ein Vergnügen daraus machen.
171 2926 432 3104 Amad.
181 3031 1350 3243 Benedict. W Ebenso ich¬
652 3170 2260 3365 (Allgemeine Abschiedsbegrüssung )
882 3338 1684 3522 Vierter Auftritt.
589 3432 2989 3672 Amandus, Benedictus- -das weggehende Ehepaar trifft
