3400 4152
2675 237 2856 442 139
682 379 2974 706 aus Langweile. Und ich bin so wenig Jüngling mehr,
689 581 2985 842 dass ich dies verzweifelte Wort ausspreche, im An¬
692 727 3020 936 gesteht des knospenden Frühlings. — die Lippen noch
696 859 3051 1092 warm vom Kuss der Geliebten-Blüh neu auf Du weiter
727 1033 2974 1263 Plan, blüh auf und mache die glücklich, die sich
758 1165 3037 1423 an Dir erfreuen können, jedes Jahr von neuem und
724 1339 2960 1593 immerdar-aber meinem Herzen gehts, wie nun schon
668 1468 2919 1705 lang: Ein Strahl blitzt hinein- und spielt darin
689 1687 1896 1889 und verltscht bald wieder.
1117 1819 1941 1990 Dritter Auftritt.
765 1965 1955 2185 Amandus. Faustina. Maria.
282 2077 3068 2362 Faustina. Hier seht ihr den. durch dessen ungestörten Besitz
758 2286 1927 2459 Ihr mich glücklich macht.
289 2383 2665 2626 Amand. Hochwürdige Frau- ich- - Ah, sehe ich recht?
310 2564 2633 2783 Marta. So sind meine Züge die gleichen geblieben?
306 2780 988 2971 Amand. Marie?
317 2922 1398 3113 Faustina. Was ist das!
317 3037 2007 3246 Maria. Wir haben uns einmal geliebt.
324 3162 3120 3395 Amand. Marie-blondes Mädchen- die erste, deren Mund ich ge¬
800 3336 1485 3541 küsst- und Du-
334 3454 2665 3722 Faustina. Er also tets,von dem Du so oft sprichst?
