3384 4104
2782 219 2899 428 95
654 342 2899 599 heisst mich fliehen. Meine Willenskraft lässt die
688 558 2984 743 zwette triumpfieren. Leben Sie wohl. Gräfin.-Noch
661 681 2954 880 eins. Hier haben Sie ein Lied. Die Worte sind von
681 845 3002 1040 mir und die Noten sind von mir. Ich habe es Ihnen
664 999 2341 1191 gewidmet. Gedenken Sie meiner dabei
188 1160 2663 1376 Faustina. Leben Sie wohl, Ambrostus. Ich denke Ihrer.
209 1311 1164 1513 Benedict. Ambros ius.
188 1441 2943 1656 Ambr. Ah Benedict. Sie machen der Gräfin wohl auch den Ab¬
664 1605 1328 1811 schiedsbesuch.
702 1715 2943 1927 So ists. O versuchen Sie es nicht mehr, ihre Ge¬
199 1752 633 1971 Benedict
657 1903 2909 2091 danhen auf eitle Weltlust zu lenken, es wäre ver
661 2064 1831 2245 gebens. Ad teu, Ambros tus.
589 2190 2854 2382 drücht Faustina dte Hand, küsst diese und geht )
195 2255 472 2420 Ambr.
1123 2355 1968 2553 Zwölfter Auftritt.
883 2505 1927 2711 Benedictus. Faustina.
698 2656 2943 2854 Nun wird es dunkel. Das wird wohl der letzte der
192 2717 633 2913 Benedtot.
695 2810 2909 3022 Abschiedsbesuche gewesen sein.. Doch Sie werden
661 2974 2954 3149 noch Einiges vor Ihrer Abreise zu besorgen haben,
678 3121 1797 3320 ich will mich entfernen.
698 3275 2974 3453 . Nicht doch. - Sie wissen, dass wir in unserm Ge-
202 3327 609 3470 Faus t tna
637 3440 2769 3679 spräch unterbrochen wurden. Wir verstehen uns.
