3384 4104
2854 202 2993 354 15
317 324 2986 533 lassen ihre Freundin nicht schwer vermissen. Ah, sieh da,
766 482 3030 681 ( zu Leonhard ) Hier naht Ihr Todfeind- nicht der
742 655 1417 857 Ihre Fräulein.
1191 796 2058 1015 Sechster Auftritt.
968 965 1744 1157 Vorige. Raphael.
327 1086 2210 1309 Leonhard (wendet sich weg zum Klavier)
746 1296 3009 1461 Guten Tag, meine Herrschaften. Wie befinden sich
321 1309 715 1542 Raphael.
742 1441 3013 1606 Frau Baronin? Ah, Herr Kapellmeister, alles wohl
749 1576 2861 1764 bei Ihnen zu Hause? Metnen Handhuss Fräulein.
327 1734 1592 1947 Manuela (letse ) Raphaes!
712 1879 2976 2092 ( laut) Sie sind doch immer wohl, Fräulein? ich
324 1899 607 2098 Raph.
749 2041 2544 2220 hatte schon lange nicht das Vergnügen.
341 2200 1903 2385 Bar. Holl. Er war früher ernster.
344 2325 2966 2544 Finke. Er wird wohl Grund haben lustiger zu sein als erst
810 2527 1032 2699 war.
341 2638 2841 2851 Bar, Holl. Wie finden Sie sein Verhältnis zu Manuela?
347 2831 938 3006 Finke. Kilhl.
361 2912 2790 3138 Bar, Holl. Kühl tn den Worten, hetss in den Blicken.
344 3117 1650 3283 Finke. Finden Frau Baronin?
358 3273 3070 3428 Bar. Ich erinnere mich hier an eines Ihrer ersten Lieder
776 3404 3073 3620 ( sie singt ) Wie schauen ihre Augen so liebevoll
776 3580 1204 3802 auf mich¬
