3384 4088
787 319 2903 604 werden frappiert sein, wie er diesen Lewinsky
794 556 3001 753 kopert. Sie wissen, Fräulein Manuela, dass mein
783 702 3072 909 teurer Freund Albtnus Luft über etneglockenhelles
780 875 2991 1061 metallreine Stimme verfügt, aber wenn Sie diese
783 1011 3120 1207 hohlen, tiefen, eintönigen Laute vernehmen werden,
787 1160 2988 1353 die er gleich Lewtnsky aus seiner Brust hervor¬
787 1279 2900 1519 brausen lässt, — Sie werden glauben einen ganz
787 1462 2869 1679 andern Menschen zu vernehmen. Dabei ist mein
777 1641 2113 1736 teurer Freund Albinus Luft--
349 1784 2883 1977 Stimme hinter der Scene. Ist mein teurer Freundarend
783 1960 2028 2147 stus Feuer schon im Salon?
343 2062 1418 2286 Ambr. ( springt auf. )
1292 2242 2103 2428 Vierter Auftritt.
339 2357 3066 2533 Manuela., Albinus Luft tritt herein und stürzt dem Ambr-
359 2503 1740 2666 Feuer in die Arme. -Umarmung.
349 2676 2896 2900 Albinus-Ach, Fräulein Manuela- ich küsse der schönsten
773 2855 3130 3066 unter ihresgleichen die Hand. Ich wollte mich eben
770 3025 3076 3198 entschuldigen, dass ich so spät komme, da ich bei
763 3147 2974 3357 Baron Warter noch einige Arragements zu treffen
770 3317 3045 3524 hatte. -das Haustheater betreffend,- das am näch¬
766 3493 2984 3635 sten Sonntag veranstaltet wird. Fräulein kommen
763 3578 2947 3802 doch? Oh das dürfen Sie gewiss nicht versdumen.
