3352 4088
659 417 2966 617 lauben, dass ich mich setze. Nicht wahr, Fräule in
646 517 2827 763 Manuela, Sie wundern sich, dass plötzlich, als
653 717 2992 911 wäre ich ganz und gar vom Dämon Etikette besessen,
662 863 2824 1063 steife, geistlose, konventionelle Worte über
649 1018 2772 1205 meine Lippen gingen. Doch ich sage nur eins:
653 1163 2549 1357 Zwei Seelen— (auf seine Brust weisend.
646 1344 1974 1512 Und ein Gedanke. Nicht wahr!
223 1347 607 1525 Manuela¬
220 1499 485 1690 Ambr.
637 1493 2776 1674 ärgerlich ) Nicht gerade das— doch lassen wir
646 1625 2759 1829 dieses Thema. — Oh ich bin unhöflich gewesen.
640 1803 2711 1997 Wo ist denn unsre liebenswürdige Wirtin? Ah,
640 1939 2801 2126 doch warum frage ich— Gibt heute nicht Amandus
640 2094 1638 2278 Norbert setn Konzert?
216 2246 2814 2436 Manuela.Er ham doch erst gestern zurück, mein Herr—Und
640 2394 2759 2591 wird er denn überhaupt wieder Konzerte geben?
637 2556 1606 2750 Her kann es wissen? -
200 2675 465 2844 Ambr.
588 2708 2808 2898 Erlauben Sie, mein Fräuleln— wenn man so schöne
617 2866 2717 3037 Lieder kompontert wie er und so vortreffoich
624 3021 2856 3196 auf der Geige spielt wie er dann will man auch
637 3160 2717 3341 glänzen— doch wir sind abgekommen., Fräule in
624 3306 2840 3512 Manuela. Darf man wissen, wo die Gräfin vor den
637 3499 2604 3690 sehnsuchtsvoll Erwartenden sich verbirgt?
194 3619 578 3813 Manuela.
620 3632 2320 3819 Faustina ist in die Kirche gegangen.
