3416 4152
2727 349 2907 542 143
266 494 1419 708 Finke. Aber Frau Baronth-
262 608 1788 856 Baronin. Ach - nur keine Phrasen¬
259 732 2986 991 Finhe. Wahrhaftig es ist hetne Phraso, wenn ich Ihnen sage,
708 960 3035 1126 Baronin, dass mich die Art und Weise, wie Sie seit
766 1094 3049 1264 einiger Zeit mit mir zu sprechen belieben zum min-
684 1257 1063 1457 desten —
262 1412 2579 1595 Baronin. Nun? - Nun? Warum vollenden Sie nicht?
262 1557 2652 1761 Finke. Sie haben einen gewissen Verdacht gegen mich¬
259 1678 3028 1920 Baronin. Verdacht.- Verdacht I Wessen sollt ich Sie verdäch¬
773 1861 1081 2037 tigen?
262 1926 2993 2206 Finke. Sie tun, Frau Baronin, als meinten Sie, ich verehrte
746 2147 1795 2351 Sie nicht mehr sosehr.
262 2289 1561 2482 Baronin. Verähren, vershren¬
262 2458 1719 2648 Finke. Ich bitte, Frau Baronin?
255 2576 2983 2765 Baronin. Das Wort missfällt mir. Reichen Sie mir Ihren Arm.
262 2765 1781 2917 Finke. Ich werde das Glück haben —
259 2910 1951 3138 Baronin. Wenn ich Sie bitten darf-?
1964 3038 2524 3207 ( Beide ab )
708 3166 3000 3425 Die beiden Rastlos kommen riesig schnell über die
770 3335 2486 3553 Treppe. Macartus läuft zur Garderobe.
722 3532 991 3708 237 /
252 3535 690 3749 Macarius.
