3416 4088
2921 193 3048 362 48
661 352 2977 633 doch noch immer mit Lust und Begierde gentesse, da
678 538 3097 738 da stieg meine, und da stieg auch Ihre Verwunderung.
675 640 2988 900 Wenn Sie nun Lebemann und ich ruhiger Menschenver-
692 840 3072 1030 ächter geworden. bin,wenn Sie mich inmitten dieses
707 981 3044 1185 frohen, lebendigen Kretses still zurüchgezogen und
703 1149 3079 1360 als Philosophon sehen, und ich Sie als gesprächigen,
699 1311 3012 1529 lustigen, lachenden Weltmann finden muss,-ist das
707 1445 3097 1645 nichts seltsam und der Verwunderung wert? Ist diese
724 1585 2960 1817 Veränderung nicht seltsam überraschend in ihrem
721 1758 1909 1961 merkwürdigen Doppelsptel?
685 1859 3118 2105 Ganz richtig.Aber nicht die Eigentümscheit unserer
264 1961 654 2165 Amandus.
742 2056 3002 2271 Verwandlung ists, über die ich mit Ihnen sprechen
742 2200 3100 2411 wollte. Sie sagen, ich sie zu einem Schlimmern ge-
745 2376 2144 2584 worden, Sie zu einem Bessern.
840 2531 2074 2731 Sie scheinen es zuzugeben.
288 2527 805 2759 Benediktus
868 2671 3072 2865 ich geb es auch in einem gewissen Sinne zu -Ste
278 2759 808 2914 Amandus. Ja,
766 2794 3132 3019 haben recht, wenn Sie mich vom Standpunkt der reli-
826 2970 2130 3199 gtösen Moral aus verdammen—
309 3121 3135 3329 Benediktus. Und welcher Standpunkt tets, von welchem aus man
784 3272 2302 3508 Ihr Wesen rechtfertigen könnte.
309 3466 2028 3684 Amandus. Sie gehen weit, Benediktus.
