3384 4168
2786 310 2968 460 135
691 442 2757 705 eben zu einem neuen Walter intonieren wollte.
228 634 2886 887 Amand. Gib her, grosser Flötenvirtuose. (bei diesem Wort
695 794 2786 1001 steht Mücke den Amandus Norbert verdutzt an,
709 944 2893 1154 nimmt aber gleich darauf schüchtern seine Flöte
748 1104 2715 1268 aus der Tasche und steht sie verliebt an)
235 1215 3099 1429 Amandus Norbert (beginnt einen Walzer zu spielne. Mashen sam¬
712 1340 3050 1607 meln sich im Sadl. ein Geflüster geht von Mund zu
716 1535 3053 1735 Mund: Amandus Norbert - Amanduß Norbert. - Die Ka¬
716 1660 3035 1888 pelle hinter der Schene fällt ein. Es wird auf der
716 1849 2850 2052 Bühne getanzt. Faustina steht neben Amandus.
1083 2013 1995 2212 Der Vorhang fällt.
