3400 4088
710 433 1668 660 niemals den Frieden.
287 601 2946 786 Benediktus. (in wehevollem Ton.) Wohl dem, ders vermag.,
720 750 2880 1004 die Zweifel, die ihn quälen, die Friedlosigheit
727 931 2900 1103 seiner Brust schweigend im Innern zu verbergen.
713 1053 2847 1262 bis sich klärt, was ihn unains macht mit stch
733 1229 1080 1420 selbst.
786 1318 3018 1562 ( zu Raphol, unbemerkt.) Oh, hier wird wieder
287 1423 736 1651 Leonhard.
723 1522 3018 1724 ästhetisch. Wirf trgend ein frisches Wort hinein.
713 1681 3018 1896 Der Salon der geehrten Gräfin Faustina ists nicht
294 1740 670 1886 Raphael
743 1836 2989 2028 gewöhnt, Worte schwerwiegenden Tiefsinns zu ver-
727 1991 3048 2180 nehmen-diese Räume sind der heitern Kunst geweht.
730 2160 2992 2384 doch wie— dtes Buch, das Gräfin Faustina auf den
733 2312 1727 2493 Tisch gelegt hat, tst-
307 2457 1546 2642 Benediktus. Ein Gebetbuch.
753 2629 1843 2787 ( Verlegenes Schweigen.
793 2668 2956 2910 ( Um der Verlegenheit ein Ende zu machen. ) Ich
307 2771 743 2962 Faustina
743 2933 2900 3098 hörte, als ich mit unserem Philosophon eintrat
750 3061 2952 3250 einen Accord auf dem Klavier- leider unterbrach
753 3200 2490 3382 ich die Fortsetzung des Mustkstückes.
743 3339 2876 3557 Es war Herr Ambrostus Feuer, der die Ouverture
317 3392 710 3580 Manuela.
760 3491 2867 3738 seines neuesten Singsptels zu spielen begann.
2972 264 3101 515 19
