3320 4056
2780 191 2928 436 70
169 436 3061 655 Mücke. (zu Musenhain) Teurer Herr Musenhain, beschwichtigen
627 605 2834 774 Sie doch die Herrn. mein Flötenlied verltert ja
641 810 1008 962 Wirkung.
184 908 2935 1080 Amand.. Die Herren werden wohl so gut sein, ihren Streit in
637 1084 3025 1239 meiner Abwesenheit auszufechten. Ich überlasse Ihnen
684 1206 2834 1430 mein Zimmer für diese Zeit. Ich empfehle mich.
655 1390 1055 1581 (geht )
619 1509 2517 1703 ihm nach ) Herr Norbert, mein Flötenlted¬
184 1556 472 1750 Milcke
180 1649 1631 1891 Amand. Ach ja, Ihr Flötensolo-
202 1797 2877 1991 Mücke. Soll ich Sie vielleicht in einen einsamen Park be¬
623 1970 1433 2164 gleiten und dort¬
191 2078 3072 2287 Musenhain. Herr Norbert- ich bin unschuldig-morgen um dieselbe
666 2280 1340 2463 Zett hoff ich-
209 2402 2885 2651 Bass (zu Blaser) Ich spiele nicht Cello, hab ich gesagt.
673 2597 2906 2784 Trompeten Sie, soviel Sie wollen,Künstlernatur!
670 2697 3083 2935 Ich werde am selben Abend mein eigenes Konzert geben
677 2867 3011 3057 an dem Herr Norbert das seine gibt, und wir werden
713 3003 3011 3223 sehen, wer mehr Furore macht (Amand, und Milcke
767 3184 1577 3403 sind schon fort )
637 3317 2924 3518 Herr Bass, um Himmelswillen, sehen Sie denn nicht
216 3389 565 3580 Musenh.
691 3482 2931 3706 ein, dass Sie sich unermesslich geschadet haben?
