3352 4088
2742 235 2918 432 118
720 327 2173 600 Und Du hast Dich küssen lassen.
274 520 3069 769 Leonhard. Soll ich mich vielleicht sträuben wie ein vierzehn
741 706 3118 892 jühriges Mädchen, - denn die fünfzehnjährigen sträu
787 853 1721 1064 ben sich nicht mehr.
274 1015 1236 1278 Raph. Edler Freund.
295 1141 3009 1352 Leonh. Nun sie hat mich gehüsst, wie sie Dich gefürst hat.
277 1303 1650 1520 Raph. Du machst mich rasend.
291 1457 2992 1678 Leonh. Ach, Du bist so inkonsequent, als wenn Du ein Knabe
758 1601 3129 1798 wärst. Vor wenigen Tagen tust Du noch, als läge Dir
769 1721 3027 1966 gar nichst an Manuelas Liebe und heute wütest Du,
762 1889 2402 2082 weil sie Deinen Freund geküsst hat.
298 2079 1313 2254 Raph. Meinen Freund!
327 2223 1461 2447 Leon. Ja, das bin ich.
313 2381 1373 2595 Raph. Sie liebt Dich.
320 2493 2971 2690 Leonh. Du wiesest ja thre Liebe vor einigen Tagen zurück.
337 2676 1626 2918 Raph. Ich wies sie zurück?
337 2830 2577 3009 Leonh. Was andres sollte Dein Benehmen bedeuten?
344 2946 2489 3237 Raph. Ich habe ihre Liebe nie zurückgewiesen.
344 3143 1303 3336 Leonh. Es schien so.
348 3220 3174 3550 Raph. (tmmer zur Erde sehend ) so war der Schein gegen mich.
358 3441 1664 3652 Leonh. Du wolltest es aber.
