<?xml version="1.0" encoding="UTF-8" standalone="yes"?>
<PcGts xmlns="http://schema.primaresearch.org/PAGE/gts/pagecontent/2013-07-15" xmlns:xsi="http://www.w3.org/2001/XMLSchema-instance" xsi:schemaLocation="http://schema.primaresearch.org/PAGE/gts/pagecontent/2013-07-15 http://schema.primaresearch.org/PAGE/gts/pagecontent/2013-07-15/pagecontent.xsd">
    <Metadata>
        <Creator>prov=READ-COOP:name=TrHtr:version=2.1.0:model_id=51170:date=27_07_2023_19:32</Creator>
        <Created>2023-05-10T11:24:07.016+02:00</Created>
        <LastChange>2023-07-27T19:32:15.375+02:00</LastChange>
        <TranskribusMetadata docId="1428154" pageId="55386695" pageNr="8" tsid="131289120" status="IN_PROGRESS" userId="64420" imgUrl="https://files.transkribus.eu/Get?id=AVPFKTGRENUHQWINBWQYNMCD&amp;fileType=view" xmlUrl="https://files.transkribus.eu/Get?id=LQSFARQIMVEGGLMCYLJUVFIV" imageId="44661592"/>
    </Metadata>
    <Page imageFilename="1428154_0008.jpg" imageWidth="3384" imageHeight="4088">
        <ReadingOrder>
            <OrderedGroup id="ro_1711820707112" caption="Regions reading order">
                <RegionRefIndexed index="0" regionRef="tr_2"/>
                <RegionRefIndexed index="1" regionRef="tr_1"/>
            </OrderedGroup>
        </ReadingOrder>
        <TextRegion id="tr_2" custom="readingOrder {index:0;}">
            <Coords points="280,427 3031,427 3031,2009 280,2009"/>
            <TextLine id="tr_2_tl_1" custom="readingOrder {index:0;}">
                <Coords points="700,501 1183,559 2039,489 2421,572 2717,495 2717,403 2549,367 2335,425 1959,358 1754,434 700,385"/>
                <Baseline points="716,477 760,477 805,477 850,477 895,477 939,477 984,477 1029,477 1074,477 1118,477 1163,480 1208,477 1253,480 1298,480 1342,480 1387,480 1432,480 1477,480 1521,480 1566,480 1611,480 1656,480 1700,480 1745,480 1790,480 1835,480 1879,480 1924,480 1969,477 2014,480 2058,480 2103,480 2148,483 2193,483 2237,483 2282,483 2327,483 2372,483 2416,483 2461,480 2506,480 2551,483 2596,480 2640,480 2685,480 2724,480"/>
                <TextEquiv>
                    <Unicode>Leben so angenehm als möglich zu gestalten.</Unicode>
                </TextEquiv>
            </TextLine>
            <TextLine id="tr_2_tl_2" custom="readingOrder {index:1;}">
                <Coords points="700,675 1788,645 2173,715 2341,642 2766,645 2812,568 2613,501 2179,581 999,513 700,584"/>
                <Baseline points="716,623 760,623 805,623 850,626 895,626 939,626 984,626 1029,626 1074,626 1118,626 1163,626 1208,626 1253,626 1298,626 1342,626 1387,626 1432,626 1477,629 1521,629 1566,629 1611,629 1656,629 1700,629 1745,626 1790,629 1835,629 1879,629 1924,629 1969,626 2014,626 2058,626 2103,629 2148,629 2193,629 2237,629 2282,629 2327,629 2372,629 2416,632 2461,632 2506,629 2551,629 2596,629 2640,626 2685,626 2730,626 2775,623 2819,620"/>
                <TextEquiv>
                    <Unicode>Raphael ist in Dich (Manuela seufst), Leon-</Unicode>
                </TextEquiv>
            </TextLine>
            <TextLine id="tr_2_tl_3" custom="readingOrder {index:2;}">
                <Coords points="694,874 1941,798 2100,886 2867,862 2867,697 2723,678 1708,730 694,669"/>
                <Baseline points="710,778 754,775 799,778 844,778 889,781 933,781 978,781 1023,781 1068,781 1113,781 1157,778 1202,781 1247,781 1292,781 1336,784 1381,781 1426,781 1471,781 1515,781 1560,781 1605,784 1650,781 1694,781 1739,781 1784,781 1829,781 1873,781 1918,778 1963,778 2008,778 2052,778 2097,775 2142,778 2187,778 2231,781 2276,781 2321,781 2366,778 2411,781 2455,781 2500,784 2545,781 2590,781 2634,781 2679,781 2724,781 2769,781 2813,778 2858,778 2873,778"/>
                <TextEquiv>
                    <Unicode>hard in jedes schöne Antlitz verliebt— und nur</Unicode>
                </TextEquiv>
            </TextLine>
            <TextLine id="tr_2_tl_4" custom="readingOrder {index:3;}">
                <Coords points="700,975 2087,954 2781,1027 2778,889 2524,828 697,877"/>
                <Baseline points="713,930 757,933 802,933 847,933 892,936 936,936 981,936 1026,936 1071,936 1115,939 1160,936 1205,936 1250,936 1295,936 1339,939 1384,936 1429,939 1474,939 1518,939 1563,939 1608,936 1653,939 1697,939 1742,939 1787,939 1832,936 1876,939 1921,939 1966,939 2011,936 2055,936 2100,939 2145,939 2190,939 2234,939 2279,939 2324,942 2369,942 2414,942 2458,945 2503,945 2548,945 2593,942 2637,945 2682,945 2727,942 2772,945 2787,942"/>
                <TextEquiv>
                    <Unicode>die Gewohnheitsfeindschaft der beiden jungen</Unicode>
                </TextEquiv>
            </TextLine>
            <TextLine id="tr_2_tl_5" custom="readingOrder {index:4;}">
                <Coords points="688,1146 2124,1100 2326,1177 3023,1180 3023,1027 2906,1002 688,1015"/>
                <Baseline points="704,1086 748,1086 793,1086 838,1086 883,1089 928,1089 972,1089 1017,1092 1062,1089 1107,1092 1151,1092 1196,1092 1241,1089 1286,1092 1330,1092 1375,1095 1420,1095 1465,1092 1509,1095 1554,1092 1599,1092 1644,1092 1688,1092 1733,1092 1778,1092 1823,1092 1867,1092 1912,1092 1957,1092 2002,1095 2046,1092 2091,1095 2136,1095 2181,1095 2226,1095 2270,1095 2315,1095 2360,1095 2405,1095 2449,1095 2494,1095 2539,1095 2584,1095 2628,1098 2673,1098 2718,1098 2763,1101 2807,1098 2852,1098 2897,1098 2942,1101 2986,1101 3031,1104"/>
                <TextEquiv>
                    <Unicode>Leute, erinnert an jene längst verschwundene Zeit.</Unicode>
                </TextEquiv>
            </TextLine>
            <TextLine id="tr_2_tl_6" custom="readingOrder {index:5;}">
                <Coords points="682,1278 911,1256 1094,1314 1333,1262 1449,1308 1696,1250 1849,1287 1849,1174 1757,1146 1482,1177 1152,1137 834,1183 682,1143"/>
                <Baseline points="698,1235 743,1232 787,1232 832,1235 877,1235 922,1238 966,1235 1011,1235 1056,1238 1101,1238 1145,1238 1190,1238 1235,1238 1280,1238 1324,1238 1369,1241 1414,1241 1459,1241 1503,1241 1548,1241 1593,1241 1638,1238 1682,1238 1727,1238 1772,1238 1817,1235 1856,1238"/>
                <TextEquiv>
                    <Unicode>Doch leb wohl, Manuela!</Unicode>
                </TextEquiv>
            </TextLine>
            <TextLine id="tr_2_tl_7" custom="readingOrder {index:6;}">
                <Coords points="266,1473 321,1464 358,1482 379,1461 419,1488 498,1446 547,1464 590,1446 651,1470 645,1299 562,1305 544,1290 523,1308 465,1278 446,1299 358,1268 330,1290 260,1274"/>
                <Baseline points="280,1384 325,1381 370,1381 414,1381 459,1384 504,1384 549,1387 593,1387 638,1390 656,1390"/>
                <TextEquiv>
                    <Unicode>Manuela.</Unicode>
                </TextEquiv>
            </TextLine>
            <TextLine id="tr_2_tl_8" custom="readingOrder {index:7;}">
                <Coords points="700,1467 987,1406 2023,1491 2417,1406 2641,1473 2934,1430 2931,1274 2851,1259 2384,1345 1767,1281 700,1339"/>
                <Baseline points="716,1390 760,1390 805,1387 850,1387 895,1387 939,1387 984,1390 1029,1387 1074,1387 1118,1390 1163,1390 1208,1390 1253,1393 1298,1390 1342,1390 1387,1390 1432,1390 1477,1390 1521,1390 1566,1390 1611,1387 1656,1390 1700,1390 1745,1390 1790,1393 1835,1396 1879,1393 1924,1393 1969,1396 2014,1396 2058,1399 2103,1396 2148,1399 2193,1399 2237,1399 2282,1402 2327,1399 2372,1399 2416,1399 2461,1399 2506,1399 2551,1399 2596,1402 2640,1405 2685,1402 2730,1402 2775,1405 2819,1402 2864,1402 2909,1402 2942,1402"/>
                <TextEquiv>
                    <Unicode>( erstaunt) Wohin? Faustina, vergissest Du, dass</Unicode>
                </TextEquiv>
            </TextLine>
            <TextLine id="tr_2_tl_9" custom="readingOrder {index:8;}">
                <Coords points="675,1589 1076,1550 1271,1608 1421,1562 1611,1614 2109,1583 2109,1473 1864,1439 1632,1491 1455,1443 1302,1491 1097,1449 1012,1501 810,1436 675,1464"/>
                <Baseline points="692,1530 737,1530 781,1530 826,1533 871,1533 916,1533 960,1536 1005,1536 1050,1536 1095,1536 1139,1536 1184,1536 1229,1539 1274,1539 1318,1539 1363,1539 1408,1539 1453,1536 1497,1542 1542,1542 1587,1539 1632,1539 1676,1542 1721,1542 1766,1542 1811,1542 1856,1542 1900,1542 1945,1542 1990,1542 2035,1539 2079,1539 2115,1536"/>
                <TextEquiv>
                    <Unicode>Du die Gäste empfangen sollst?</Unicode>
                </TextEquiv>
            </TextLine>
            <TextLine id="tr_2_tl_10" custom="readingOrder {index:9;}">
                <Coords points="266,1724 425,1782 520,1745 541,1757 694,1730 688,1565 599,1553 526,1589 458,1577 422,1611 327,1592 303,1614 263,1598"/>
                <Baseline points="280,1676 325,1676 370,1676 414,1679 459,1679 504,1682 549,1682 593,1682 638,1685 683,1685 698,1685"/>
                <TextEquiv>
                    <Unicode>Faustina,</Unicode>
                </TextEquiv>
            </TextLine>
            <TextLine id="tr_2_tl_11" custom="readingOrder {index:10;}">
                <Coords points="727,1693 1274,1782 2812,1724 2812,1623 2717,1589 2100,1660 1488,1577 727,1611"/>
                <Baseline points="743,1682 787,1679 832,1682 877,1682 922,1685 966,1682 1011,1682 1056,1685 1101,1685 1145,1682 1190,1685 1235,1685 1280,1685 1324,1685 1369,1688 1414,1688 1459,1688 1503,1688 1548,1688 1593,1688 1638,1688 1682,1688 1727,1688 1772,1688 1817,1691 1861,1691 1906,1691 1951,1691 1996,1691 2041,1691 2085,1691 2130,1691 2175,1691 2220,1691 2264,1691 2309,1694 2354,1694 2399,1694 2443,1694 2488,1694 2533,1694 2578,1694 2622,1694 2667,1694 2712,1694 2757,1697 2801,1697 2819,1697"/>
                <TextEquiv>
                    <Unicode>Du wirst die Güte haben, sie in meinem Namen</Unicode>
                </TextEquiv>
            </TextLine>
            <TextLine id="tr_2_tl_12" custom="readingOrder {index:11;}">
                <Coords points="675,1889 2803,1886 2800,1727 2179,1803 999,1727 675,1785"/>
                <Baseline points="692,1841 737,1838 781,1838 826,1838 871,1841 916,1841 960,1841 1005,1841 1050,1841 1095,1841 1139,1841 1184,1844 1229,1844 1274,1844 1318,1844 1363,1844 1408,1844 1453,1844 1497,1844 1542,1841 1587,1844 1632,1847 1676,1847 1721,1847 1766,1847 1811,1847 1856,1847 1900,1847 1945,1847 1990,1847 2035,1847 2079,1847 2124,1847 2169,1850 2214,1850 2258,1850 2303,1850 2348,1850 2393,1850 2437,1853 2482,1853 2527,1853 2572,1853 2616,1853 2661,1853 2706,1856 2751,1856 2795,1856 2810,1856"/>
                <TextEquiv>
                    <Unicode>zu begrüssen. Ich bin in kurzem wieder da. Du</Unicode>
                </TextEquiv>
            </TextLine>
            <TextLine id="tr_2_tl_13" custom="readingOrder {index:12;}">
                <Coords points="675,2035 957,2094 1082,2042 1357,2084 2094,2035 2094,1904 1647,1947 1495,1910 1174,1944 892,1883 675,1916"/>
                <Baseline points="692,1984 737,1987 781,1984 826,1987 871,1987 916,1987 960,1987 1005,1990 1050,1990 1095,1990 1139,1990 1184,1990 1229,1990 1274,1990 1318,1990 1363,1993 1408,1993 1453,1993 1497,1993 1542,1993 1587,1993 1632,1996 1676,1996 1721,1996 1766,1996 1811,1996 1856,1999 1900,1999 1945,1996 1990,1996 2035,1996 2079,1996 2100,1996"/>
                <TextEquiv>
                    <Unicode>bist doch nicht böse, Manuelal</Unicode>
                </TextEquiv>
            </TextLine>
        </TextRegion>
        <TextRegion id="tr_1" custom="readingOrder {index:1;}">
            <Coords points="223,2086 3058,2086 3058,3713 223,3713"/>
            <TextLine id="tr_1_tl_1" custom="readingOrder {index:0;}">
                <Coords points="241,2167 2699,2191 2677,2069 1534,2106 241,2017"/>
                <Baseline points="259,2136 304,2136 349,2136 393,2136 438,2139 483,2139 528,2139 572,2139 617,2142 662,2139 707,2139 751,2142 796,2142 841,2142 886,2145 930,2142 975,2142 1020,2142 1065,2142 1110,2145 1154,2145 1199,2142 1244,2145 1289,2145 1333,2145 1378,2148 1423,2148 1468,2148 1512,2145 1557,2148 1602,2148 1647,2148 1691,2151 1736,2151 1781,2151 1826,2154 1870,2154 1915,2151 1960,2157 2005,2154 2049,2154 2094,2157 2139,2154 2184,2157 2229,2157 2273,2157 2318,2160 2363,2157 2408,2160 2452,2160 2497,2160 2542,2157 2587,2157 2631,2157 2676,2157 2703,2154"/>
                <TextEquiv>
                    <Unicode>Manuela. Aber sag mir doch das eine, wohin Du gehst?</Unicode>
                </TextEquiv>
            </TextLine>
            <TextLine id="tr_1_tl_2" custom="readingOrder {index:1;}">
                <Coords points="251,2393 306,2387 373,2411 431,2378 449,2384 489,2350 513,2375 572,2378 627,2347 660,2356 657,2204 593,2200 520,2222 431,2197 376,2231 248,2231"/>
                <Baseline points="268,2285 313,2288 358,2288 402,2291 447,2291 492,2294 537,2294 581,2294 626,2294 668,2294"/>
                <TextEquiv>
                    <Unicode>Faustina</Unicode>
                </TextEquiv>
            </TextLine>
            <TextLine id="tr_1_tl_3" custom="readingOrder {index:2;}">
                <Coords points="743,2359 3032,2353 2989,2200 2528,2262 2314,2179 2094,2256 740,2210"/>
                <Baseline points="760,2291 805,2294 850,2297 895,2297 939,2297 984,2297 1029,2297 1074,2300 1118,2297 1163,2297 1208,2297 1253,2300 1298,2297 1342,2300 1387,2300 1432,2300 1477,2300 1521,2300 1566,2300 1611,2303 1656,2303 1700,2306 1745,2306 1790,2306 1835,2306 1879,2306 1924,2306 1969,2309 2014,2309 2058,2309 2103,2309 2148,2309 2193,2309 2237,2309 2282,2309 2327,2309 2372,2309 2416,2312 2461,2312 2506,2312 2551,2315 2596,2315 2640,2318 2685,2318 2730,2318 2775,2318 2819,2318 2864,2318 2909,2318 2954,2318 2998,2318 3037,2318"/>
                <TextEquiv>
                    <Unicode>beginnt sich zum Weggehen zu kleiden ) (—in ganz</Unicode>
                </TextEquiv>
            </TextLine>
            <TextLine id="tr_1_tl_4" custom="readingOrder {index:3;}">
                <Coords points="724,2518 2647,2512 2622,2381 721,2347"/>
                <Baseline points="737,2452 781,2452 826,2452 871,2449 916,2449 960,2452 1005,2452 1050,2449 1095,2449 1139,2449 1184,2449 1229,2452 1274,2452 1318,2452 1363,2452 1408,2452 1453,2452 1497,2455 1542,2455 1587,2455 1632,2455 1676,2455 1721,2458 1766,2458 1811,2461 1856,2458 1900,2458 1945,2458 1990,2458 2035,2461 2079,2461 2124,2461 2169,2464 2214,2464 2258,2464 2303,2464 2348,2464 2393,2464 2437,2464 2482,2464 2527,2467 2572,2467 2616,2470 2649,2473"/>
                <TextEquiv>
                    <Unicode>gewöhnlichem Gesprächston—Jn die Kirche.</Unicode>
                </TextEquiv>
            </TextLine>
            <TextLine id="tr_1_tl_5" custom="readingOrder {index:4;}">
                <Coords points="229,2638 260,2641 293,2619 413,2625 428,2638 498,2619 532,2647 553,2634 575,2650 630,2638 627,2534 572,2509 541,2524 501,2506 385,2537 339,2528 293,2494 226,2506"/>
                <Baseline points="247,2601 292,2599 337,2599 381,2599 426,2601 471,2601 516,2601 560,2604 605,2604 638,2607"/>
                <TextEquiv>
                    <Unicode>Manuela,</Unicode>
                </TextEquiv>
            </TextLine>
            <TextLine id="tr_1_tl_6" custom="readingOrder {index:5;}">
                <Coords points="688,2665 920,2677 1137,2619 1491,2699 1605,2659 1699,2696 1818,2631 2029,2659 2054,2506 1886,2549 1718,2500 1323,2537 1262,2494 1119,2558 688,2521"/>
                <Baseline points="704,2607 748,2604 793,2604 838,2604 883,2604 928,2601 972,2604 1017,2604 1062,2607 1107,2607 1151,2607 1196,2607 1241,2607 1286,2607 1330,2607 1375,2607 1420,2610 1465,2610 1509,2610 1554,2613 1599,2610 1644,2610 1688,2610 1733,2610 1778,2610 1823,2613 1867,2613 1912,2613 1957,2610 2002,2610 2046,2610 2061,2610"/>
                <TextEquiv>
                    <Unicode>( höchst erstaunt ) Faustina?</Unicode>
                </TextEquiv>
            </TextLine>
            <TextLine id="tr_1_tl_7" custom="readingOrder {index:6;}">
                <Coords points="238,2803 293,2793 342,2818 394,2800 504,2793 526,2812 596,2793 669,2809 669,2690 614,2677 581,2696 547,2680 526,2702 410,2659 235,2683"/>
                <Baseline points="256,2748 301,2745 346,2748 390,2748 435,2748 480,2751 525,2751 569,2754 614,2751 659,2754 677,2754"/>
                <TextEquiv>
                    <Unicode>Faustina</Unicode>
                </TextEquiv>
            </TextLine>
            <TextLine id="tr_1_tl_8" custom="readingOrder {index:7;}">
                <Coords points="712,2833 2790,2827 2787,2705 2622,2656 1699,2735 1262,2650 709,2671"/>
                <Baseline points="725,2751 769,2751 814,2751 859,2754 904,2754 948,2754 993,2754 1038,2754 1083,2757 1127,2760 1172,2760 1217,2760 1262,2760 1306,2760 1351,2760 1396,2763 1441,2760 1486,2763 1530,2766 1575,2763 1620,2766 1665,2766 1709,2763 1754,2763 1799,2766 1844,2766 1888,2766 1933,2766 1978,2769 2023,2769 2067,2769 2112,2769 2157,2769 2202,2769 2246,2772 2291,2772 2336,2772 2381,2772 2425,2772 2470,2772 2515,2772 2560,2772 2604,2772 2649,2775 2694,2775 2739,2775 2784,2775 2795,2775"/>
                <TextEquiv>
                    <Unicode>Du wirst nicht lange allein sein: die Kosten</Unicode>
                </TextEquiv>
            </TextLine>
            <TextLine id="tr_1_tl_9" custom="readingOrder {index:8;}">
                <Coords points="672,2962 3053,2977 3053,2873 2775,2827 672,2830"/>
                <Baseline points="689,2903 734,2906 778,2906 823,2906 868,2909 913,2909 957,2909 1002,2909 1047,2909 1092,2909 1136,2909 1181,2909 1226,2912 1271,2912 1315,2912 1360,2912 1405,2912 1450,2915 1494,2915 1539,2915 1584,2915 1629,2918 1673,2921 1718,2918 1763,2921 1808,2921 1853,2921 1897,2921 1942,2921 1987,2924 2032,2924 2076,2927 2121,2927 2166,2927 2211,2927 2255,2924 2300,2927 2345,2927 2390,2927 2434,2927 2479,2927 2524,2927 2569,2927 2613,2927 2658,2930 2703,2933 2748,2933 2792,2930 2837,2933 2882,2933 2927,2933 2972,2930 3016,2930 3058,2930"/>
                <TextEquiv>
                    <Unicode>der Unterhaltung tragen.. Es gibt gottlob Schwätzer</Unicode>
                </TextEquiv>
            </TextLine>
            <TextLine id="tr_1_tl_10" custom="readingOrder {index:9;}">
                <Coords points="660,3102 2965,3123 2965,3013 2619,2983 660,2992"/>
                <Baseline points="677,3055 722,3058 766,3061 811,3061 856,3061 901,3064 945,3061 990,3061 1035,3064 1080,3064 1124,3064 1169,3064 1214,3064 1259,3067 1303,3067 1348,3070 1393,3070 1438,3070 1483,3073 1527,3070 1572,3073 1617,3076 1662,3076 1706,3076 1751,3073 1796,3073 1841,3073 1885,3076 1930,3076 1975,3076 2020,3076 2064,3079 2109,3079 2154,3079 2199,3079 2243,3079 2288,3082 2333,3082 2378,3082 2422,3082 2467,3085 2512,3085 2557,3085 2601,3085 2646,3088 2691,3088 2736,3088 2781,3088 2825,3088 2870,3088 2915,3088 2960,3088 2969,3085"/>
                <TextEquiv>
                    <Unicode>unter der Gesellschaft, die mit wenig Getst, aber</Unicode>
                </TextEquiv>
            </TextLine>
            <TextLine id="tr_1_tl_11" custom="readingOrder {index:10;}">
                <Coords points="700,3285 2812,3270 2790,3117 697,3145"/>
                <Baseline points="716,3213 760,3216 805,3213 850,3213 895,3213 939,3213 984,3213 1029,3213 1074,3216 1118,3216 1163,3216 1208,3219 1253,3219 1298,3219 1342,3219 1387,3219 1432,3219 1477,3222 1521,3222 1566,3222 1611,3225 1656,3225 1700,3225 1745,3225 1790,3225 1835,3225 1879,3225 1924,3225 1969,3225 2014,3228 2058,3228 2103,3231 2148,3231 2193,3231 2237,3231 2282,3231 2327,3234 2372,3234 2416,3234 2461,3237 2506,3237 2551,3240 2596,3237 2640,3237 2685,3237 2730,3240 2775,3240 2819,3243"/>
                <TextEquiv>
                    <Unicode>viel Worten die Zeit zu vertretben verstehen.</Unicode>
                </TextEquiv>
            </TextLine>
            <TextLine id="tr_1_tl_12" custom="readingOrder {index:11;}">
                <Coords points="639,3432 1614,3392 1791,3463 2112,3408 2332,3472 2683,3417 2683,3310 2473,3285 1941,3344 1614,3276 639,3289"/>
                <Baseline points="656,3368 701,3368 745,3371 790,3371 835,3374 880,3371 925,3374 969,3374 1014,3377 1059,3377 1104,3377 1148,3374 1193,3377 1238,3377 1283,3380 1327,3380 1372,3380 1417,3377 1462,3377 1506,3380 1551,3380 1596,3380 1641,3383 1685,3383 1730,3383 1775,3386 1820,3386 1864,3386 1909,3389 1954,3386 1999,3386 2044,3386 2088,3389 2133,3389 2178,3389 2223,3389 2267,3389 2312,3389 2357,3389 2402,3389 2446,3392 2491,3389 2536,3392 2581,3392 2625,3392 2670,3395 2691,3392"/>
                <TextEquiv>
                    <Unicode>À propos- sagte ich schon, dass ich Amandus</Unicode>
                </TextEquiv>
            </TextLine>
            <TextLine id="tr_1_tl_13" custom="readingOrder {index:12;}">
                <Coords points="645,3591 1061,3616 1109,3576 1235,3603 1608,3554 1699,3600 1803,3567 1803,3460 1736,3447 1540,3484 1351,3481 1284,3429 1171,3478 1094,3432 645,3447"/>
                <Baseline points="662,3524 707,3524 751,3524 796,3527 841,3527 886,3527 930,3527 975,3530 1020,3530 1065,3527 1110,3530 1154,3530 1199,3530 1244,3532 1289,3532 1333,3532 1378,3535 1423,3535 1468,3535 1512,3535 1557,3535 1602,3535 1647,3532 1691,3535 1736,3535 1781,3535 1808,3532"/>
                <TextEquiv>
                    <Unicode>Norbert eingeladen habe?</Unicode>
                </TextEquiv>
            </TextLine>
            <TextLine id="tr_1_tl_14" custom="readingOrder {index:13;}">
                <Coords points="205,3719 358,3692 425,3726 495,3713 538,3744 599,3738 599,3570 510,3557 452,3579 416,3554 388,3567 361,3551 281,3579 205,3567"/>
                <Baseline points="223,3679 268,3676 313,3676 358,3676 402,3676 447,3679 492,3679 537,3679 581,3679 608,3682"/>
                <TextEquiv>
                    <Unicode>Manuela.</Unicode>
                </TextEquiv>
            </TextLine>
            <TextLine id="tr_1_tl_15" custom="readingOrder {index:14;}">
                <Coords points="654,3735 2763,3719 2741,3582 651,3606"/>
                <Baseline points="668,3679 713,3679 757,3679 802,3679 847,3682 892,3682 936,3682 981,3679 1026,3679 1071,3679 1115,3682 1160,3682 1205,3682 1250,3685 1295,3685 1339,3685 1384,3685 1429,3688 1474,3691 1518,3688 1563,3688 1608,3688 1653,3691 1697,3694 1742,3694 1787,3694 1832,3694 1876,3694 1921,3694 1966,3694 2011,3697 2055,3697 2100,3697 2145,3697 2190,3697 2234,3697 2279,3700 2324,3700 2369,3700 2414,3700 2458,3703 2503,3703 2548,3703 2593,3703 2637,3703 2682,3703 2727,3703 2772,3703"/>
                <TextEquiv>
                    <Unicode>Wie? Amandus Norbert ist wieder in der Stadt?</Unicode>
                </TextEquiv>
            </TextLine>
        </TextRegion>
    </Page>
</PcGts>
