3368 4056
3001 227 3125 433 77
1236 395 2026 622 Achter Auftritt.
982 560 1981 752 Vorige. Albinus Luft.
323 711 3056 985 Luft. Oh, Sie entschuldigen wohl, Gräfin, dass ich unange
797 862 3032 1088 meldet hereintrete. Guten Tag, Fräulein Manuela.
340 1044 2211 1260 Faustina. Wir sind erfreut Sie zu sehen.
340 1143 3066 1374 Albinus. Und erstaunt zugleich,mich sobald wieder zu sehen
852 1349 3187 1514 nicht wahr? Gestern, oder besser gesagt heute erst
824 1442 3142 1655 Ihren Ball verlassen,- ach ich kann Sie versichern,
426 1531 639 1648 G.C.F.P.
821 1641 3162 1813 Gräfin, ein unvergleichlicher Ball-und jetzt schon
470 1621 673 1827 G.C.F.P
821 1789 3145 1937 wieder in diesen Räumen.Doch ich komme jetzt nicht
828 1899 3145 2122 als Albinus Luft in Person, sondern als Abgesandter
828 2108 3228 2280 der Fürstin Malineska, welche Sie durch mich ersuchen
865 2263 1157 2441 lässt-
477 2170 587 2414 G.
821 2417 3197 2558 Ach, Herr Albinus Luft, wohl eine Einladung auf die
347 2407 797 2603 Faustina.
807 2527 3132 2692 Sotreé der Fürstin, von deren Vorbereitungen man
821 2695 2060 2884 schon einige Zeit spricht.
567 2695 742 2857 G.H.
364 2833 2373 3039 Luft- So ist es,Gräfin-also ich darf wohl-
371 2932 3132 3207 Faustina. Melden Sie der Fürstin mein Bedauern-ich kann von
855 3121 3111 3314 ihrer so freundlichen Einladung leider keinen Ge¬
852 3279 3090 3489 brauch machen.Manuela wird die Güte haben, meine
845 3461 1806 3671 Stelle zu vertreten.
