3352 4168
2709 154 2860 322 les
2653 291 2829 508 163.
582 543 810 764 traf.
140 673 2955 908 Raph. Da tanzt sie eben vorrüber, mit einem der ihr gleicht
151 887 1195 1111 Manuela. Mit Benediot!
158 960 2800 1206 Alb. Ei, ei da tanzt der Philosoph mit der Heiligen. Sie
624 1174 1490 1363 tanzen einen Witz!
1037 1279 1844 1528 Vierter Auftritt.
641 1423 3049 1668 (Es öffnet sich die Türe, die in den Vorsaal führt
624 1567 2997 1805 Macarius und Genovefa erscheinen auf der Schwelle )
179 1724 2972 2008 Macartus. Auf Wiedersehen, meine Herren und Damen! (mit sei¬
655 1949 1272 2121 ner Frau ab )
186 2050 2082 2215 Alb. Oh das war Rastlos— ( eilt hinaus )
196 2131 2800 2373 Raph. (Ambrostus ) einer meiner Behannten geht letzthin
659 2324 3011 2562 nachmittags zu diesem rastlosen Ehepaar in die Woh-
620 2436 2923 2688 nung- es klopft, man öffnet ihm nicht. Warum aber?
659 2608 3084 2857 Wicht etwa, weil sie beide verreist waren, sondern
666 2772 2969 3007 weil sie beide schliefen. Sie kennen ihn ja, Leon-
620 2972 1612 3144 hard Friede mein ich.
207 3053 2941 3316 Alb. ( kommt mit den beiden Rastlos herein.. Faustina tritt
743 3291 1174 3445 ebe auf )
217 3347 2899 3614 Alb. Entschuldigen Sie, verehrte Faustina, dass ich mir er
719 3512 3056 3768 laubt habe, an Ihrer Stelle die Honneurs zu machen
