3384 4104
2840 281 2957 394 36
651 432 918 651 nann.
233 624 983 826 Ambr. Leb wohl!
565 658 3046 929 Nicht also,Ambrostus. — Vor unserm Abschied noch etns
240 839 466 970 Alb.
654 901 2940 1107 Du weisst, dass wir überall die Unzertrennlichen
682 997 3060 1251 genannt wurden.Es würde den Leuten schwer, sich die¬
685 1203 3121 1398 ses Ausdrucks zu entwähnen.Lass uns aes vor der Welt
696 1333 3159 1603 das bleiben, was wir in Wirklichkeit nicht mehr sind.
685 1501 1946 1723 Feinde durch unser Streben
600 1682 2069 1884 Freunde vor der Welt—Leb wohl!
267 1730 541 1895 Ambr.
572 1850 1093 2069 Lebe wohl.
274 1854 545 2039 Alb.
976 1967 1932 2183 ( Sie trennen sich )
1114 2111 2117 2323 Faustina. Benediktus
284 2213 3043 2522 Benediktus. Ich muss gestehen, Gräfin, dass ich mich anfangs
716 2388 3094 2618 wunderte,aber sehr bald die Sache begreiflich fand.
720 2556 3138 2789 Was bietet uns Menschen die Welt?'s ist alles leer
720 2717 3104 2919 und schal.Ein wirrer Lärm umfängt uns und wir seh¬
723 2830 3135 3070 nen uns nach Ruhe. Wir finden sie in den stellen Räu-
720 3001 3073 3221 men der Kirche.Ich glaube nur an die Ruhe, die uns
730 3214 2563 3365 die Religion gewährt, an nichts weiter.
319 3365 3049 3570 Faustina. Sie sind eben allzusehr Philosoph, um an mehr zu
