<?xml version="1.0" encoding="UTF-8" standalone="yes"?>
<PcGts xmlns="http://schema.primaresearch.org/PAGE/gts/pagecontent/2013-07-15" xmlns:xsi="http://www.w3.org/2001/XMLSchema-instance" xsi:schemaLocation="http://schema.primaresearch.org/PAGE/gts/pagecontent/2013-07-15 http://schema.primaresearch.org/PAGE/gts/pagecontent/2013-07-15/pagecontent.xsd">
    <Metadata>
        <Creator>prov=READ-COOP:name=TrHtr:version=2.1.0:model_id=51170:date=27_07_2023_19:33</Creator>
        <Created>2023-05-10T11:24:33.875+02:00</Created>
        <LastChange>2023-07-27T19:33:09.506+02:00</LastChange>
        <TranskribusMetadata docId="1428154" pageId="55387251" pageNr="158" tsid="131289376" status="IN_PROGRESS" userId="64420" imgUrl="https://files.transkribus.eu/Get?id=ITLQKMGBIKVCNYJHHNAJFDUH&amp;fileType=view" xmlUrl="https://files.transkribus.eu/Get?id=KHZBMJZZFPQQQROBDSKFQRID" imageId="44662148"/>
    </Metadata>
    <Page imageFilename="1428154_0158.jpg" imageWidth="3400" imageHeight="4168">
        <ReadingOrder>
            <OrderedGroup id="ro_1711820847396" caption="Regions reading order">
                <RegionRefIndexed index="0" regionRef="tr_1"/>
            </OrderedGroup>
        </ReadingOrder>
        <TextRegion id="tr_1" custom="readingOrder {index:0;}">
            <Coords points="229,320 3251,320 3251,3661 229,3661"/>
            <TextLine id="tr_1_tl_1" custom="readingOrder {index:0;}">
                <Coords points="2751,433 2793,437 2806,447 2827,440 2855,465 2880,444 2915,451 2925,280 2894,287 2876,276 2827,294 2806,297 2799,290 2786,301 2761,294"/>
                <Baseline points="2773,382 2794,379 2839,376 2884,376 2928,370"/>
                <TextEquiv>
                    <Unicode>153</Unicode>
                </TextEquiv>
            </TextLine>
            <TextLine id="tr_1_tl_2" custom="readingOrder {index:1;}">
                <Coords points="657,689 2149,570 2562,629 3069,563 3076,433 1968,510 1807,430 671,458"/>
                <Baseline points="677,641 707,638 752,641 797,644 841,644 886,641 931,638 976,635 1021,632 1065,629 1110,626 1155,626 1200,626 1245,621 1289,621 1334,618 1379,612 1424,609 1468,606 1513,603 1558,600 1603,600 1648,594 1692,591 1737,588 1782,585 1827,582 1872,582 1916,576 1961,576 2006,573 2051,573 2095,570 2140,567 2185,567 2230,564 2275,558 2319,555 2364,549 2409,546 2454,546 2499,543 2543,540 2588,537 2633,534 2678,534 2722,531 2767,528 2812,525 2857,522 2902,519 2946,516 2991,510 3036,507 3081,510"/>
                <TextEquiv>
                    <Unicode>Et, Amandus, Du bist noch erregt. Deine Hand fiebert</Unicode>
                </TextEquiv>
            </TextLine>
            <TextLine id="tr_1_tl_3" custom="readingOrder {index:2;}">
                <Coords points="210,716 276,713 283,727 360,696 468,723 524,689 594,727 626,723 629,580 535,549 454,598 419,594 377,552 217,531"/>
                <Baseline points="229,668 232,668 277,665 322,668 367,665 412,668 456,662 501,659 546,656 591,653 635,653"/>
                <TextEquiv>
                    <Unicode>Faustina.</Unicode>
                </TextEquiv>
            </TextLine>
            <TextLine id="tr_1_tl_4" custom="readingOrder {index:3;}">
                <Coords points="668,853 1202,772 2862,762 2890,608 1957,678 1150,629 1035,723 675,720"/>
                <Baseline points="692,797 701,797 746,794 791,794 835,794 880,791 925,791 970,785 1015,782 1059,779 1104,776 1149,773 1194,770 1239,767 1283,764 1328,761 1373,761 1418,761 1462,758 1507,752 1552,752 1597,746 1642,746 1686,743 1731,740 1776,737 1821,734 1866,731 1910,728 1955,725 2000,725 2045,719 2089,719 2134,716 2179,716 2224,713 2269,707 2313,704 2358,704 2403,701 2448,701 2493,695 2537,692 2582,689 2627,683 2672,683 2716,677 2761,677 2806,674 2851,671 2896,668"/>
                <TextEquiv>
                    <Unicode>Tritt ins Licht des Mondes, dass ich Dich besser</Unicode>
                </TextEquiv>
            </TextLine>
            <TextLine id="tr_1_tl_5" custom="readingOrder {index:4;}">
                <Coords points="720,989 1111,1017 1321,919 1727,895 2328,968 2656,923 2918,762 727,835"/>
                <Baseline points="743,946 770,946 815,943 859,940 904,937 949,937 994,934 1039,931 1083,928 1128,928 1173,922 1218,919 1262,916 1307,913 1352,913 1397,910 1442,907 1486,901 1531,898 1576,898 1621,895 1666,892 1710,892 1755,889 1800,889 1845,883 1889,880 1934,877 1979,874 2024,871 2069,865 2113,865 2158,865 2203,862 2248,859 2292,856 2337,853 2382,850 2427,850 2472,844 2516,844 2561,841 2606,838 2651,835 2696,835 2740,833 2785,830 2830,824 2875,821 2919,818"/>
                <TextEquiv>
                    <Unicode>sehe: Dein Antlitz ist gerötet- Deine Stirn ist</Unicode>
                </TextEquiv>
            </TextLine>
            <TextLine id="tr_1_tl_6" custom="readingOrder {index:5;}">
                <Coords points="678,1136 1003,1164 1101,1087 1353,1066 1440,1104 1587,1101 1597,954 1426,912 1248,944 1108,1021 951,993 762,1052 685,1028"/>
                <Baseline points="701,1101 746,1098 791,1098 835,1095 880,1092 925,1089 970,1089 1015,1080 1059,1080 1104,1077 1149,1074 1194,1074 1239,1071 1283,1068 1328,1068 1373,1062 1418,1059 1462,1056 1507,1050 1552,1044 1597,1047"/>
                <TextEquiv>
                    <Unicode>heiss— Was ist Dir?</Unicode>
                </TextEquiv>
            </TextLine>
            <TextLine id="tr_1_tl_7" custom="readingOrder {index:6;}">
                <Coords points="220,1370 944,1328 1136,1227 3027,1181 3037,1055 234,1150"/>
                <Baseline points="247,1271 265,1268 310,1268 355,1268 400,1265 444,1262 489,1262 534,1262 579,1253 624,1250 668,1250 713,1248 758,1250 803,1245 847,1239 892,1239 937,1233 982,1230 1027,1227 1071,1227 1116,1224 1161,1221 1206,1221 1250,1218 1295,1218 1340,1212 1385,1209 1430,1209 1474,1206 1519,1203 1564,1200 1609,1197 1654,1194 1698,1194 1743,1188 1788,1185 1833,1182 1877,1179 1922,1176 1967,1173 2012,1173 2057,1170 2101,1164 2146,1161 2191,1158 2236,1155 2281,1155 2325,1152 2370,1149 2415,1146 2460,1146 2504,1140 2549,1137 2594,1134 2639,1131 2684,1131 2728,1128 2773,1125 2818,1125 2863,1122 2908,1119 2952,1113 2997,1110 3042,1110"/>
                <TextEquiv>
                    <Unicode>Amand. Ich bth schnell gegangen, Liebe- ich nahm den Weg über</Unicode>
                </TextEquiv>
            </TextLine>
            <TextLine id="tr_1_tl_8" custom="readingOrder {index:7;}">
                <Coords points="706,1482 1304,1374 3013,1363 3023,1174 716,1297"/>
                <Baseline points="728,1400 746,1403 791,1400 835,1400 880,1397 925,1394 970,1385 1015,1382 1059,1382 1104,1379 1149,1376 1194,1373 1239,1373 1283,1367 1328,1367 1373,1367 1418,1361 1462,1358 1507,1355 1552,1352 1597,1349 1642,1346 1686,1346 1731,1343 1776,1340 1821,1337 1866,1334 1910,1328 1955,1325 2000,1322 2045,1319 2089,1316 2134,1316 2179,1313 2224,1310 2269,1310 2313,1307 2358,1304 2403,1301 2448,1301 2493,1298 2537,1298 2582,1295 2627,1289 2672,1286 2716,1280 2761,1280 2806,1274 2851,1277 2896,1271 2940,1268 2985,1265 3030,1265"/>
                <TextEquiv>
                    <Unicode>die den Hügel und legte mich unterwegs eine Weile</Unicode>
                </TextEquiv>
            </TextLine>
            <TextLine id="tr_1_tl_9" custom="readingOrder {index:8;}">
                <Coords points="755,1601 2114,1468 2929,1517 2936,1370 1443,1370 765,1471"/>
                <Baseline points="779,1546 794,1546 838,1543 883,1543 928,1540 973,1537 1018,1534 1062,1534 1107,1528 1152,1525 1197,1525 1242,1519 1286,1519 1331,1516 1376,1516 1421,1510 1465,1504 1510,1501 1555,1498 1600,1498 1645,1498 1689,1492 1734,1489 1779,1486 1824,1483 1869,1483 1913,1477 1958,1474 2003,1474 2048,1471 2092,1468 2137,1468 2182,1465 2227,1465 2272,1462 2316,1459 2361,1457 2406,1454 2451,1451 2496,1448 2540,1445 2585,1445 2630,1439 2675,1436 2719,1433 2764,1433 2809,1427 2854,1424 2899,1421 2943,1418"/>
                <TextEquiv>
                    <Unicode>in den Rasen— ( er hält ihre Hand) Wie ist Dir</Unicode>
                </TextEquiv>
            </TextLine>
            <TextLine id="tr_1_tl_10" custom="readingOrder {index:9;}">
                <Coords points="709,1748 1223,1772 1433,1664 1950,1706 2100,1622 3107,1702 3118,1496 716,1597"/>
                <Baseline points="731,1707 749,1707 794,1701 838,1701 883,1698 928,1695 973,1692 1018,1692 1062,1689 1107,1683 1152,1680 1197,1677 1242,1677 1286,1674 1331,1671 1376,1668 1421,1666 1465,1666 1510,1660 1555,1657 1600,1657 1645,1651 1689,1651 1734,1648 1779,1645 1824,1642 1869,1639 1913,1636 1958,1633 2003,1630 2048,1627 2092,1624 2137,1624 2182,1621 2227,1621 2272,1615 2316,1612 2361,1612 2406,1609 2451,1606 2496,1603 2540,1600 2585,1600 2630,1597 2675,1594 2719,1588 2764,1585 2809,1582 2854,1582 2899,1579 2943,1573 2988,1573 3033,1570 3078,1567 3123,1567"/>
                <TextEquiv>
                    <Unicode>heute? (er wartet ihre Antwort nicht ab) Ich weiss</Unicode>
                </TextEquiv>
            </TextLine>
            <TextLine id="tr_1_tl_11" custom="readingOrder {index:10;}">
                <Coords points="716,1908 2233,1775 2363,1845 2953,1817 2960,1657 2597,1636 2279,1727 1429,1664 1220,1772 723,1765"/>
                <Baseline points="740,1860 770,1857 815,1854 859,1854 904,1851 949,1848 994,1845 1039,1845 1083,1842 1128,1836 1173,1836 1218,1833 1262,1827 1307,1824 1352,1821 1397,1821 1442,1815 1486,1812 1531,1812 1576,1809 1621,1806 1666,1806 1710,1800 1755,1797 1800,1794 1845,1791 1889,1788 1934,1785 1979,1782 2024,1779 2069,1776 2113,1773 2158,1773 2203,1770 2248,1770 2292,1767 2337,1761 2382,1761 2427,1758 2472,1755 2516,1752 2561,1746 2606,1746 2651,1743 2696,1740 2740,1737 2785,1734 2830,1731 2875,1728 2919,1725 2964,1725"/>
                <TextEquiv>
                    <Unicode>nicht, wie mir war, als ich mich niederliess im</Unicode>
                </TextEquiv>
            </TextLine>
            <TextLine id="tr_1_tl_12" custom="readingOrder {index:11;}">
                <Coords points="727,2073 1276,2066 1447,1978 2618,1982 2775,1887 2999,1961 3009,1821 2240,1866 1800,1796 1408,1912 737,1919"/>
                <Baseline points="752,2006 776,2003 821,2000 865,2000 910,1997 955,1991 1000,1991 1044,1988 1089,1988 1134,1985 1179,1982 1224,1979 1268,1973 1313,1970 1358,1967 1403,1964 1448,1961 1492,1958 1537,1955 1582,1955 1627,1952 1671,1949 1716,1946 1761,1943 1806,1943 1851,1940 1895,1934 1940,1934 1985,1931 2030,1928 2075,1925 2119,1925 2164,1919 2209,1919 2254,1916 2298,1913 2343,1910 2388,1907 2433,1907 2478,1904 2522,1901 2567,1898 2612,1895 2657,1892 2702,1892 2746,1889 2791,1883 2836,1883 2881,1877 2925,1875 2970,1872 3015,1872"/>
                <TextEquiv>
                    <Unicode>welchen Blumenmeer und blauschimmernde Luft warm</Unicode>
                </TextEquiv>
            </TextLine>
            <TextLine id="tr_1_tl_13" custom="readingOrder {index:12;}">
                <Coords points="783,2188 3086,2076 3093,1975 790,2066"/>
                <Baseline points="806,2158 818,2152 862,2152 907,2149 952,2146 997,2140 1042,2140 1086,2137 1131,2137 1176,2134 1221,2131 1265,2128 1310,2125 1355,2122 1400,2119 1445,2116 1489,2110 1534,2110 1579,2107 1624,2104 1668,2101 1713,2098 1758,2095 1803,2092 1848,2089 1892,2089 1937,2086 1982,2084 2027,2081 2072,2078 2116,2075 2161,2075 2206,2069 2251,2069 2295,2063 2340,2063 2385,2063 2430,2057 2475,2057 2519,2054 2564,2051 2609,2048 2654,2045 2699,2042 2743,2042 2788,2039 2833,2036 2878,2033 2922,2030 2967,2024 3012,2021 3057,2018 3102,2015"/>
                <TextEquiv>
                    <Unicode>mich umquoll und über mir der Aether seltsam flim-</Unicode>
                </TextEquiv>
            </TextLine>
            <TextLine id="tr_1_tl_14" custom="readingOrder {index:13;}">
                <Coords points="779,2373 1304,2366 1576,2261 2957,2237 3100,2198 3107,2083 790,2233"/>
                <Baseline points="803,2307 830,2301 874,2295 919,2292 964,2292 1009,2287 1053,2287 1098,2284 1143,2284 1188,2278 1233,2275 1277,2275 1322,2272 1367,2269 1412,2266 1457,2263 1501,2263 1546,2263 1591,2260 1636,2254 1680,2251 1725,2248 1770,2245 1815,2239 1860,2239 1904,2233 1949,2233 1994,2230 2039,2227 2084,2224 2128,2224 2173,2221 2218,2218 2263,2215 2307,2212 2352,2209 2397,2206 2442,2206 2487,2206 2531,2203 2576,2200 2621,2197 2666,2191 2710,2191 2755,2188 2800,2182 2845,2182 2890,2179 2934,2176 2979,2173 3024,2170 3069,2164 3114,2161"/>
                <TextEquiv>
                    <Unicode>merte - mir war, als lebt ich nicht, oder hätt nie</Unicode>
                </TextEquiv>
            </TextLine>
            <TextLine id="tr_1_tl_15" custom="readingOrder {index:14;}">
                <Coords points="755,2520 1936,2384 3139,2391 3191,2195 765,2377"/>
                <Baseline points="779,2460 821,2457 865,2451 910,2445 955,2445 1000,2439 1044,2436 1089,2436 1134,2430 1179,2427 1224,2424 1268,2424 1313,2421 1358,2418 1403,2415 1448,2412 1492,2412 1537,2409 1582,2406 1627,2400 1671,2397 1716,2397 1761,2394 1806,2388 1851,2385 1895,2382 1940,2379 1985,2376 2030,2376 2075,2373 2119,2373 2164,2370 2209,2367 2254,2364 2298,2361 2343,2358 2388,2355 2433,2352 2478,2352 2522,2352 2567,2349 2612,2346 2657,2343 2702,2337 2746,2334 2791,2331 2836,2328 2881,2325 2925,2322 2970,2319 3015,2316 3060,2313 3105,2310 3149,2307 3194,2307"/>
                <TextEquiv>
                    <Unicode>gelebt- mir war, wie etnem Verrückten sein muss, der</Unicode>
                </TextEquiv>
            </TextLine>
            <TextLine id="tr_1_tl_16" custom="readingOrder {index:15;}">
                <Coords points="779,2663 1985,2534 2125,2607 3051,2565 3058,2419 1325,2426 1157,2516 786,2523"/>
                <Baseline points="803,2591 824,2588 868,2588 913,2585 958,2579 1003,2579 1047,2576 1092,2573 1137,2573 1182,2570 1227,2570 1271,2570 1316,2564 1361,2561 1406,2558 1451,2555 1495,2552 1540,2549 1585,2549 1630,2546 1674,2543 1719,2540 1764,2540 1809,2537 1854,2534 1898,2528 1943,2528 1988,2525 2033,2522 2078,2519 2122,2516 2167,2516 2212,2513 2257,2513 2301,2510 2346,2504 2391,2504 2436,2501 2481,2501 2525,2499 2570,2493 2615,2493 2660,2487 2705,2487 2749,2484 2794,2481 2839,2478 2884,2475 2928,2472 2973,2469 3018,2466 3063,2466"/>
                <TextEquiv>
                    <Unicode>einen Augenblick sich glücklich, oder einem Glück-</Unicode>
                </TextEquiv>
            </TextLine>
            <TextLine id="tr_1_tl_17" custom="readingOrder {index:16;}">
                <Coords points="804,2740 2125,2758 2478,2653 2950,2684 2957,2555 1810,2569 1559,2656 807,2688"/>
                <Baseline points="824,2743 856,2740 901,2737 946,2734 991,2734 1036,2731 1080,2728 1125,2728 1170,2725 1215,2725 1259,2719 1304,2716 1349,2716 1394,2716 1439,2710 1483,2708 1528,2705 1573,2702 1618,2699 1663,2696 1707,2693 1752,2690 1797,2687 1842,2684 1886,2681 1931,2681 1976,2678 2021,2675 2066,2672 2110,2669 2155,2669 2200,2666 2245,2663 2290,2663 2334,2660 2379,2657 2424,2651 2469,2648 2513,2648 2558,2645 2603,2642 2648,2639 2693,2639 2737,2636 2782,2636 2827,2630 2872,2627 2917,2624 2961,2627"/>
                <TextEquiv>
                    <Unicode>lichen, der in einem Augenblick sich verrückt</Unicode>
                </TextEquiv>
            </TextLine>
            <TextLine id="tr_1_tl_18" custom="readingOrder {index:17;}">
                <Coords points="779,2967 1629,2848 2555,2883 2772,2796 3023,2859 3034,2674 2100,2765 1534,2705 786,2838"/>
                <Baseline points="803,2902 844,2896 889,2893 934,2887 979,2884 1024,2881 1068,2881 1113,2878 1158,2875 1203,2872 1248,2872 1292,2869 1337,2866 1382,2863 1427,2863 1471,2857 1516,2854 1561,2854 1606,2851 1651,2848 1695,2845 1740,2839 1785,2839 1830,2836 1875,2836 1919,2830 1964,2827 2009,2827 2054,2824 2098,2821 2143,2818 2188,2815 2233,2815 2278,2815 2322,2809 2367,2809 2412,2803 2457,2800 2501,2797 2546,2794 2591,2791 2636,2788 2681,2785 2725,2785 2770,2782 2815,2779 2860,2776 2905,2779 2949,2770 2967,2761 2994,2758 3039,2755"/>
                <TextEquiv>
                    <Unicode>fühlt. Alles fehlte mir und mir fehlre nichts.</Unicode>
                </TextEquiv>
            </TextLine>
            <TextLine id="tr_1_tl_19" custom="readingOrder {index:18;}">
                <Coords points="783,3118 1664,3086 1908,2992 2974,2999 3170,2964 3177,2831 2027,2834 1499,2936 993,2887 790,2964"/>
                <Baseline points="806,3045 809,3045 853,3042 898,3042 943,3039 988,3036 1033,3036 1077,3030 1122,3030 1167,3027 1212,3027 1256,3021 1301,3018 1346,3015 1391,3012 1436,3009 1480,3006 1525,3006 1570,3003 1615,3003 1660,3000 1704,2997 1749,2994 1794,2994 1839,2988 1883,2985 1928,2985 1973,2982 2018,2982 2063,2979 2107,2973 2152,2970 2197,2970 2242,2967 2287,2964 2331,2961 2376,2958 2421,2955 2466,2952 2510,2952 2555,2949 2600,2946 2645,2943 2690,2940 2734,2940 2779,2940 2824,2940 2869,2934 2914,2928 2958,2922 3003,2922 3048,2919 3093,2919 3137,2917 3182,2919"/>
                <TextEquiv>
                    <Unicode>Unbeschreibliche Sehnsucht fasste mein Herz - und es</Unicode>
                </TextEquiv>
            </TextLine>
            <TextLine id="tr_1_tl_20" custom="readingOrder {index:19;}">
                <Coords points="790,3289 1471,3166 2901,3125 3072,3090 3076,2992 797,3125"/>
                <Baseline points="812,3206 838,3197 883,3194 928,3194 973,3191 1018,3191 1062,3185 1107,3185 1152,3182 1197,3182 1242,3179 1286,3176 1331,3173 1376,3173 1421,3167 1465,3164 1510,3161 1555,3155 1600,3155 1645,3152 1689,3149 1734,3149 1779,3146 1824,3143 1869,3143 1913,3140 1958,3137 2003,3134 2048,3131 2092,3128 2137,3126 2182,3123 2227,3120 2272,3117 2316,3114 2361,3111 2406,3111 2451,3108 2496,3105 2540,3105 2585,3102 2630,3099 2675,3096 2719,3096 2764,3090 2809,3090 2854,3087 2899,3084 2943,3084 2988,3078 3033,3075 3078,3072"/>
                <TextEquiv>
                    <Unicode>war ruhig. Ich war stolz ein Künstler zu sein und</Unicode>
                </TextEquiv>
            </TextLine>
            <TextLine id="tr_1_tl_21" custom="readingOrder {index:20;}">
                <Coords points="800,3425 1150,3429 1311,3327 3125,3261 3132,3142 807,3275"/>
                <Baseline points="824,3346 850,3346 895,3346 940,3340 985,3340 1030,3337 1074,3334 1119,3334 1164,3332 1209,3329 1253,3329 1298,3326 1343,3323 1388,3317 1433,3317 1477,3314 1522,3311 1567,3308 1612,3305 1657,3302 1701,3299 1746,3296 1791,3296 1836,3293 1880,3290 1925,3287 1970,3287 2015,3284 2060,3281 2104,3278 2149,3278 2194,3275 2239,3272 2284,3269 2328,3266 2373,3263 2418,3260 2463,3257 2507,3254 2552,3251 2597,3248 2642,3248 2687,3245 2731,3242 2776,3242 2821,3242 2866,3236 2911,3236 2955,3233 3000,3230 3045,3227 3090,3221 3134,3221"/>
                <TextEquiv>
                    <Unicode>hätte leichten Muts all meine Künst von mir werfen</Unicode>
                </TextEquiv>
            </TextLine>
            <TextLine id="tr_1_tl_22" custom="readingOrder {index:21;}">
                <Coords points="807,3558 3243,3436 3254,3282 1307,3324 1157,3425 814,3429"/>
                <Baseline points="830,3505 833,3505 877,3499 922,3499 967,3496 1012,3493 1056,3493 1101,3490 1146,3487 1191,3487 1236,3481 1280,3478 1325,3475 1370,3472 1415,3469 1459,3466 1504,3463 1549,3463 1594,3460 1639,3454 1683,3454 1728,3454 1773,3448 1818,3448 1863,3445 1907,3442 1952,3439 1997,3436 2042,3433 2086,3430 2131,3430 2176,3427 2221,3424 2266,3424 2310,3421 2355,3418 2400,3415 2445,3412 2490,3409 2534,3406 2579,3403 2624,3400 2669,3397 2713,3394 2758,3394 2803,3391 2848,3388 2893,3385 2937,3385 2982,3382 3027,3379 3072,3376 3117,3373 3161,3370 3206,3367 3251,3361"/>
                <TextEquiv>
                    <Unicode>können- ich wollte seufzen und weinen und wollten Dich</Unicode>
                </TextEquiv>
            </TextLine>
            <TextLine id="tr_1_tl_23" custom="readingOrder {index:22;}">
                <Coords points="825,3677 1066,3719 1213,3638 1810,3603 1936,3670 2244,3575 2827,3617 2915,3603 2925,3411 2569,3502 1349,3478 1031,3589 832,3561"/>
                <Baseline points="844,3651 868,3651 913,3648 958,3648 1003,3645 1047,3642 1092,3639 1137,3636 1182,3633 1227,3630 1271,3630 1316,3627 1361,3624 1406,3621 1451,3618 1495,3615 1540,3612 1585,3615 1630,3609 1674,3603 1719,3600 1764,3597 1809,3597 1854,3597 1898,3594 1943,3591 1988,3588 2033,3585 2078,3582 2122,3579 2167,3579 2212,3576 2257,3576 2301,3573 2346,3570 2391,3570 2436,3567 2481,3564 2525,3561 2570,3558 2615,3555 2660,3549 2705,3546 2749,3543 2794,3543 2839,3538 2884,3538 2928,3538"/>
                <TextEquiv>
                    <Unicode>an meiner Seite - aber nun bin ich ja bei Dir</Unicode>
                </TextEquiv>
            </TextLine>
        </TextRegion>
    </Page>
</PcGts>
