3368 4104
2786 230 2911 363 94.
689 381 3005 614 Vergebens, Ambrostus. Sie kennen meinen Entschluss
176 477 589 693 Faustina
696 553 3026 750 und es sollte mich nur wundern, kränken, wenn ich
686 714 3105 912 es auf dem Gewissen hätte, dass zwet sodche Freunde,
646 883 1246 1102 wie Sie und-
711 1002 3026 1239 Gräfin, Sie glauben, dass es deswegen zwischen mir
187 1073 682 1346 Ambr. Wie,
704 1106 3059 1368 und meinem- teurern. Freund- Albdnus Luft zu einem
668 1303 2940 1551 Streit gekommen sein sollte. Im Gegenteil wie lte¬
686 1447 2976 1684 ben uns mehr denn je. Doch ich bin wieder zu wenig
696 1601 2980 1834 gemäsigt. Ja wenn es im Herzen stürkt.- und wenn
714 1766 2836 1971 ich bedenke, dass ich Sie jetzt vielleicht das
711 1982 1203 2154 letatemal-
711 2053 3005 2276 Trüsten Sie sich doch, Ambrostus. Erinnerung, Lie-
248 2100 668 2316 Faust ina
722 2211 3037 2423 besgeständnis, Abschied- componteren Sie das, oder
718 2384 3001 2563 dichten Sie das, oder malen Sie daß -ein Künstler
679 2474 3062 2732 wie Sie ist ja glücklich, er kann sich von der Last
747 2721 1188 2890 befreien.
280 2822 3166 3055 Ambr. Oh Sie sind herzlos! Ich soll Sie nie mehr wiedersehen?
750 2990 2958 3181 Nicht doch. Ich will ja nicht ewig Einstedlerin
287 3041 725 3299 Faustina.
718 3181 1120 3342 bleiben.
718 3256 3005 3489 Ich bin zu stolz um zu flehen. Zum Glück habe ich
298 3317 549 3543 Ambr.
718 3385 3195 3687 zwei Seelen. Die eine fesselt mich an Sie. Die zweite
