3384 4104
2797 230 2973 424 105
226 466 2564 653 Ambr. Erlauben Sie- wenn er mit einer jungen Dame
230 639 1960 862 Raph— Ah hier kommt die junge- Dame.
1144 766 1963 922 Dritter Auftritt.
971 851 2885 1074 Vorige. Albinus und Manuela (Arm in Arm,
692 971 3037 1218 wurden schon früher gesehen) Manuela hat die Maske
713 1239 1331 1430 in der Hand.
667 1307 2913 1578 Guten Abend, Raphael. Ich freue mich Sie hier zu
244 1398 632 1571 Manuela.
717 1564 1063 1713 finden.
258 1642 1624 1875 Raph. Guten Abend, Fräuleln.
251 1744 3090 2016 Alb. Luft und Ambr. Feuer (habe sich umarmt, sprechen aber
717 1970 1903 2151 dann nicht mit einander.)
254 2066 3055 2299 Manuela. Sie sind gestern vom Ball verschwunden, ohne mir Le
766 2288 1540 2468 bewohl zu sagen.
268 2391 3069 2634 Raph.. Ich bitte Sie jetzt deswegen um Verzethung. Ich wurde
731 2606 1402 2783 noch erwartet.
265 2687 1790 2942 Manuela. Ah um zwet Uhr morgens?
265 2860 2917 3062 Raph.. Jan, um diese Zeit verliess ich die Gesellschaft,
766 2980 3160 3242 Doch was ich Sie fragen wollte, Fräulein- Hören Sie
745 3185 1709 3379 nichts von Faustina?
282 3288 2998 3524 Manuela. Nein, lieber Raphael, und ich werde wohl noch län-
752 3450 2952 3690 gere Zeit auf eine Nachricht von ihr verzichten
749 3623 3083 3846 müssen. Sie verliess ihr Haus in tiefem Nachtdunkel
