3352 4168
1423 154 1678 295 Gouvernement
2745 262 2914 410 162
744 406 2996 604 es Dir aufrichtig- mit deutlichen Worten. Ich be¬
693 553 2371 798 greife sie nicht, sie ist mir fremd.
284 657 2558 923 Raph. Was uns fremd ist, können wir nicht lieben.
298 841 3100 1071 Manuela. Mir ist, als stünde sie ganz allein da und verdiente
758 1006 2691 1200 doch nicht Mitleid ob dieser Einsamkeit.
277 1142 3050 1426 Raph. Wie sie mit Amandus verswand und wieder zurückkehrte-
765 1347 1221 1545 ohne ihn¬
302 1491 1081 1721 Manuela. Und er?
298 1591 2605 1814 Raph. Du warst ihre Freundin- ist sie glücklich?
190 1721 3082 2059 Ich war ihre Freundtn- und so wie tohs war bin tohs noch im¬
726 1900 3093 2116 mer. Ob sie glücklich ist? Sieh das Lächeln um ihre
772 2033 3046 2281 Lippen, sieh es mit Bedacht ins Antlitz- Ist sie
794 2242 1290 2432 glücklich?
323 2389 1336 2594 Raph. Was fehlt ihr?
338 2522 1566 2737 Manuela. Was besitzt ste?
334 2587 3079 2917 Raph. Uns kann sie niemals etwas sein; ohne Scheu kann man
805 2770 2791 3000 nur mit ihr verkehren, bevor man sie kennt¬
765 2917 3248 3179 Aber sie ist ein Weib, das man nicht aus Worten kennen
348 2978 740 3190 Manuela.
808 3129 3050 3316 lernt. sondern aus Bewegungen. All dasm was ich
823 3255 3147 3478 Dir jetzt gesagt, mein Geliebter, all das erwachte
877 3384 3147 3618 in meiner Seele in dem Moment, als ihre Augenwim-
873 3524 3154 3804 pern zuckten und ein langsamer Blick uns beide xxx
