3336 4056
2843 189 2977 361 67.
742 430 1306 663 beugt sich)
832 498 3087 777 Ganz recht, hochgeschätzter Herr Norbert, ich bin
272 608 760 804 Musenhain.
753 670 3111 949 entzückt, dass Sie auf meine Intentionen so geneigt
791 856 3083 1066 einzugehen belieben und wenn Sie jetzt dem jungen
732 969 3039 1217 Mann erlaubten, Ihnen ein Stückchen auf der Flöte
749 1186 2991 1382 vorzuspielen, damit Sie überzeugt sind Ihre Güte
756 1306 2430 1543 an keinen unwürdigen zu verschenken¬
670 1475 2994 1671 sich verbeugend ) Gestatten Sie, hochverehrlicher
285 1512 636 1695 Mücke (
749 1622 2987 1856 Herr und Künstler, dass ich Ihnen etwa ein Lied-
780 1732 3052 1983 ich darf wohl sagen, selbstkompontertes Lied vor¬
773 1966 2114 2135 flöte- ( nimmt seine Flöte)
811 1990 3094 2272 sieht af die Uhr) Meine Herren,- ich muss letder
289 2083 602 2286 Amand.
794 2203 3152 2441 leise zu Mücke) Beginnen Sie, Münke, beginnen Sie
296 2282 670 2448 Musenh.
815 2413 1678 2606 ohne Verlegenheit!
742 2568 1633 2733 beginnt zu flöten )
299 2592 578 2750 Mücke
770 2619 3008 2960 Plötzlich hört man hinter der Scene eihen Trom¬
767 2874 1220 3056 petenton.
299 3004 1268 3224 Mücke ( erschrickt )
309 3173 2014 3365 Musenb. Ah, das tst unser Trompeter¬
299 3238 3073 3520 Amand. Unser Trompeter- un Himmelswillen, Herr Musenhain,
787 3479 2420 3620 wenn Sie vielleicht so gütig wären-
