3400 4152
2809 317 2988 510 155
317 440 3010 693 Faustina. Ich gehe nicht mit Dir. Meine Liebe erstirbt. Wir
810 641 3133 866 wollen nicht an einer Leidenschaft zehren, die hin¬
764 788 2950 1028 sicht- Kurze Tage noch -und wir sind uns nichts
299 936 1918 1186 Amandus. Wir haben uns nie geliebt.
310 1091 1292 1309 Faustina, Zieh hin-!
306 1225 1327 1475 Amandus. Und was wars?
313 1390 1236 1644 Faustina. Ein Funke.
292 1552 3126 1795 Amandus. Leb wohl, Faustina - Und es war nichts- wird nicht
767 1728 1440 1936 oh fort, fort!
1468 1852 2154 2056 (Schnell weg )
303 1925 2468 2242 Faustina (geht schwetgend ins Kloster zurück)
1024 2172 1852 2380 Der Vorhang fällt
