3368 4088
2982 108 3084 247 10
671 286 2886 490 es wird reizend.— da ist der junge Baron Alfred,
707 470 2771 671 ich sag Ihnen Fräulein, der gibt eine Figur-
654 608 2955 786 Ambrostus,mein teurer Freund, eine Figurgibt die¬
661 750 2955 950 ser Alfred- Du wirst Dich vor Lachen nicht halten
615 884 2867 1091 m können, ach Sie, Fräulein, werden sich köstlich
658 1049 2771 1279 amüsteren-Doch stehe da, teurer Freund Ambro¬
664 1197 2867 1423 stus, was ist Dir? warum denn gar so trübselig?
667 1381 2808 1591 Vormittags warst Du swar etwas verstimmt, aber
671 1516 2738 1749 aber nachmittags im Kaffeehaus fand ich Dich
671 1693 3005 1871 schon ganz lustig und guter Dinge. Und als Du mich
664 1825 2886 1996 dann in meiner Wohnung aufsuchtest, warst Du so¬
671 2019 2771 2160 gar witzig und sprühtest teilvetse vor Geist.
661 2170 2969 2337 Eil Und jetzt? Jetzt, da ich Dich zum viertenmale
671 2301 1854 2489 sehe, bist Du trübsinnig.
621 2466 2788 2653 Er innere Dich, dass meine Brust ###et Seelen in
233 2452 496 2653 Ambr.
664 2623 2212 2752 sich birgt; »mein teurer Albinus.
625 2742 2906 2969 Verzeihen Sie meinem teurern Ambrosius, Fräulein,
243 2775 447 2962 Alb.
658 2903 2785 3113 Ein Mensch mit xxxet Seelen ist bedauernswert.
658 3054 2002 3258 Doch wo ist Gräfin Faustina?
237 3235 2880 3393 Der Diener ( anmeldend „ Herr Kapellmeister Finke, Herr
658 3399 3084 3544 Leonhard Friede, Frau Baronin Fridertke Hollerstein.
