3384 4088
2726 224 2905 430 106
242 294 2950 648 Ambr. Sagte Sie Ihnen nicht, Fräulein, wann Sie die erste
700 595 2317 816 Nachricht von ihr erwarten sollen?
252 760 2989 966 Manuela. Nein. Aber hab ich es wirklich noch nicht verstan-
721 875 2282 1152 den, meine Freundin zu ersetzten-
256 959 3066 1253 Alb. Oh, Manuela! Sie sind allzu bescheiden. Ich fürchte,
728 1141 3101 1432 dass Sie nicht freundschaftlich handeln, da Sie uns
724 1302 2982 1596 Faustina in kurzer Zeit vergessen lassen werden.
1208 1470 2016 1704 Vierter Auftritt.
980 1670 2104 1820 Vorige. Leonhard Friede.
707 1760 3031 2040 Oh, Leonhard! Es tst schön von Ihnen, dass Sie Ihr
276 1862 665 2023 Manuela.
805 1967 1757 2110 Versprechen hielten.
280 2062 2170 2356 Raph. (für sich ) Ah, sein Versprechen.
690 2180 3070 2488 Verzeihen Sie, wenn ich ein wenig verstätet komme-
294 2317 609 2527 Leonh.
760 2362 2950 2642 nicht wahr, Manuela, Sie sind so liebenswürdig.
819 2594 1960 2793 Guten Tag, meine Herren.
301 2664 3112 2933 Raph. (der sobald Leonhard kommt, sich wegvendet ) (für stch)
822 2866 3066 3087 Wir sind vor der Welt Feinde, nun muss ich aber
784 2982 2972 3255 betnahe fürchten, dass wirs in Wahrhett werden
788 3185 2387 3412 Ich muss Leonhard allein sprechen.
805 3314 3052 3570 Ich denke, wir machen jetzt einen Rundgang durch
326 3370 760 3577 Leonhard.
812 3434 2989 3724 den Saal. Wollen Sie nicht Ihren Domino nehmen,
