3400 4152
2718 176 2897 448 148
669 448 2928 635 schon damit beschäftigt, seinen Ueberzieher anzu-
697 555 2921 769 ziehen. Er geht zu einem Spiegel und fährt sich
659 735 3031 948 leuchtenden Blicks und sehr wild durch die Haare. )
600 914 2073 1066 leistet Genovefa Gesellschaft )
197 876 407 1121 Alb.
207 1014 2959 1293 Friede. (hat Manuela ihren Mantel übergeworfen, verabschte-
669 1169 2018 1366 det sich mit einem Handkuss.)
617 1342 1997 1559 (hängt sich in Raphael ein)
203 1397 590 1545 Manuela.
631 1448 2911 1683 ( steht eben Raphael mit Manueld fortgehen ) Also
193 1542 590 1697 Romuald.
662 1655 3104 1852 kriegen sie sich doch. Was sollte der Frühlingssturm
669 1769 3031 1969 Ein verdamnt gewöhnlicher Schluss! Guten Abend, Am¬
679 1935 2224 2138 brostus. Warum so selbstverloren?
203 2097 2587 2287 Ambr. Ich bin nach einem Konzert immer schwermüßig.
214 2262 1611 2466 Benedict. Selbstverständlich.-
203 2407 1721 2607 Ambr. Hat Sie Norbert entzückt?
214 2562 1721 2759 Benedict. Wie können Sie fragen.
686 2680 2980 2887 (Da Ambrostus eben von einer ältern Dame, deren
683 2800 3049 3069 Junge Begletterin ihn mit vielem Interesse ansieht,
735 2987 3059 3156 angesprochen wird und Genovefa threm in kolossaler
683 3159 3028 3318 EtIe herabstürzenden Mann entgegen läfft, tritt zu
683 3328 1221 3507 Benedict. )
221 3459 2987 3642 Alb. Guten Tag, verwandelter Philosoph. Wissen Sie wie man
