3368 4056
2827 268 2968 471 71.
225 464 3004 631 Blaser (geht unterdessen mit grosser Nonchalance im Zimmer
623 569 2584 779 hin und her und bläst Läufe und Triller)
569 754 3037 986 Geschadet? Vortreffliche, Herr Musenhain.Glauben Sie
221 826 511 1022 Bass.
743 924 3077 1087 etwa, dass dieser Herr Norbert die Getge so gut zu
765 1055 3077 1232 behandeln versteht, wie ich das Cello? Wann gibt
699 1218 1968 1413 dieser Mensch sein Konzert?
638 1308 3124 1533 Weiss ichs jetzt? Es ist ja alles zerschlagen und zer
225 1421 569 1569 Musenh.
689 1511 1406 1729 rissen und h in¬
217 1671 2932 1895 Mücke ( kommt schnell herein ) Herr Musenhain, Sie wissen,
746 1823 3004 1986 ich bin sonst sanft, aber ich muss gestehen, ich
699 1928 3131 2131 bin von heute an nicht mehr so sanft. Ich beginne die
703 2095 3087 2326 sem Herrn Norbert die Entwicklungsgeschichte meines
710 2232 3131 2435 Talents zu erzählen.Schon als Knabe von sechs Jahren
750 2377 3182 2620 zog mich eine unbestegbare Lust zur Musth.Es gehörte
710 2587 3015 2776 zu den frohesten Momenten meiner Jugend, wenn ich
674 2747 3156 2895 die Melodien eines Leterhastens hörte.Mein Vater, ein
772 2859 3019 3073 strenger Pfarrer— Und hier— hier unterbrach mich
754 3051 3109 3218 dieser Unmensch, ich scheue mich fast zu sagen wie
265 3193 2294 3381 Bass ( heftig ) Was sagt er, was sagte er,
254 3290 3167 3540 Mücke- Adieu, sagte er : aber in einem Ton-!Adieu- und er ran###
