3336 4072
726 431 2958 641 schon in ihrem Innern trägt. Und wie hoennen Sie
720 623 3062 803 über diese Veränderung erstaunen? Ich glaube, Ihre
732 771 3000 951 Wandlung ist gleich wunderbar—(ihn scharf fixie¬
732 924 2964 1095 rend ) wenn sie anders in Wahrheit eine Wandlung
794 1166 998 1281 ist.
661 1246 2288 1411 In Wahrheit? Wie verstehen Sie das?
266 1284 576 1459 Amand.
779 1382 2947 1565 Lassen Sie mich offen seth. Ich weiss nicht, ob
278 1441 706 1656 Benedict
756 1526 3103 1739 Sie an Ihre Veränderung glauben, - ich glaube keines¬
756 1674 3077 1869 wegs an sie. Sie scheinen ein anderer als Sie sind,
759 1816 3085 2022 denn Sie sind kein anderer, als der, der uns vor
759 1955 2917 2167 dret Jahren verlassen hat. Amandus, Sie haben
768 2141 3088 2321 Jetzt keine bessere Meinung von der Welt, als die,
768 2303 3109 2510 welche Sie von jeher hegten. Ihr Lächeln und Lachen
785 2412 3062 2631 von gestern war gehünstelt, ihr lustiges, lebens-
779 2586 3153 2778 frohes Benehmen gezwungen. Ich glaube, dass ich der
779 2737 2563 2932 einzige bin, der das bemerkt hat.-und-
697 2899 3035 3091 Und über kurz oder lang, hätt ichs Ihnen selbst ge-
307 3003 611 3136 Amand.
794 3056 3074 3227 standen. Ja, vor der Welt bin ich ein Lebemann, in
735 3186 3029 3472 meiner Gesinnung ein Melancholtker, wie ich einer
797 3345 3074 3626 von jeher gewesen bin. Sie haben Recht, Benediot.
