3368 4072
2899 222 3029 442 58
661 380 2945 605 Aber ich war nicht geworden, mich unglücklich zu
676 590 2989 781 fühlen. Ich fragte mich-Amandus, sollte es Dir un-
670 778 3069 917 möglich sein, ein Glücklicher zu werden? Und da hat
719 861 3054 1056 te ich eben den sonderbaren Gedanken- oder den ge¬
673 1016 2899 1213 wöhnlichen, wie Sie wollen,- hurs ich begann mich
679 1173 3060 1368 äusserlich umsugestalten.Die düstere Miene wich ei¬
670 1318 3137 1488 ner heiteren, die faltige Stirn, wurde zu etner frei¬
679 1467 3155 1686 en, offenen, mein ganzes Wesen ein leichteres, leicht
716 1661 2967 1803 sinnigeres-ich hatte den eigentümlichen Glauben,
676 1778 3097 1973 dass mir das Glück vielleicht eher entgegenschwebte,
673 1951 3001 2118 wenn es statt der trübseligen, ein lächelndes Ant-
676 2103 3066 2282 litz sähe. Ich glaubte einen Augenblick, mich nicht
673 2263 1584 2439 getäuscht zu haben.
716 2421 2884 2603 ( Mit einer gewissen, überjegenen Miene )- der
207 2433 636 2581 Benedict
658 2575 3026 2732 Augenblich war derselbe, in welchem Sie die Gräfin
670 2717 2890 2899 Faustina in den Armen hielten. Sie vergassen in
673 2847 3035 3029 diesem süssen Gefühle, dass die Gräfin am Abend in
633 3001 2553 3248 der Kirche gewesen war und gebetet hatte.
590 3192 3026 3328 Ich liebe Faustina. Und sagen Sie, Benedict, ist denn
198 3217 497 3350 Amand.
611 3313 2970 3507 Liebe und Frömmigkeit unvereinbar? Wenn ich zu ihr
661 3507 3023 3634 hintrüte und ihr sagte: Faustina, Du hast die Welt
