3336 4184
2566 163 2738 287 167
577 326 2929 604 Ich kanns weiter erzählen, Faustina. Mit einem Mal
112 429 544 629 Benedtet.
583 429 2986 680 zog ein Lächeln über Deine Lippen- es früstelte Dich
632 583 2989 895 und alles wurde wieder still. Jene Augenbicke werden
589 737 2953 1055 Dir noch oft erscheinen, aber wenn in einem solchen
583 880 3007 1158 Augenblick vor Dir mit einem Mal erscheint, vor Dein
604 1031 2877 1333 sein soll— Ich kenn den Mann nicht für den Du be¬
662 1206 2750 1448 stimmt bist, aber es gibt Zufälle- Vielleicht
635 1360 2811 1656 stehst Du ihn, lernst ihn kennen, lieben, wirst
674 1532 2956 1768 glücklich. Wahrscheinlicher ists, dass Du ihn nie
644 1650 3080 1922 sehen wirst. Vielleicht lebt er nicht einmal. Es geht
656 1838 2944 2043 leider nicht alles so glatt ab- Lebewohl Faustina-
689 1962 2977 2240 Da kommt ein Herr, der Dich zum Tanzen auffordern
710 2137 2962 2345 will. Er schiebt den Clague verlegen hin und her.
683 2252 2980 2503 sieh ihn freundlich an; und er schwimmt in Freude.
671 2445 2342 2672 So ein Kerl sollte man sein. ( ab )
659 2575 2757 2905 ( Iaustina tanzt mit dem Herrn in den Salon. )
822 2923 1671 3104 Der Vorhang fällt.
970 3074 1771 3288 Ende des Stückes.
