3416 4152
2716 200 2902 431 144
669 410 2650 659 Neuer Applaus. Alle kommen wieder herunter.
673 585 2247 827 Müche hinter Constantia Fasanelli.
235 747 3053 1030 Müche. Fräulein, wenn ich die hohe Ehre haben dürfte den Man
697 918 2415 1185 tel — darf ich um Ihre Nummer bitten?
266 1066 2107 1314 Constantia. Sehr gütig, mein Herr. Hier.
266 1216 2478 1465 Milcke (stürzt zur Garderobe) 180 1 180 : 180 :
259 1416 897 1637 Macartus. 237
273 1535 1321 1795 Mücke. Ich bitte, 180
284 1640 2850 1949 Macartus. Sie erlauben schon, ich habe die höchste Eile.
298 1819 2019 2029 Mücke. Entschuldigen Sie - eine Dame
315 1980 2201 2177 Geben Sie mir doch zum Kuckuck einmal 237
312 2057 3130 2324 Ein Enthusiast (der noch, während er bei der Garderobe steht
824 2226 3091 2457 applaudiert) Der Mensch spielt 1 114 1 So spiele
827 2446 1402 2629 doch keiner.
792 2552 3025 2769 Na endlich. (Zieht mit dem Mantel auch Müche in
329 2611 768 2797 Macartus.
799 2709 1665 2923 den Vordergrund. )
358 2892 1844 3112 Constantia. Ah, Sie haben schon-
2142 2965 2254 3211 P.S.
358 3035 1984 3288 Mücke. Pardon, mein Fräulein, aber
358 3158 3109 3400 Macartus. (zu Genovefa ) So, hier; aber schnell, sonst ver¬
841 3326 1728 3540 säumen wir den Zug.
372 3442 3193 3698 Alb. Luft ( kommt eben) Darf ich Ihnen helfen, gnädige Frau?
841 3645 2166 3845 Nun wie waren Sie zufrieden?
