3368 4104
2818 265 2976 426 87.
601 388 3021 611 dass Sie diese Stadt verlassen werden, wo Sie ja der
590 594 2843 754 kleinste Umstand, das unbedeutendste Ding an Ihr
594 730 2962 939 ( mit Bedeutung) weltliches Leben erinnern müsste.
590 887 2096 1048 Auch hierin geb ich Ihnen recht.
604 1002 2941 1226 Ich bin glücklich, dass wir in Allem so vollkommen
126 1023 562 1240 Faus t ina.
597 1166 1310 1373 Übereinstimmen.
136 1352 2941 1540 Benedict. Oh- diese Uebereinstimmung kann nur mir schmeichel
632 1484 2469 1641 haft sein,Gräfin— doch um fortzufahren¬
2850 1607 3126 1792 abricht.
129 1638 2843 1837 Faustina. Ah, Sie lieben nicht, wenn man Ihre Predigten und
653 1771 964 1865 Terricht
136 1802 2846 1959 Benediot.t###rxx— ich bin kein Kirchenprediger, ich bin
587 1945 2934 2109 Salonprediger.-Mein Gemüt ist nicht religtös- nein
594 2099 2955 2242 philosophisch. Doch um auf etwas anderes zu kommen.
587 2249 2804 2455 Bemerkten Sie nicht die eigentümliche Sympathie
681 2399 2930 2598 zwischen uns?Es war vor Jahren eine ähnliche Um.
587 2574 2993 2710 wandlung in meinem Innern vorgegangen, als die, wel-
601 2696 3059 2853 che jetzt in Ihnen, faustina, vorgeht. Es denkt jetst
587 2843 2888 3014 beinahe kein Mensch mehr an den Benedictuns Romu-
594 3014 3070 3196 ald, der vor vier fünf Jahren in der Stadt sein Wesen
590 3136 2885 3339 trieb. Vor den Augen derer, die mich jetzt kennen,
597 3293 2867 3489 steh ich eben nur als der, welcher ich jetzt bin.
590 3451 1862 3688 Ich war früher ein anderer.
