3352 4136
2740 343 2916 466 124.
682 476 3062 749 wie ihn eben die Lust ankommt. Er ist Philosoph und
665 686 1382 889 Rousé zugleich.
220 822 2586 1015 Amand. Warum auch nicht. Die extreme berühren sich.
217 956 3034 1197 Benedict. Es sind keine Extreme, lieber Amandus, denn was be-
672 1116 3090 1320 weist Ihnen, dass nicht eben im Genüsse die höchste
686 1260 2912 1488 Philosophie liegt. Aber Sie sind etwas erstaunt.
686 1414 3056 1631 zerstreut. Vielleicht denken Sie viel an eine Per¬
690 1572 2936 1757 son, deren Namen auszusprechen Sie mit einer ge¬
690 1746 2180 1908 wissen Aengstlichkeit vermelden.
648 1866 2922 2048 Faustina? Nun ja! Man sagte mir— doch es ist ja
228 1890 620 2044 Amandus!
707 2020 2982 2219 gleichgültig, was man mir sagte. Ich wurde nicht
696 2194 1274 2376 vorgelassen.
238 2174 2342 2555 Benedtot. Man sagte Ihnen, sie sei abgereist.
224 2488 948 2688 Amand. Nun ja.
242 2656 1284 2807 Benedict. Es tst wahr.
238 2702 2846 2989 Amand. Wahrl Ich wollte wissen, was die heilige Weltdame
704 2947 2916 3126 dazu hätte bewegen sollen. Bah, was ists weiter.
704 3070 3157 3286 Ich will wieder aus der Stadt fort, um das zu suchen,
704 3255 1911 3451 was ich nie finden werden xxx
752 3381 3087 3577 „Nicht so sentimental, mein Freund. Ich kann Sie ver
238 3420 676 3616 Benedtet.
721 3524 3160 3692 sichern, dass Faustina nicht mehr in der Stadt weilt.
