3368 4136
2689 342 2867 529 131.
1045 450 2019 648 Fünfzehnter Auftritt.
171 648 493 815 Amand.
519 602 2909 851 Und wo warst Du die Tage über, die Du von der Stadt
736 766 1276 960 fern warst?
181 920 608 1121 Faustina,
628 940 2824 1147 Dort, wohin wir auch jetzt wollen-Kennst Du das
674 1088 2988 1243 Stift der heiligen Elisabet? Wenn Du von der Heer-
648 1253 2998 1446 strasse Dich rechts wendest und über einen schmalen
671 1394 2870 1598 Weg wandelst, der sich durch den Wald in mannig¬
631 1509 2978 1746 facher Windung schlingt, öffnet sich eine Lichtung.
628 1696 2992 1844 Inmitten dieser grünen, weiten Au liegt das Kloster
658 1805 2758 2048 Die Aebtissin kann ich; Sie war meine Jugend¬
638 1963 3061 2183 freundin- ich will zu ihr; dort werden wir uns sehen.
615 2130 1663 2285 Amandus. — Ah Manuela.
526 2255 2117 2489 Sie vermag Dich nicht zu erkennen.
168 2245 460 2472 Amand.
164 2446 2808 2663 Faustina. Aber ich will allein mit Dir sein: Lass uns die
588 2558 1828 2765 dumpfe Luft hetr verlassen.
240 2587 585 2837 6.II.85
1085 2702 2061 2906 sechzehnter Auftritt.
658 2844 2232 3061 Manuela, Leonhard. Albinus. Mücke.
148 3018 2577 3225 Müche. (singt) Es lebe die Liebe, es lebe der Wein
158 3189 1184 3360 Alb. Lala, lala, iala,
151 3291 1729 3557 Mücke Es lebe vor allen Manuela!
158 3488 2696 3695 Leonh. (leise zu Manuela ) Eine Träne in Ihrem Auge—?
