3352 4056
2796 217 2930 392 56
668 385 2880 686 Jede Nacht mit einer Heiligen,-das vermag wohl
682 630 1208 840 aufzuregen.
592 732 2926 928 Benedict, sie hat Bliche, wie eine Heilige sie un-
217 721 567 1026 Amand..
686 942 1582 1134 möglich haben kann.
686 1029 2950 1239 Ah, Sie müssen sich erinnern, dass sie erst xxxet
228 1057 668 1274 Benedict
682 1158 3024 1407 Stunden lang heilig ist, dass sie äusserlich jeden¬
696 1306 3094 1564 falls noch Lebedame war, alt Sie mit ihr durch den
707 1530 1886 1750 Saal tanzten- aber jetzt-
668 1662 2992 1834 Jetzt ist sie unrettbar heilig-beinahe so wie ich-
245 1620 640 1928 Amandus.
738 1810 3062 1988 ( plötzlich ernst werdend ) -nur sind die Wege ver
735 1946 2891 2152 schieden, die den Mann und die Frau zum selben
763 2068 3084 2320 schönen Ziel, zu dem der Wahrheit führen. Als ich
738 2289 3038 2499 sie heute morgens, zugleich mit den andern Gästen
780 2387 3132 2622 verliess, sprachen wir noch einige Worte. Sie sagt
738 2552 3168 2754 nochmals mit einem ausserordentlichen Nachdruck, dass
738 2716 3174 2947 es ihr Abschiedsfest gewesen sie, dem wir heute
749 2912 1614 3098 beigewohnt hätten.
654 3024 2996 3244 Aber um Himmelswillen, wie konnte sie sich so sehr
284 3084 598 3248 Amand.
700 3213 2268 3395 verändern? Und mit einem Male!
298 3308 3112 3577 Benediot. Mit einem Male? Wer weiss, wie lange sie den Plan
