3384 4088
727 257 2877 520 ist erstaunt, fast sich und lächelt) Ein ori¬
253 339 510 504 Ambr.
711 431 1458 622 gineller Scherz!
247 523 2863 859 Manuela. Kein Scherz, Herr Feuer- die Gräfin ist in die
681 727 1465 928 Kirche gegangen.
260 849 2900 1063 Ambr.. In die Kirche— Ach ich vergass, dass heute in der
681 1030 2478 1277 Abendmesse unser vortrefflicher Tenor¬
694 1178 2985 1379 Faustina nahm das Gebetbuch mit sich. Glauben Sie
260 1208 658 1402 Manuela.
681 1333 2956 1521 mir Herr Feuer, dass ich den plötzlichen Einfall
691 1507 2906 1669 Faustinas nicht weniger unbegreiflich finde als
688 1649 2900 1813 Sie doch noch unbegreiflicher dünkts mir, dass
708 1804 2761 2060 Orest ohne seinen Pylades bet uns erscheint.
688 1952 1968 2129 Wo blieb Herr Albinus Luft?
648 2100 2942 2271 Mein teurer Freund Albtnus Luft muss in kürzester
270 2139 520 2347 Ambr.
694 2261 2827 2445 Zeit kommen.Er sagte mir heute vormittags, in
724 2396 2847 2570 meinem Zimmer, dann nachmittags im Kaffeehaus
698 2561 2867 2728 und vor ungefähr. wie Stunden, als ich ihn in
704 2699 2998 2909 seiner Wohnung besuchte, er würde es sicher nicht
698 2886 3038 3064 versäumen, den Abend in so liebenswürdiger Gesell¬
708 3015 2771 3229 schaft zuzubringen. Jetzt dürfte er übrigens
691 3163 2949 3347 noch bei der Familie des Baron— dass mir derNa¬
704 3314 2877 3508 entfallen ist- wissen vielleicht Fräulein, wo
698 3485 2854 3749 nächsten Sonntag das kleine Haustheater veran-
