<?xml version="1.0" encoding="UTF-8" standalone="yes"?>
<PcGts xmlns="http://schema.primaresearch.org/PAGE/gts/pagecontent/2013-07-15" xmlns:xsi="http://www.w3.org/2001/XMLSchema-instance" xsi:schemaLocation="http://schema.primaresearch.org/PAGE/gts/pagecontent/2013-07-15 http://schema.primaresearch.org/PAGE/gts/pagecontent/2013-07-15/pagecontent.xsd">
    <Metadata>
        <Creator>prov=READ-COOP:name=TrHtr:version=2.1.0:model_id=51170:date=27_07_2023_19:32</Creator>
        <Created>2023-05-10T11:24:27.281+02:00</Created>
        <LastChange>2023-07-27T19:32:55.159+02:00</LastChange>
        <TranskribusMetadata docId="1428154" pageId="55387131" pageNr="121" tsid="131289310" status="IN_PROGRESS" userId="64420" imgUrl="https://files.transkribus.eu/Get?id=WGXZCVWKNSPSWVXEQEFLRLFB&amp;fileType=view" xmlUrl="https://files.transkribus.eu/Get?id=ZKCYBKZFEEXWPMAHEUUSCLKR" imageId="44662028"/>
    </Metadata>
    <Page imageFilename="1428154_0121.jpg" imageWidth="3320" imageHeight="4072">
        <ReadingOrder>
            <OrderedGroup id="ro_1711820811951" caption="Regions reading order">
                <RegionRefIndexed index="0" regionRef="tr_1"/>
                <RegionRefIndexed index="1" regionRef="tr_2"/>
            </OrderedGroup>
        </ReadingOrder>
        <TextRegion id="tr_1" custom="readingOrder {index:0;}">
            <Coords points="226,251 3071,251 3071,2189 226,2189"/>
            <TextLine id="tr_1_tl_1" custom="readingOrder {index:0;}">
                <Coords points="2633,357 2650,361 2682,340 2703,350 2724,340 2741,357 2815,350 2826,189 2797,196 2783,182 2748,182 2706,210 2675,203 2664,214 2647,210"/>
                <Baseline points="2656,316 2692,313 2737,310 2782,307 2827,301"/>
                <TextEquiv>
                    <Unicode>110</Unicode>
                </TextEquiv>
            </TextLine>
            <TextLine id="tr_1_tl_2" custom="readingOrder {index:1;}">
                <Coords points="679,511 854,515 921,553 1068,497 1211,560 1341,515 1614,536 1618,343 1425,319 1141,420 998,361 921,403 679,392"/>
                <Baseline points="698,504 728,501 773,498 817,495 862,495 907,495 952,495 997,492 1041,492 1086,489 1131,489 1176,489 1221,489 1265,489 1310,486 1355,483 1400,483 1444,483 1489,483 1534,480 1579,480 1624,474"/>
                <TextEquiv>
                    <Unicode>rückgelächelt haben¬</Unicode>
                </TextEquiv>
            </TextLine>
            <TextLine id="tr_1_tl_3" custom="readingOrder {index:2;}">
                <Coords points="203,721 1436,651 1632,742 1985,662 2297,707 2573,655 2577,546 1565,518 725,620 210,487"/>
                <Baseline points="226,665 253,665 298,665 343,665 388,662 432,662 477,659 522,656 567,653 611,653 656,656 701,656 746,656 791,653 835,653 880,650 925,653 970,650 1015,647 1059,647 1104,644 1149,644 1194,641 1238,641 1283,641 1328,641 1373,641 1418,641 1462,641 1507,638 1552,638 1597,638 1641,638 1686,638 1731,635 1776,629 1821,629 1865,629 1910,626 1955,626 2000,626 2044,623 2089,623 2134,623 2179,623 2224,623 2268,623 2313,620 2358,617 2403,614 2447,614 2492,611 2537,614 2582,620"/>
                <TextEquiv>
                    <Unicode>Apollonia. Aber mich haben Sie gewiss schon gesehn.</Unicode>
                </TextEquiv>
            </TextLine>
            <TextLine id="tr_1_tl_4" custom="readingOrder {index:3;}">
                <Coords points="207,889 354,847 504,886 627,865 763,889 847,879 900,830 942,840 942,742 886,711 802,753 620,711 494,753 340,714 266,742 210,721"/>
                <Baseline points="226,812 235,809 280,809 325,812 370,812 414,809 459,809 504,809 549,809 594,806 638,806 683,806 728,803 773,800 817,800 862,797 907,797 952,800"/>
                <TextEquiv>
                    <Unicode>Angela. und mich</Unicode>
                </TextEquiv>
            </TextLine>
            <TextLine id="tr_1_tl_5" custom="readingOrder {index:4;}">
                <Coords points="221,1001 683,1036 987,977 1092,1012 1499,987 1502,847 1239,896 1036,837 928,889 224,879"/>
                <Baseline points="241,964 256,964 301,967 346,967 391,964 435,967 480,964 525,964 570,961 614,958 659,958 704,955 749,952 794,952 838,952 883,952 928,955 973,952 1018,949 1062,949 1107,949 1152,949 1197,946 1241,946 1286,943 1331,940 1376,940 1421,937 1465,937 1510,940"/>
                <TextEquiv>
                    <Unicode>Zophyrina. Und- ah da kommt.</Unicode>
                </TextEquiv>
            </TextLine>
            <TextLine id="tr_1_tl_6" custom="readingOrder {index:5;}">
                <Coords points="210,1138 767,1194 875,1124 1793,1134 1821,1015 1425,973 210,1064"/>
                <Baseline points="229,1119 256,1116 301,1119 346,1116 391,1116 435,1113 480,1113 525,1110 570,1110 614,1107 659,1107 704,1107 749,1104 794,1104 838,1104 883,1104 928,1101 973,1101 1018,1101 1062,1098 1107,1095 1152,1095 1197,1092 1241,1092 1286,1092 1331,1092 1376,1092 1421,1089 1465,1086 1510,1089 1555,1086 1600,1083 1644,1083 1689,1083 1734,1080 1779,1077 1824,1080"/>
                <TextEquiv>
                    <Unicode>Apollonia und Angela —Dein Freund</Unicode>
                </TextEquiv>
            </TextLine>
            <TextLine id="tr_1_tl_7" custom="readingOrder {index:6;}">
                <Coords points="735,1316 2412,1302 2724,1232 2878,1295 2931,1120 739,1187"/>
                <Baseline points="755,1256 788,1253 832,1253 877,1253 922,1253 967,1253 1012,1250 1056,1247 1101,1244 1146,1244 1191,1241 1235,1241 1280,1238 1325,1238 1370,1238 1415,1238 1459,1238 1504,1238 1549,1235 1594,1235 1638,1235 1683,1232 1728,1232 1773,1229 1818,1229 1862,1229 1907,1223 1952,1223 1997,1223 2041,1223 2086,1223 2131,1223 2176,1223 2221,1221 2265,1221 2310,1218 2355,1218 2400,1215 2444,1212 2489,1212 2534,1212 2579,1212 2624,1212 2668,1209 2713,1206 2758,1206 2803,1206 2848,1203 2892,1200 2937,1203"/>
                <TextEquiv>
                    <Unicode>Ihr Freund? Das ist sehr interessant. Sie müssen</Unicode>
                </TextEquiv>
            </TextLine>
            <TextLine id="tr_1_tl_8" custom="readingOrder {index:7;}">
                <Coords points="221,1302 252,1309 322,1278 441,1313 487,1351 567,1327 655,1365 693,1358 693,1162 616,1159 571,1201 501,1225 396,1183 221,1194"/>
                <Baseline points="241,1262 286,1265 331,1262 376,1262 420,1262 465,1259 510,1259 555,1259 600,1259 644,1259 689,1262 701,1265"/>
                <TextEquiv>
                    <Unicode>Mücke. Ah,</Unicode>
                </TextEquiv>
            </TextLine>
            <TextLine id="tr_1_tl_9" custom="readingOrder {index:8;}">
                <Coords points="683,1488 2171,1393 2812,1443 2836,1257 686,1334"/>
                <Baseline points="701,1409 737,1406 782,1406 826,1403 871,1403 916,1406 961,1403 1006,1400 1050,1397 1095,1400 1140,1397 1185,1397 1229,1394 1274,1394 1319,1394 1364,1394 1409,1391 1453,1391 1498,1391 1543,1391 1588,1388 1632,1388 1677,1388 1722,1385 1767,1385 1812,1382 1856,1379 1901,1379 1946,1379 1991,1376 2036,1376 2080,1376 2125,1376 2170,1373 2215,1373 2259,1370 2304,1370 2349,1367 2394,1367 2439,1367 2483,1367 2528,1367 2573,1364 2618,1361 2662,1361 2707,1358 2752,1358 2797,1352 2842,1349"/>
                <TextEquiv>
                    <Unicode>mich ihm vorstellen, nicht wahr mein Fräulein?</Unicode>
                </TextEquiv>
            </TextLine>
            <TextLine id="tr_1_tl_10" custom="readingOrder {index:9;}">
                <Coords points="697,1597 2332,1607 2482,1530 2983,1534 3060,1425 700,1485"/>
                <Baseline points="716,1561 740,1558 785,1558 829,1558 874,1558 919,1558 964,1555 1009,1555 1053,1552 1098,1552 1143,1552 1188,1549 1232,1546 1277,1546 1322,1546 1367,1546 1412,1546 1456,1543 1501,1543 1546,1540 1591,1540 1635,1537 1680,1537 1725,1537 1770,1537 1815,1537 1859,1534 1904,1531 1949,1531 1994,1528 2038,1528 2083,1528 2128,1525 2173,1525 2218,1522 2262,1522 2307,1519 2352,1519 2397,1519 2442,1519 2486,1522 2531,1519 2576,1516 2621,1519 2665,1516 2710,1513 2755,1513 2800,1513 2845,1510 2889,1510 2934,1507 2979,1504 3024,1501 3068,1501"/>
                <TextEquiv>
                    <Unicode>und aber (zu Apollonia ) warum machen Sie sich den</Unicode>
                </TextEquiv>
            </TextLine>
            <TextLine id="tr_1_tl_11" custom="readingOrder {index:10;}">
                <Coords points="728,1740 2710,1737 3022,1698 3025,1576 732,1639"/>
                <Baseline points="749,1704 791,1707 835,1707 880,1704 925,1707 970,1701 1015,1701 1059,1701 1104,1701 1149,1698 1194,1698 1238,1695 1283,1695 1328,1695 1373,1695 1418,1695 1462,1692 1507,1695 1552,1692 1597,1686 1641,1689 1686,1686 1731,1689 1776,1686 1821,1683 1865,1683 1910,1680 1955,1680 2000,1677 2044,1677 2089,1677 2134,1674 2179,1674 2224,1674 2268,1674 2313,1671 2358,1671 2403,1671 2447,1668 2492,1668 2537,1668 2582,1665 2627,1662 2671,1665 2716,1662 2761,1659 2806,1659 2850,1659 2895,1656 2940,1656 2985,1653 3030,1656"/>
                <TextEquiv>
                    <Unicode>von mir los? Wie— Sie wollen mich auch verlassen?</Unicode>
                </TextEquiv>
            </TextLine>
            <TextLine id="tr_1_tl_12" custom="readingOrder {index:11;}">
                <Coords points="669,1898 2356,1838 2580,1891 2584,1751 1866,1709 1509,1789 907,1744 669,1814"/>
                <Baseline points="689,1871 713,1865 758,1859 803,1859 847,1859 892,1856 937,1856 982,1853 1026,1853 1071,1853 1116,1850 1161,1850 1206,1850 1250,1850 1295,1850 1340,1847 1385,1850 1429,1847 1474,1844 1519,1844 1564,1844 1609,1841 1653,1844 1698,1841 1743,1841 1788,1838 1832,1838 1877,1838 1922,1835 1967,1835 2012,1832 2056,1830 2101,1830 2146,1830 2191,1830 2236,1827 2280,1824 2325,1824 2370,1824 2415,1821 2459,1821 2504,1821 2549,1821 2594,1821"/>
                <TextEquiv>
                    <Unicode>Mein Fräulein ( zu Angela ) Aber das ist-</Unicode>
                </TextEquiv>
            </TextLine>
            <TextLine id="tr_1_tl_13" custom="readingOrder {index:12;}">
                <Coords points="676,2038 1495,2097 1856,2003 2360,2087 3022,2024 3067,1884 676,1940"/>
                <Baseline points="695,2015 698,2015 743,2012 788,2012 832,2012 877,2012 922,2009 967,2009 1012,2006 1056,2003 1101,2003 1146,2003 1191,2000 1235,2000 1280,2000 1325,2000 1370,1997 1415,1997 1459,1994 1504,1991 1549,1991 1594,1991 1638,1991 1683,1991 1728,1988 1773,1988 1818,1988 1862,1985 1907,1985 1952,1985 1997,1985 2041,1982 2086,1982 2131,1982 2176,1979 2221,1979 2265,1979 2310,1979 2355,1976 2400,1973 2444,1973 2489,1973 2534,1973 2579,1967 2624,1967 2668,1967 2713,1967 2758,1964 2803,1964 2848,1964 2892,1964 2937,1964 2982,1961 3027,1958 3071,1958"/>
                <TextEquiv>
                    <Unicode>Die drei Ballettänzerinnen laufen einem Stutzer ent</Unicode>
                </TextEquiv>
            </TextLine>
            <TextLine id="tr_1_tl_14" custom="readingOrder {index:13;}">
                <Coords points="651,2230 875,2195 1208,2241 1348,2164 1544,2167 1681,2223 1684,2048 1576,2097 1285,2041 1089,2097 980,2066 931,2104 655,2097"/>
                <Baseline points="671,2179 707,2173 752,2176 797,2173 841,2170 886,2167 931,2164 976,2164 1020,2161 1065,2161 1110,2158 1155,2161 1200,2158 1244,2155 1289,2155 1334,2155 1379,2155 1424,2152 1468,2149 1513,2146 1558,2146 1603,2146 1647,2146 1692,2152"/>
                <TextEquiv>
                    <Unicode>gegen, der eben kommt.</Unicode>
                </TextEquiv>
            </TextLine>
        </TextRegion>
        <TextRegion id="tr_2" custom="readingOrder {index:1;}">
            <Coords points="253,2218 3092,2218 3092,3535 253,3535"/>
            <TextLine id="tr_2_tl_1" custom="readingOrder {index:0;}">
                <Coords points="235,2353 1057,2402 2339,2297 2885,2374 2889,2178 1411,2167 1190,2251 238,2171"/>
                <Baseline points="253,2334 256,2331 301,2331 346,2328 391,2328 435,2328 480,2328 525,2331 570,2328 614,2322 659,2322 704,2325 749,2325 794,2322 838,2319 883,2316 928,2316 973,2313 1018,2310 1062,2310 1107,2313 1152,2310 1197,2307 1241,2307 1286,2307 1331,2307 1376,2307 1421,2304 1465,2304 1510,2301 1555,2301 1600,2298 1644,2298 1689,2301 1734,2298 1779,2298 1824,2295 1868,2295 1913,2292 1958,2289 2003,2289 2047,2289 2092,2289 2137,2286 2182,2289 2227,2289 2271,2289 2316,2286 2361,2283 2406,2283 2450,2280 2495,2280 2540,2277 2585,2277 2630,2274 2674,2277 2719,2274 2764,2271 2809,2271 2853,2268 2898,2268"/>
                <TextEquiv>
                    <Unicode>Mücke. Bah, daraus mach ich mir gar nichts. Ich kenn mich</Unicode>
                </TextEquiv>
            </TextLine>
            <TextLine id="tr_2_tl_2" custom="readingOrder {index:1;}">
                <Coords points="749,2528 1527,2528 1723,2461 2276,2552 2668,2433 2815,2472 2857,2367 749,2405"/>
                <Baseline points="767,2468 806,2468 850,2468 895,2468 940,2465 985,2465 1029,2462 1074,2462 1119,2462 1164,2462 1209,2462 1253,2462 1298,2459 1343,2459 1388,2459 1432,2453 1477,2453 1522,2456 1567,2450 1612,2450 1656,2450 1701,2450 1746,2447 1791,2447 1835,2444 1880,2444 1925,2442 1970,2439 2015,2439 2059,2439 2104,2439 2149,2439 2194,2442 2239,2442 2283,2439 2328,2439 2373,2436 2418,2433 2462,2430 2507,2430 2552,2427 2597,2424 2642,2424 2686,2421 2731,2421 2776,2418 2821,2418 2865,2424"/>
                <TextEquiv>
                    <Unicode>in diesen Dingen schon gut aus. ( geht zu dem</Unicode>
                </TextEquiv>
            </TextLine>
            <TextLine id="tr_2_tl_3" custom="readingOrder {index:2;}">
                <Coords points="655,2685 746,2647 851,2689 1152,2647 1337,2696 1548,2647 1733,2689 1845,2633 1845,2538 1747,2545 1646,2489 1288,2556 1180,2514 935,2563 844,2517 658,2517"/>
                <Baseline points="677,2627 686,2624 731,2624 776,2621 820,2618 865,2618 910,2618 955,2615 1000,2615 1044,2615 1089,2612 1134,2612 1179,2612 1223,2612 1268,2612 1313,2612 1358,2609 1403,2609 1447,2609 1492,2606 1537,2603 1582,2603 1627,2597 1671,2597 1716,2597 1761,2594 1806,2597 1850,2594"/>
                <TextEquiv>
                    <Unicode>Stutzer hin) mein Herr-</Unicode>
                </TextEquiv>
            </TextLine>
            <TextLine id="tr_2_tl_4" custom="readingOrder {index:3;}">
                <Coords points="245,2843 3032,2780 3067,2629 249,2717"/>
                <Baseline points="268,2782 313,2782 358,2779 403,2779 447,2779 492,2776 537,2776 582,2782 609,2782 641,2779 650,2776 695,2776 740,2770 785,2767 829,2767 874,2770 919,2767 964,2767 1009,2764 1053,2764 1098,2764 1143,2761 1188,2758 1232,2758 1277,2758 1322,2755 1367,2752 1412,2755 1456,2752 1501,2752 1546,2755 1591,2755 1635,2752 1680,2749 1725,2746 1770,2746 1815,2746 1859,2743 1904,2743 1949,2740 1994,2743 2038,2740 2083,2740 2128,2737 2173,2737 2218,2737 2262,2734 2307,2734 2352,2734 2397,2734 2442,2734 2486,2731 2531,2731 2576,2728 2621,2728 2665,2728 2710,2725 2755,2725 2800,2725 2845,2722 2889,2722 2934,2722 2979,2722 3024,2722 3068,2725"/>
                <TextEquiv>
                    <Unicode>Stutzer (hött ihn nicht und geht mit den Tänzerinnen weiter)</Unicode>
                </TextEquiv>
            </TextLine>
            <TextLine id="tr_2_tl_5" custom="readingOrder {index:4;}">
                <Coords points="669,2969 3022,2913 3085,2780 672,2822"/>
                <Baseline points="689,2916 719,2916 764,2919 809,2919 853,2919 898,2919 943,2919 988,2916 1032,2913 1077,2910 1122,2907 1167,2907 1212,2904 1256,2904 1301,2901 1346,2901 1391,2901 1435,2904 1480,2904 1525,2898 1570,2898 1615,2898 1659,2898 1704,2898 1749,2898 1794,2895 1838,2895 1883,2892 1928,2889 1973,2886 2018,2886 2062,2886 2107,2883 2152,2883 2197,2883 2241,2883 2286,2886 2331,2886 2376,2883 2421,2883 2465,2880 2510,2874 2555,2874 2600,2874 2645,2871 2689,2871 2734,2871 2779,2871 2824,2871 2868,2868 2913,2865 2958,2865 3003,2865 3048,2862 3092,2862"/>
                <TextEquiv>
                    <Unicode>mit affehtierter Geste ) Mein Herr—( geht dem Stutz</Unicode>
                </TextEquiv>
            </TextLine>
            <TextLine id="tr_2_tl_6" custom="readingOrder {index:5;}">
                <Coords points="242,2962 322,2938 399,2987 480,2983 536,3032 588,3015 588,2850 543,2864 476,2861 441,2843 417,2854 361,2822 326,2850 242,2850"/>
                <Baseline points="262,2931 283,2928 328,2928 373,2925 417,2925 462,2925 507,2922 552,2928 597,2928"/>
                <TextEquiv>
                    <Unicode>Mücke.</Unicode>
                </TextEquiv>
            </TextLine>
            <TextLine id="tr_2_tl_7" custom="readingOrder {index:6;}">
                <Coords points="756,3141 2661,3092 2896,3067 2899,2948 1824,2913 760,3011"/>
                <Baseline points="779,3071 800,3071 844,3071 889,3074 934,3068 979,3068 1023,3065 1068,3065 1113,3059 1158,3059 1203,3059 1247,3056 1292,3054 1337,3054 1382,3054 1426,3054 1471,3054 1516,3054 1561,3054 1606,3054 1650,3051 1695,3051 1740,3051 1785,3048 1830,3045 1874,3045 1919,3042 1964,3042 2009,3039 2053,3036 2098,3036 2143,3036 2188,3036 2233,3036 2277,3036 2322,3033 2367,3033 2412,3033 2456,3033 2501,3030 2546,3030 2591,3027 2636,3027 2680,3024 2725,3027 2770,3027 2815,3024 2859,3024 2904,3021"/>
                <TextEquiv>
                    <Unicode>er weiter nach, da er noch immer nicht bemerkt</Unicode>
                </TextEquiv>
            </TextLine>
            <TextLine id="tr_2_tl_8" custom="readingOrder {index:7;}">
                <Coords points="714,3267 2941,3235 2945,3102 1667,3071 718,3151"/>
                <Baseline points="737,3224 755,3224 800,3221 844,3218 889,3218 934,3218 979,3215 1023,3215 1068,3215 1113,3212 1158,3212 1203,3209 1247,3209 1292,3206 1337,3206 1382,3206 1426,3206 1471,3206 1516,3215 1561,3206 1606,3203 1650,3200 1695,3200 1740,3200 1785,3197 1830,3197 1874,3197 1919,3194 1964,3194 2009,3194 2053,3191 2098,3188 2143,3188 2188,3188 2233,3188 2277,3188 2322,3185 2367,3185 2412,3185 2456,3185 2501,3182 2546,3182 2591,3179 2636,3179 2680,3179 2725,3179 2770,3179 2815,3176 2859,3173 2904,3173 2949,3176"/>
                <TextEquiv>
                    <Unicode>wird) Mein Herr- (Alle verschwinden hinter der</Unicode>
                </TextEquiv>
            </TextLine>
            <TextLine id="tr_2_tl_9" custom="readingOrder {index:8;}">
                <Coords points="721,3424 781,3449 851,3421 907,3456 921,3445 959,3459 1015,3424 1061,3431 1064,3288 1029,3277 1012,3291 949,3263 882,3288 861,3281 840,3302 802,3302 763,3270 725,3288"/>
                <Baseline points="740,3370 755,3370 800,3373 844,3370 889,3367 934,3367 979,3370 1023,3367 1068,3361"/>
                <TextEquiv>
                    <Unicode>Scene)</Unicode>
                </TextEquiv>
            </TextLine>
            <TextLine id="tr_2_tl_10" custom="readingOrder {index:9;}">
                <Coords points="1050,3585 1201,3557 1267,3592 1376,3547 1523,3568 1621,3519 1880,3533 1943,3571 1947,3400 1779,3389 1562,3445 1271,3424 1239,3452 1162,3396 1054,3414"/>
                <Baseline points="1071,3525 1101,3519 1146,3519 1191,3516 1235,3516 1280,3516 1325,3516 1370,3513 1415,3513 1459,3513 1504,3513 1549,3510 1594,3510 1638,3510 1683,3507 1728,3507 1773,3504 1818,3501 1862,3504 1907,3504 1952,3507"/>
                <TextEquiv>
                    <Unicode>(Neunter Auftritt.)</Unicode>
                </TextEquiv>
            </TextLine>
        </TextRegion>
    </Page>
</PcGts>
