3416 4152
2769 273 2936 510 142
241 418 2992 737 Faustine. Die Frömmigkeit an den Glochenschlag gebunden, wo
698 641 1700 850 Maria Aebtissin ist! -
241 793 1749 1048 Maria. Auch ich muss mich fügen.
262 960 1208 1165 Faustina. Wm fügen?
251 1048 2543 1317 Maria. Dem Bischof, Erzbischof - kurz dem System¬
269 1247 2872 1470 Faustina. System! - Ich glaube, alle Torheit dieser Welt
715 1385 3148 1611 nimmt im System seinen Ursprung; auf der einen Seite
768 1579 1767 1753 hats gepasst. — Komm.
1781 1710 2231 1887 Beide ab.
1200 1806 1771 2036 Verwandlung.
418 1856 783 2104 7. IV. 80
729 1948 3109 2210 Foyer des Konzertsaales. Das Konzert ist aus. Viele
729 2174 3109 2334 Leute kommen die Treppen hinunter. Man verlangt bei
747 2302 3063 2497 der Garderobe seine Kleidungsstücke. Sehr bewegt,
779 2419 3095 2610 Man hört voh oben noch applaudteren. Eintge Enthu¬
765 2599 2652 2776 siasten applaudteren noch auf der Treppe.
301 2748 1944 2960 Etne Stimme. Er gibt noch etwas zu!
751 2865 3081 3088 Rückströmung. Nur wenige bletben, der grösste Teil
811 3035 3088 3233 versucht nochmals in den Konzertsaal zu gelangen.
315 3201 3159 3393 Bar. Hollersteth. ( nimmt den Mantel um, den ihr Finke galant
779 3357 1445 3559 gebracht hat )
301 3478 3077 3711 Bar. Hollerstein. Bitte lassen Sie sich nicht stören - viel-
776 3655 1958 3902 leicht wünschen Sie noch¬
