3400 4152
2794 226 2953 444 147
321 359 2121 645 Alb. Luft. (wendet sich plötzlich ab)
317 585 1639 810 Ambr. Feuer. (desgleichen )
310 744 3013 958 Macartus. Pardon, meine Herren, aber- Es tat ja so wie so
782 867 3108 1078 keiner mehr da. Komm rasch! — Oh weh, ich hab mein
789 1057 3045 1230 Opernglas oben zurüchgelassen. ( schnell hinauf)
317 1205 1269 1395 Der Enthuslast 114!
310 1321 3147 1575 Mücke (der schon eine ganze Wette mit dem Mantel Constantias
775 1505 2960 1684 herumgeht, trifft diese endlich) Ich suche Sie
779 1677 2407 1861 schon mit Schmerzen, mein Fräuleun
324 1783 2967 1998 Constantia. Ach wie hann man nur so ungeschicht sein. Die
779 1927 2407 2139 Spitzen schleppen ja am Boden nach.
328 2065 3115 2294 Leonh. Nun, dann gratulier ich ganz herzleih! Aber Du warst
796 2252 1815 2467 auch ein rechter Narr.
317 2393 2974 2629 Raph. Es war ein himmlischer Moment. Während Norbert die
803 2565 3154 2749 schmachtenden Weise spielte, flüsterte sie das hol
835 2699 3016 2897 de Wort.- Ich liebe Dich mehr als je. Alles war
779 2830 3178 3052 Missverständnis, wir quälten nicht nur einander, wird
796 3013 2981 3189 quälten uns selbet. Oh, ich bin unaussprechlich
803 3161 2787 3344 glücklich. Ah- ( er geht Manuela entgegen )
839 3333 1825 3513 reicht ihm die Hand)
324 3355 708 3520 Manuela.
803 3457 3013 3682 (Es ist leer geworden; der Enthuslast ist sogar
