3336 4088
2887 161 3016 359 29
237 341 2998 545 Benediktus und die andern alle treten zum Fenster. — Amandus
689 520 1097 703 Norbert?
240 649 1097 882 Faustina. Er ists.
219 818 1782 993 Albinus. er ist ins Tor getreten.
222 968 2338 1169 Baronin. Er hat lange auf sich warten lassen.
233 1119 703 1291 ( Unruhe zu
212 1273 3095 1456 Manuela (zu Leonhard, der sehr erstaunt ist) Ob er sich wohl
642 1409 1646 1617 verändert haben wird!
222 1567 2245 1772 Leonhard. Sie haben ihn gekannt, Fräulein?
219 1711 1589 1919 Diener. Herr Amandus Norbert.
628 1901 2008 2091 Amandus Norbert tritt herein.
954 2030 1775 2223 Zehnder Auftritt.
635 2170 1779 2371 Vortge. Amandus Norbert.
678 2353 2905 2546 nachdem er stillschweigend die dargebotene Hand
201 2331 649 2507 Norbert,
631 2492 2944 2636 Faustinasleise emporgehoben, um sie zu hüssen und
635 2643 3081 2822 Manuela schweigend, und ebenso die Baronin schweegend
628 2790 3009 2973 begrüsst, und Finke die Hand gedrückt,streckt allen
635 2959 3081 3106 andern die Hand entgegen )Seienste mir alle gegrüsst
617 3109 1219 3285 Alle! Alle!
208 3167 646 3482 Faustina,
674 3217 3081 3443 Im Namen aller meinen Gegengruss. Es freut michherz
620 3414 2987 3590 lich, Sie wieder zu sehen. Aber jetzt verlassen Sie
