3352 4152
2758 256 2923 484 127.
407 326 874 579 + II 1880
246 519 947 726 Benedict. Fünf.
225 684 926 898 Amand. Fünf.
239 789 2070 1032 Benedict. Nochmals. Beginnen Sie jetzt.
232 982 874 1211 Amand. Vier.
1168 1074 2154 1281 Vierzehnter Auftritt.
256 1133 2954 1421 Faustina ( steht hinter ihnen, unkenntlich. (Haltet ein!
260 1386 2193 1603 Betde (sehen betroffen auf ) Faustina!
263 1579 1263 1747 Faustina. Da bin ich.
260 1730 2025 1895 Benedict. Und nun lass ich Dich nicht¬
277 1849 3091 2032 Faustina. Ei wie leidenschaftlich, Herrt Philosoph. Und unser
719 2028 2035 2193 Amandus steht lotenblass da-
656 2112 3070 2305 Und Faustina? Wie steht Faustina da? Das Weib, das
267 2161 582 2365 Amand.
761 2291 3035 2512 geschaffen ist, mehr Unglück noch auf die Welt zu
754 2421 3151 2611 laden, als schon von Uranfang darauf geladen warden.
754 2614 2081 2779 0 hätt toh Dich nie gesehen.
761 2723 2916 2933 Faustina, warum kamst Du in jener Nacht nicht?
298 2730 737 2993 Benedtet.
772 2888 2989 3098 Welche wunderliche Laune ergriff Dich? Du ver=
782 3039 3105 3235 sprachst mir zu kommen. Wie ein Knabe, der vor den
772 3182 3042 3372 Fenstern seiner Geliebten schmachtend auf und ab¬
779 3368 3032 3540 geht, vanderte ich bei Deinem Hause hin und her.
775 3467 3154 3730 Hütt ich mich selber sehen können, so hätt Ich über
