3384 4104
2748 193 2934 341 120
616 372 2896 606 sehr liebenswürdiger Her junger Mann, der eben so
627 506 2779 754 gütig war, mir im Saale ein erfrischendes Glas¬
172 630 2944 950 Müche- Oh nicht der Rede wert-Ritterpflicht - Künstlergesin-
630 933 871 1095 nung¬
169 909 2865 1267 Leonh. Künstlergestnüng? Ah, Siehl so haben wir wohl gar
623 1123 2180 1405 mit einem Künstler das Vergnügen¬
172 1291 2931 1591 Müche. Oh mit einem Dilettanten, der nach Vollendung strebt.
678 1505 1236 1684 nicht mehr¬
179 1536 2228 1825 Raph. Ich werde Sie verlassen, Manuela denn¬
186 1705 2793 1997 Manuela. Oh nicht doch! Kaum dass ich Sie in dem Gewühle
654 1846 3027 2101 wiederfand! Bleiben Sie bei uns. Wir wollen das Fest
668 2046 2335 2294 Ihrer Versöhnung mit Leonhad feiern.
641 2159 2552 2438 sieht Raphael an und reicht ihm die Hand.
200 2273 599 2445 Leonh.
678 2328 2975 2579 für sich ) Ah- das hat Raphael mir zu Trotz getan¬
210 2435 575 2638 Manuela
668 2459 3037 2755 Er will mir zeigen, dass ihm an meiner Liebe nichts
723 2607 2917 2889 mehr ltegt- und versöhnt sich in dem Augenblicke
685 2748 2955 3048 mit seinem Todfeind, wo ich diesem meine Liebe zu
310 2934 1970 3199 29. VI 7[8] schenken scheine. Gut denn¬
224 3079 2352 3330 Mücke. Also, Fräuleth, was gedenken wir jetzt¬
234 3241 2876 3492 Manuela. Wir promenieren durch den Saal und amüsteren uns
668 3354 3110 3630 indem wir die Paare betrachten. (für sich) Ich will
706 3526 2235 3795 ihn zum Wahnsum bringen.
