3368 4088
738 270 2789 550 lieber Kapellmetster Finke, ich schwürme für
766 526 1193 728 Ihr Spiel.
314 663 2895 882 Finke. Ich werde das wohl nicht so auf die Rechnung mei-
725 817 2792 1018 ner Befähigung schreiben müssen, als auf die
718 943 3052 1145 Ihres allgemeinen Kunstenthustasmus, Frau Baronin.
304 1090 2966 1323 Bar. Hollerstein. Lieber Kapellmeister, eine Kunstenthu-
728 1302 2577 1470 stastin bin ich; das ist wohl wahr-doch¬
294 1418 2942 1589 Alb. Luft. Frau Baronin haben in dieser Satson noch kein
725 1596 2416 1777 Konzert versäumt, so viel ich weiss.
304 1719 2983 1921 Bar, Holl. Oh, Herr Luft, und bin ich etwa für die andern
714 1876 2823 2064 Künste weniger begeistert? Sagen Sie selbst.
711 2033 2888 2232 Herr Feuer, interessier ich mich etwa für Ihre
725 2180 1364 2385 Bilder nicht?
297 2341 2850 2526 Ambr. Feuer.Frau Baronin, ich malte seit Wochen keinen
718 2512 1059 2690 Strich.
301 2655 1586 2857 Friede, Finke, Manuela. Ah!
304 2792 3045 2970 Bar. Holl. Sie vernachlässigen sich? Das ist unverzeihlich.
721 2932 2806 3151 Ich sehe schon, lieber Ambrosius Feuer, Sie
725 3127 1989 3298 brauchen noch eines Sporns.
297 3253 2833 3452 Alb. Luft. Mein teurer Freund Ambrosius Feuer, dichtet
711 3421 1698 3619 Jetzt an einem Drama.
294 3541 2857 3780 Ambr. Feuer. Mein teurer Freund Albtnus Luft trrt stch.
