3352 4072
2968 211 3111 443 59
762 393 3179 579 verachten, vielleicht hassen gelernt. Auch ich gehör
751 569 3008 740 zu jenen Unzufriedenen, Liebsuchenden, die verge-
755 708 1345 905 bens suchten
286 876 719 1116 Benedict
762 855 2958 1051 ( tronisch ) Meine teure Faustina, lass uns nun
744 1012 3015 1202 zusammen die Welt verachten ich verachte die öst-
737 1180 2346 1338 liche, Du die westliche Halbkugel.
272 1370 572 1545 Amand.
644 1327 2936 1516 Ah, Sie verspotten das Heiligste-ich glaube, dass
751 1473 3000 1638 diese Frivolitäten jetzt hinter Ihnen liegen sol-
733 1620 1019 1788 Iten.
268 1756 701 1953 Benedtet
783 1774 2882 1942 Und ich glaube, dass gerade diese Ironie ist,
737 1920 3043 2092 welche mein einstiges Ich mit meinem jetzigen ver¬
733 2085 3108 2307 bindet. -doch ich sehe ein, dass ich Unrecht hatte,
737 2221 2897 2407 Sie zu verletzen. Ich hätte meine Gegenansicht
719 2378 3065 2561 mit demselben Ernst vorbringen sollen, mit dem Sie
733 2536 2983 2711 Ihre etgene Metnung aussprachen. Nun, so sei sie
737 2682 3144 2868 denn gesagt. -dass Faustina die sentimentale Schwär-
758 2840 3211 3036 merin nicht ist, für die Sie sie halten.. Sie gleich
719 3000 3129 3197 mir mehr als Ihnen, Amandus. Sie würden s sie viel¬
712 3161 2307 3337 leicht verspotten, wie ich es tat.
243 3294 2271 3469 Amnd. Und so können Sie mir nichts raten?
236 3433 1109 3626 Benedict. Geduld.
229 3619 3108 3862 Amand.. O des vortrefflichen Vorschlags! Ich soll etwa warten
