3336 4152
2767 330 2935 471 128
744 444 3117 677 den Narren gelacht. Aber nun bist Du ja da! Du hast
788 650 3077 868 mir gesagt, dass Du mich liebst- Und weil Du micht
747 811 2292 1000 liebst, bist Du hierher gekommen!
768 882 3073 1178 Ist das Benedictf Fällt der Spötter aus seiner Rol
293 966 700 1145 Faustina
757 1138 1017 1283 le? -
794 1229 3067 1410 Meine Rolle auf der Welt., geliebte Faustina, das
300 1283 737 1485 Benedict.
764 1394 3070 1565 weisst Du ja, istbein ewiges aus der Rolle fallen.
771 1535 2996 1713 O wie langweilig sind sie, diese consequenten Na¬
751 1663 3040 1862 turen mit dem immer lustigen oder immer traurigen
771 1865 2979 2026 Gesicht, die stets in einem und demselben Winkel
778 1979 3104 2188 der menschlichen Anschauung hocken. Liebe Faustina,
788 2127 3030 2333 ich hüpfe hin und her zwischen Glück und Unglück;
774 2313 3131 2464 Von einer Eche spring ich zur andern mit einem Satz
771 2461 3171 2602 hinüber und bin ein Philosoph und Hanswurst zugleich
768 2605 3127 2774 Darum Amandus von Neuem die Würfel her und gespielt
771 2757 1983 2942 um unser armseliges Leben.
303 2929 3013 3087 Amand. Ich bin bereit, es sei denn, dass sich Faustina be-
791 3050 3100 3252 quemen könnte- doch nein, nein! Ich weiss ja, wie
781 3235 1485 3393 mein Los fällt.
791 3360 3080 3582 Weg mit diesen Würfeln. Was willst Du sagen, Aman¬
323 3319 751 3555 Faustina.
771 3521 1020 3679 dus?
