3384 4104
197 432 599 633 Baronin.
715 555 2270 810 Undwo war er denn die Zeit über?
191 507 684 820 Leonhard.
204 769 477 933 Finke
191 895 2924 1089 Alb. Ach er wird uns wohl heute Abend von seinen Reisen
613 1055 1532 1188 zu erzählen wissen.
208 1082 2420 1331 Leonhard. Rannald- kenne Sie Norbert persönhof?
208 1300 2798 1518 Benediktus. Ja ich habe ihn gekannt. Er ist ein sehr in
630 1450 2818 1681 sich gekehrter Mensch gewesen- tiefstnnig, bei¬
671 1654 1586 1787 nahe melancholisch.
681 1821 1055 1961 Wie Sie
211 1729 609 1971 Baronin.
214 1828 2890 2107 Benediktus. Sie nennen mich melancholisch? Weil mich die
681 2059 2097 2257 Welt einen Philosophon heisst?
211 2168 2890 2427 Abr. (saufzend,) Die Philosophon beobachten die Welt--
681 2400 2883 2628 wer die Welt beobachtet, muss zum Melancholtker
650 2590 997 2703 werden.
218 2607 2948 2920 Bar. Ach— ist unser Universalgente auch zum Philosophen
684 2893 1185 3012 geworden!
228 3023 2805 3244 Benediktus. Er hat heute sethen-zwei Seelen- Tag - nicht
637 3200 1470 3336 wahr, Ambrostus?
643 3291 2856 3472 seufzt) Heute?- War ich jemals wie die andern
218 3356 477 3557 Ambr.
640 3458 2954 3605 Menschen? Aber das drängt und rumort in der Brust
654 3594 2733 3816 und strebt rastlos nach Ruhs und findet doch
2886 235 3026 453 18
