<?xml version="1.0" encoding="UTF-8" standalone="yes"?>
<PcGts xmlns="http://schema.primaresearch.org/PAGE/gts/pagecontent/2013-07-15" xmlns:xsi="http://www.w3.org/2001/XMLSchema-instance" xsi:schemaLocation="http://schema.primaresearch.org/PAGE/gts/pagecontent/2013-07-15 http://schema.primaresearch.org/PAGE/gts/pagecontent/2013-07-15/pagecontent.xsd">
    <Metadata>
        <Creator>prov=READ-COOP:name=TrHtr:version=2.1.0:model_id=51170:date=27_07_2023_19:32</Creator>
        <Created>2023-05-10T11:24:19.944+02:00</Created>
        <LastChange>2023-07-27T19:32:39.981+02:00</LastChange>
        <TranskribusMetadata docId="1428154" pageId="55386965" pageNr="79" tsid="131289234" status="IN_PROGRESS" userId="64420" imgUrl="https://files.transkribus.eu/Get?id=JHQIZPUNQSKUOMDFQGRLWSTD&amp;fileType=view" xmlUrl="https://files.transkribus.eu/Get?id=XYIZITBVWHPGKNYPPFIMHTLR" imageId="44661862"/>
    </Metadata>
    <Page imageFilename="1428154_0079.jpg" imageWidth="3384" imageHeight="4056">
        <ReadingOrder>
            <OrderedGroup id="ro_1711820772411" caption="Regions reading order">
                <RegionRefIndexed index="0" regionRef="tr_1"/>
                <RegionRefIndexed index="1" regionRef="tr_2"/>
            </OrderedGroup>
        </ReadingOrder>
        <TextRegion id="tr_1" custom="readingOrder {index:0;}">
            <Coords points="250,230 3062,230 3062,1866 250,1866"/>
            <TextLine id="tr_1_tl_1" custom="readingOrder {index:0;}">
                <Coords points="2858,330 2876,330 2883,323 2901,326 2951,298 2966,305 2987,305 2987,212 2966,208 2959,212 2944,197 2858,204"/>
                <Baseline points="2877,283 2906,280 2951,280 2996,280"/>
                <TextEquiv>
                    <Unicode>74</Unicode>
                </TextEquiv>
            </TextLine>
            <TextLine id="tr_1_tl_2" custom="readingOrder {index:1;}">
                <Coords points="685,509 2858,481 2894,265 1599,420 1241,359 689,416"/>
                <Baseline points="704,504 746,501 790,504 835,501 880,501 925,498 969,498 1014,495 1059,495 1104,495 1149,495 1193,495 1238,495 1283,495 1328,492 1372,489 1417,486 1462,486 1507,486 1551,483 1596,483 1641,483 1686,480 1731,480 1775,480 1820,477 1865,477 1910,477 1954,474 1999,471 2044,471 2089,468 2133,471 2178,465 2223,465 2268,465 2313,465 2357,462 2402,459 2447,459 2492,459 2536,456 2581,456 2626,453 2671,453 2715,447 2760,447 2805,444 2850,444 2895,447"/>
                <TextEquiv>
                    <Unicode>meine Herren! Melden Sie, dass wir bereit sind.</Unicode>
                </TextEquiv>
            </TextLine>
            <TextLine id="tr_1_tl_3" custom="readingOrder {index:2;}">
                <Coords points="230,689 280,681 351,739 455,706 520,753 663,671 854,681 854,581 728,599 660,559 581,559 509,613 298,559 230,581"/>
                <Baseline points="250,668 277,668 322,665 367,665 411,665 456,665 501,665 546,662 590,662 635,662 680,659 725,659 770,656 814,656 859,665"/>
                <TextEquiv>
                    <Unicode>Diener ( ab )</Unicode>
                </TextEquiv>
            </TextLine>
            <TextLine id="tr_1_tl_4" custom="readingOrder {index:3;}">
                <Coords points="230,839 549,907 631,854 1026,900 1122,810 1851,821 1883,660 1255,620 728,789 613,703 520,750 233,696"/>
                <Baseline points="250,823 277,823 322,820 367,820 411,820 456,820 501,817 546,817 590,817 635,814 680,817 725,817 770,814 814,811 859,811 904,811 949,811 993,811 1038,808 1083,805 1128,805 1172,802 1217,799 1262,799 1307,799 1352,805 1396,799 1441,802 1486,799 1531,796 1575,793 1620,793 1665,793 1710,790 1754,787 1799,784 1844,790 1889,793"/>
                <TextEquiv>
                    <Unicode>Musenhain, Bass, Blaser ( folgen )</Unicode>
                </TextEquiv>
            </TextLine>
            <TextLine id="tr_1_tl_5" custom="readingOrder {index:4;}">
                <Coords points="230,990 3016,958 3052,767 233,893"/>
                <Baseline points="250,975 280,975 325,975 370,975 414,972 459,972 504,972 549,972 593,972 638,969 683,969 728,966 772,966 817,966 862,964 907,964 952,964 996,961 1041,961 1086,958 1131,955 1175,952 1220,952 1265,949 1310,952 1354,949 1399,949 1444,949 1489,949 1534,946 1578,943 1623,943 1668,940 1713,937 1757,937 1802,934 1847,931 1892,931 1936,931 1981,928 2026,928 2071,925 2116,925 2160,925 2205,922 2250,922 2295,922 2339,922 2384,919 2429,919 2474,916 2518,916 2563,916 2608,913 2653,913 2698,910 2742,910 2787,907 2832,904 2877,904 2921,901 2966,898 3011,895 3056,898"/>
                <TextEquiv>
                    <Unicode>Mücke (wartet, bis die übrigen draussen sind, und geht dann</Unicode>
                </TextEquiv>
            </TextLine>
            <TextLine id="tr_1_tl_6" custom="readingOrder {index:5;}">
                <Coords points="703,1187 1011,1108 2865,1133 3052,1076 3055,950 1764,943 1467,1058 706,1058"/>
                <Baseline points="722,1116 734,1116 778,1113 823,1113 868,1113 913,1113 958,1110 1002,1110 1047,1107 1092,1107 1137,1107 1181,1104 1226,1104 1271,1104 1316,1104 1360,1101 1405,1098 1450,1098 1495,1098 1540,1095 1584,1092 1629,1092 1674,1092 1719,1089 1763,1086 1808,1086 1853,1083 1898,1083 1942,1080 1987,1080 2032,1080 2077,1080 2122,1077 2166,1077 2211,1074 2256,1074 2301,1074 2345,1071 2390,1071 2435,1068 2480,1068 2524,1068 2569,1065 2614,1065 2659,1065 2704,1062 2748,1062 2793,1059 2838,1056 2883,1056 2927,1053 2972,1050 3017,1050 3062,1044"/>
                <TextEquiv>
                    <Unicode>Tisch, wohin er früher seine Flöte legte. Er nimmt</Unicode>
                </TextEquiv>
            </TextLine>
            <TextLine id="tr_1_tl_7" custom="readingOrder {index:6;}">
                <Coords points="706,1348 1011,1374 1187,1262 1804,1241 2625,1302 2830,1252 2833,1144 1872,1105 1463,1209 710,1187"/>
                <Baseline points="728,1265 734,1262 778,1262 823,1262 868,1262 913,1262 958,1262 1002,1262 1047,1259 1092,1259 1137,1256 1181,1256 1226,1253 1271,1253 1316,1253 1360,1250 1405,1247 1450,1250 1495,1247 1540,1247 1584,1244 1629,1244 1674,1241 1719,1235 1763,1235 1808,1235 1853,1235 1898,1235 1942,1235 1987,1232 2032,1232 2077,1229 2122,1229 2166,1229 2211,1226 2256,1226 2301,1226 2345,1226 2390,1223 2435,1223 2480,1220 2524,1217 2569,1217 2614,1214 2659,1211 2704,1208 2748,1208 2793,1211 2838,1217"/>
                <TextEquiv>
                    <Unicode>dieselbe, sieht sie wehmüßig an und geht ab)</Unicode>
                </TextEquiv>
            </TextLine>
            <TextLine id="tr_1_tl_8" custom="readingOrder {index:7;}">
                <Coords points="1122,1481 1173,1492 1262,1413 1431,1399 1513,1431 1807,1427 1894,1384 2213,1409 2216,1262 1958,1248 1858,1284 1793,1244 1607,1352 1126,1327"/>
                <Baseline points="1143,1402 1149,1402 1193,1405 1238,1402 1283,1402 1328,1402 1372,1402 1417,1399 1462,1396 1507,1396 1551,1396 1596,1396 1641,1393 1686,1390 1731,1390 1775,1387 1820,1387 1865,1387 1910,1384 1954,1387 1999,1384 2044,1384 2089,1387 2133,1384 2178,1381 2223,1381"/>
                <TextEquiv>
                    <Unicode>Verwandlung.</Unicode>
                </TextEquiv>
            </TextLine>
            <TextLine id="tr_1_tl_9" custom="readingOrder {index:8;}">
                <Coords points="341,1521 380,1506 405,1524 441,1499 470,1521 491,1506 516,1531 534,1531 563,1513 574,1521 635,1506 631,1348 592,1356 545,1330 502,1359 477,1338 463,1348 409,1334 337,1363"/>
                <Baseline points="358,1450 402,1447 447,1450 492,1447 537,1450 581,1450 626,1453 641,1453"/>
                <TextEquiv>
                    <Unicode>29.III +</Unicode>
                </TextEquiv>
            </TextLine>
            <TextLine id="tr_1_tl_10" custom="readingOrder {index:9;}">
                <Coords points="710,1635 854,1635 940,1689 1062,1632 1205,1650 1323,1567 1657,1571 1660,1488 1090,1474 940,1517 714,1492"/>
                <Baseline points="731,1572 772,1569 817,1569 862,1566 907,1566 952,1566 996,1563 1041,1563 1086,1563 1131,1560 1175,1560 1220,1557 1265,1557 1310,1554 1354,1554 1399,1551 1444,1551 1489,1548 1534,1548 1578,1545 1623,1545 1668,1548"/>
                <TextEquiv>
                    <Unicode>Zimmer bei Faustina.</Unicode>
                </TextEquiv>
            </TextLine>
            <TextLine id="tr_1_tl_11" custom="readingOrder {index:10;}">
                <Coords points="1026,1718 1219,1747 1495,1700 1940,1725 1947,1574 1793,1574 1721,1635 1556,1625 1503,1657 1374,1628 1029,1643"/>
                <Baseline points="1047,1713 1059,1713 1104,1710 1149,1710 1193,1707 1238,1707 1283,1707 1328,1704 1372,1701 1417,1701 1462,1701 1507,1698 1551,1698 1596,1695 1641,1695 1686,1695 1731,1695 1775,1692 1820,1689 1865,1689 1910,1689 1954,1695"/>
                <TextEquiv>
                    <Unicode>Siebenter Auftritt,</Unicode>
                </TextEquiv>
            </TextLine>
            <TextLine id="tr_1_tl_12" custom="readingOrder {index:11;}">
                <Coords points="1262,1865 1840,1883 1994,1847 2137,1876 2137,1718 1983,1696 1775,1725 1628,1804 1262,1797"/>
                <Baseline points="1283,1856 1292,1856 1337,1853 1381,1853 1426,1853 1471,1853 1516,1853 1560,1853 1605,1850 1650,1850 1695,1847 1739,1847 1784,1847 1829,1847 1874,1844 1919,1844 1963,1841 2008,1838 2053,1838 2098,1838 2142,1838"/>
                <TextEquiv>
                    <Unicode>Faustina, Manuela.</Unicode>
                </TextEquiv>
            </TextLine>
        </TextRegion>
        <TextRegion id="tr_2" custom="readingOrder {index:1;}">
            <Coords points="271,1913 3178,1913 3178,3716 271,3716"/>
            <TextLine id="tr_2_tl_1" custom="readingOrder {index:0;}">
                <Coords points="764,2098 1334,2102 1682,2005 2708,2026 2959,1990 2962,1876 2582,1804 2392,1883 767,1872"/>
                <Baseline points="784,2026 817,2029 862,2029 907,2029 952,2026 996,2026 1041,2023 1086,2023 1131,2020 1175,2020 1220,2017 1265,2017 1310,2017 1354,2017 1399,2014 1444,2011 1489,2008 1534,2008 1578,2008 1623,2005 1668,2005 1713,2002 1757,2002 1802,1999 1847,1999 1892,1996 1936,1993 1981,1990 2026,1990 2071,1990 2116,1993 2160,1990 2205,1990 2250,1990 2295,1990 2339,1990 2384,1990 2429,1987 2474,1984 2518,1984 2563,1984 2608,1981 2653,1981 2698,1978 2742,1975 2787,1975 2832,1972 2877,1969 2921,1966 2966,1963"/>
                <TextEquiv>
                    <Unicode>Es freut mich, dass Dir mein Rat so gut gefiel¬</Unicode>
                </TextEquiv>
            </TextLine>
            <TextLine id="tr_2_tl_2" custom="readingOrder {index:1;}">
                <Coords points="265,2094 344,2073 438,2130 488,2102 585,2116 624,2080 685,2069 689,1937 602,1937 585,1922 516,1947 470,1937 448,1911 366,1911 269,1951"/>
                <Baseline points="286,2044 292,2044 337,2044 382,2038 426,2038 471,2038 516,2038 561,2038 605,2035 650,2038 695,2035"/>
                <TextEquiv>
                    <Unicode>Faustina:</Unicode>
                </TextEquiv>
            </TextLine>
            <TextLine id="tr_2_tl_3" custom="readingOrder {index:2;}">
                <Coords points="251,2223 947,2274 1381,2163 2747,2166 2837,2023 255,2102"/>
                <Baseline points="271,2193 280,2193 325,2193 370,2193 414,2193 459,2190 504,2190 549,2190 593,2190 638,2190 683,2190 704,2184 737,2184 781,2181 826,2181 871,2181 916,2181 961,2178 1005,2178 1050,2178 1095,2175 1140,2172 1184,2172 1229,2169 1274,2166 1319,2166 1363,2166 1408,2163 1453,2163 1498,2160 1543,2160 1587,2157 1632,2157 1677,2154 1722,2154 1766,2154 1811,2154 1856,2148 1901,2148 1945,2148 1990,2148 2035,2148 2080,2145 2124,2142 2169,2142 2214,2142 2259,2142 2304,2139 2348,2136 2393,2136 2438,2136 2483,2136 2527,2133 2572,2130 2617,2127 2662,2127 2706,2127 2751,2127 2796,2127 2841,2127"/>
                <TextEquiv>
                    <Unicode>Manuela. Jetzt fühl ich mich wohl, Faustina, sehr wohl.</Unicode>
                </TextEquiv>
            </TextLine>
            <TextLine id="tr_2_tl_4" custom="readingOrder {index:3;}">
                <Coords points="724,2414 1388,2414 1635,2313 2747,2342 2984,2310 2987,2173 1962,2152 1330,2277 732,2259"/>
                <Baseline points="749,2333 755,2333 799,2330 844,2330 889,2330 934,2330 978,2327 1023,2327 1068,2324 1113,2324 1158,2321 1202,2321 1247,2321 1292,2321 1337,2321 1381,2321 1426,2321 1471,2318 1516,2316 1560,2313 1605,2310 1650,2310 1695,2307 1739,2307 1784,2307 1829,2304 1874,2304 1919,2301 1963,2301 2008,2301 2053,2298 2098,2298 2142,2298 2187,2295 2232,2295 2277,2292 2321,2295 2366,2292 2411,2292 2456,2292 2501,2289 2545,2286 2590,2286 2635,2286 2680,2283 2724,2280 2769,2283 2814,2280 2859,2277 2903,2277 2948,2274 2993,2277"/>
                <TextEquiv>
                    <Unicode>Ich will ihn quälen diesen Raphael, guälen, bis</Unicode>
                </TextEquiv>
            </TextLine>
            <TextLine id="tr_2_tl_5" custom="readingOrder {index:4;}">
                <Coords points="689,2579 1173,2475 3059,2485 3138,2324 1955,2313 1686,2410 692,2431"/>
                <Baseline points="713,2486 728,2483 772,2483 817,2483 862,2480 907,2480 952,2480 996,2480 1041,2480 1086,2477 1131,2474 1175,2474 1220,2471 1265,2468 1310,2471 1354,2471 1399,2468 1444,2468 1489,2468 1534,2465 1578,2465 1623,2462 1668,2462 1713,2456 1757,2459 1802,2456 1847,2456 1892,2453 1936,2453 1981,2453 2026,2453 2071,2450 2116,2447 2160,2444 2205,2444 2250,2444 2295,2444 2339,2441 2384,2441 2429,2441 2474,2441 2518,2438 2563,2438 2608,2435 2653,2432 2698,2432 2742,2432 2787,2432 2832,2432 2877,2432 2921,2429 2966,2429 3011,2423 3056,2420 3100,2420 3145,2420"/>
                <TextEquiv>
                    <Unicode>er vor mir auf die Knte stnkt und um Vergebung fleht</Unicode>
                </TextEquiv>
            </TextLine>
            <TextLine id="tr_2_tl_6" custom="readingOrder {index:5;}">
                <Coords points="273,2654 757,2754 1047,2629 2962,2600 3045,2482 276,2546"/>
                <Baseline points="292,2647 310,2644 355,2641 399,2638 444,2638 489,2638 534,2638 579,2635 623,2635 668,2635 713,2638 746,2632 767,2632 811,2629 856,2629 901,2629 946,2626 990,2623 1035,2620 1080,2620 1125,2617 1169,2620 1214,2617 1259,2617 1304,2617 1349,2617 1393,2614 1438,2614 1483,2611 1528,2611 1572,2608 1617,2608 1662,2605 1707,2605 1751,2605 1796,2602 1841,2599 1886,2599 1931,2596 1975,2596 2020,2596 2065,2596 2110,2593 2154,2593 2199,2593 2244,2593 2289,2593 2333,2590 2378,2587 2423,2587 2468,2584 2512,2584 2557,2584 2602,2581 2647,2581 2692,2578 2736,2578 2781,2575 2826,2575 2871,2575 2915,2572 2960,2572 3005,2566 3050,2566"/>
                <TextEquiv>
                    <Unicode>Faustina. Leonhards und Raphaels Feindschaft wird von neuem</Unicode>
                </TextEquiv>
            </TextLine>
            <TextLine id="tr_2_tl_7" custom="readingOrder {index:6;}">
                <Coords points="785,2794 922,2808 950,2787 1011,2801 1054,2783 1277,2790 1280,2733 1244,2740 1173,2693 1144,2722 1011,2715 986,2697 868,2729 789,2722"/>
                <Baseline points="805,2778 838,2781 883,2781 928,2778 972,2778 1017,2775 1062,2775 1107,2772 1152,2775 1196,2775 1241,2772 1286,2772"/>
                <TextEquiv>
                    <Unicode>auflodern.</Unicode>
                </TextEquiv>
            </TextLine>
            <TextLine id="tr_2_tl_8" custom="readingOrder {index:7;}">
                <Coords points="276,2969 430,3012 595,2962 649,2980 685,2944 1219,2941 1244,2855 1148,2883 1101,2847 861,2862 825,2894 674,2869 588,2808 280,2833"/>
                <Baseline points="295,2948 307,2945 352,2945 396,2942 441,2942 486,2942 531,2939 576,2939 620,2939 665,2936 710,2936 755,2936 799,2933 844,2933 889,2930 934,2930 978,2930 1023,2927 1068,2924 1113,2924 1158,2924 1202,2921 1247,2918"/>
                <TextEquiv>
                    <Unicode>Manuela. Leonhards 7</Unicode>
                </TextEquiv>
            </TextLine>
            <TextLine id="tr_2_tl_9" custom="readingOrder {index:8;}">
                <Coords points="276,3167 696,3203 1244,3077 2084,3109 2202,3081 2206,2916 1481,2916 1287,3027 699,3048 538,2980 280,3030"/>
                <Baseline points="298,3100 331,3097 376,3094 420,3094 465,3094 510,3094 555,3094 599,3091 644,3091 689,3091 734,3089 778,3089 823,3089 868,3089 913,3086 958,3083 1002,3083 1047,3080 1092,3080 1137,3077 1181,3077 1226,3077 1271,3077 1316,3077 1360,3074 1405,3071 1450,3071 1495,3071 1540,3068 1584,3068 1629,3065 1674,3065 1719,3065 1763,3065 1808,3065 1853,3062 1898,3062 1942,3059 1987,3059 2032,3059 2077,3059 2122,3053 2166,3056 2211,3056"/>
                <TextEquiv>
                    <Unicode>Faustina. Du scheinst ihn zu begünstigen.</Unicode>
                </TextEquiv>
            </TextLine>
            <TextLine id="tr_2_tl_10" custom="readingOrder {index:9;}">
                <Coords points="280,3321 391,3317 423,3353 481,3310 592,3310 631,3342 760,3307 843,3328 914,3299 918,3185 750,3167 696,3199 567,3152 463,3192 362,3145 283,3163"/>
                <Baseline points="301,3256 340,3253 385,3253 429,3250 474,3250 519,3247 564,3247 608,3244 653,3244 698,3241 743,3241 787,3238 832,3238 877,3238 922,3241"/>
                <TextEquiv>
                    <Unicode>Manuela Ach.</Unicode>
                </TextEquiv>
            </TextLine>
            <TextLine id="tr_2_tl_11" custom="readingOrder {index:10;}">
                <Coords points="287,3507 1947,3364 2822,3418 3170,3364 3170,3281 1625,3185 1087,3332 290,3332"/>
                <Baseline points="310,3408 313,3405 358,3405 402,3402 447,3405 492,3402 537,3402 581,3402 626,3399 671,3399 716,3396 761,3393 805,3393 850,3393 895,3393 940,3390 984,3387 1029,3387 1074,3387 1119,3387 1163,3384 1208,3384 1253,3384 1298,3381 1343,3381 1387,3375 1432,3375 1477,3375 1522,3375 1566,3372 1611,3372 1656,3369 1701,3369 1745,3369 1790,3366 1835,3366 1880,3363 1925,3363 1969,3360 2014,3360 2059,3357 2104,3357 2148,3357 2193,3357 2238,3357 2283,3357 2327,3357 2372,3360 2417,3357 2462,3354 2507,3354 2551,3354 2596,3351 2641,3351 2686,3348 2730,3348 2775,3345 2820,3342 2865,3342 2909,3339 2954,3339 2999,3336 3044,3336 3089,3333 3133,3330 3178,3333"/>
                <TextEquiv>
                    <Unicode>Faustina. Du seufsest, Manuela-Ich weiss es ja, - Deine Liebe</Unicode>
                </TextEquiv>
            </TextLine>
            <TextLine id="tr_2_tl_12" custom="readingOrder {index:11;}">
                <Coords points="746,3561 1018,3601 1284,3532 1761,3593 1829,3540 1998,3543 2119,3604 2127,3407 1528,3464 1058,3407 746,3500"/>
                <Baseline points="767,3539 784,3542 829,3542 874,3542 919,3542 964,3542 1008,3539 1053,3539 1098,3536 1143,3536 1187,3533 1232,3533 1277,3533 1322,3530 1366,3530 1411,3527 1456,3527 1501,3527 1545,3524 1590,3524 1635,3524 1680,3521 1725,3524 1769,3521 1814,3518 1859,3518 1904,3518 1948,3515 1993,3512 2038,3512 2083,3512 2127,3515"/>
                <TextEquiv>
                    <Unicode>zu Raphael tst allzu glühend.</Unicode>
                </TextEquiv>
            </TextLine>
            <TextLine id="tr_2_tl_13" custom="readingOrder {index:12;}">
                <Coords points="290,3733 2683,3708 2715,3575 294,3586"/>
                <Baseline points="310,3706 346,3706 390,3703 435,3700 480,3700 525,3700 570,3697 614,3697 659,3697 704,3697 749,3694 793,3694 838,3691 883,3688 928,3691 972,3691 1017,3691 1062,3688 1107,3685 1152,3685 1196,3685 1241,3682 1286,3682 1331,3679 1375,3679 1420,3676 1465,3676 1510,3673 1554,3673 1599,3670 1644,3670 1689,3670 1734,3670 1778,3670 1823,3670 1868,3668 1913,3665 1957,3662 2002,3662 2047,3659 2092,3659 2136,3659 2181,3659 2226,3656 2271,3656 2316,3656 2360,3653 2405,3653 2450,3653 2495,3653 2539,3650 2584,3650 2629,3650 2674,3647 2718,3647"/>
                <TextEquiv>
                    <Unicode>Manuela.. Neth, nein, Faustina, sprich mir davon nicht</Unicode>
                </TextEquiv>
            </TextLine>
        </TextRegion>
    </Page>
</PcGts>
