3368 4056
2869 182 3001 385 53.
656 364 2961 595 neues sehn. Was kann der Mensch für sein Naturell?
641 517 3004 748 Leben Sie wohl, Herr Romnald, grüssen Sie mir Ihren
631 645 2919 948 (Er ist mit seiner Frau schon draussen, man hört
681 887 1443 1098 ihn nicht mehr.)
225 969 3090 1222 Benediktus. ( tritt zur Tür ) Ei, steh da / Die Hetlige tanzt
720 1126 3079 1383 Nur lustig fortgespielt. Es ist der Milhe wert, sich
691 1329 1757 1511 die Komödte anzusehen!
1151 1618 2028 1832 Der Vorhang fällt.
859 1686 955 1864 G.H.P.
891 2430 1126 2562 G.H.F.P
802 2584 909 2705 G.H.
795 2765 902 2876 1.
