3384 4104
2876 262 3009 483 98
218 422 2948 636 Benediot (sehr kalt) Wie, wenn xxx Ihnen in dieser Zeit,
728 575 2907 840 in der Sie sich so namenlos sehnsüchtig fühlen,
690 714 2893 959 ein Mann gestände, dass er Sie unendlich liebte,
683 894 3016 1095 glauben Sie, dass Sie dann Befriedigung empfänden?
687 1061 2904 1312 Sie wissen ja, mir wurde das von unzähligen Män¬
228 1057 663 1329 Faus t ina.
687 1241 1452 1431 nern versichert.
697 1353 2938 1584 Stellen wirs also dem Zufall anheim, Faustina, ob
235 1425 666 1629 Benedict.
738 1520 2999 1744 und wann wir uns wiedersehen. Ich will nun schei¬
796 1724 996 1901 den.
707 1846 2985 2023 Bleiben Sie doch noch einen Augenblick., Benediot.
238 1860 670 2009 Faustina.
687 1938 2900 2193 Mir ists, als hätte ich etwas, was mir noch auf
748 2115 2764 2326 dem Herzen liegt, Ihnen zu sagen vergessen.
714 2285 2995 2468 Das ist immer so, wenn zwei Menschen auseinander-
248 2329 687 2492 Benedict.
731 2438 3016 2628 gehen., die sich über das Rechenschaft gegeben ha¬
711 2587 3046 2798 ben, was in ihrem Innern vorgeht, denn wie könnten
765 2744 3084 2921 wir alles mittetlen, da wir doch in ein- und dem-
772 2904 2985 3080 selben Augenblick so vieles und manchmal wider
734 3033 3050 3230 sprechendes fühlen und denken. Auch mir tsts jetzt
734 3165 2972 3400 so. zu Mut, wie Ihnen, Faustina. Nur eines weiss
738 3346 2900 3560 ich noch, dass ich Ihnen zu sagen hätte.-Eines
741 3448 3125 3699 steht ganz klar vor mir- und das will ich Ihnen auch
