3384 4088
241 381 2867 692 Faustina und Baronin. Herr Feuer, ich bitte Sie, uns das
671 619 1703 752 Vergnügen zu gewähren.
241 745 2724 993 Leonhard, (auf Finhe weisend) Hier steht- dte Oper.
241 878 881 1063 Finke. Oh!—
238 979 2968 1266 Ambr. Feuer (setzt sich zum Klavier ) Wenn also die Herr¬
671 1185 2965 1353 schaften erlauben, so beginne ich.- ( gibt wieder
671 1315 2755 1493 den starken Accord an.) (sowie einen zweiten.)
979 1475 1909 1727 Achter Auftritt. —
668 1591 1031 1829 vortge,
2961 259 3105 409 20
241 1713 1346 1989 Diener (tritt herein )
259 1944 1398 2119 Faustina,. Herr Norbert?
248 2056 1689 2363 Diener. Herr und Frau Rastlos.
252 2294 706 2440 Alle. Ah¬
262 2468 1675 2675 Faustina. Sie sind willkommen.
255 2605 794 2748 Diener. ab.
255 2661 3070 2937 Manuela. (leise zu Faustina.) Einen Rat! Ich fleh Dich an.
262 2877 3007 3129 Faustina. In wenigen Augenblichen, Manuela- hier kommen un¬
675 3017 1538 3227 sere lieben Gäste.
276 3073 2933 3367 (Unter den Uebrigen entstand ein Hin- und Hergerede, nur
664 3293 3031 3475 Benediktus Rauwald hat sichzurückgezogen und steht
675 3465 3024 3622 nun während der ganzen folgenden Scene ans Klavier
671 3612 1063 3790 gelehnt.
