3368 4056
2923 234 3061 400 80
674 373 2886 604 letzten Zeit in der Gesellschaft begeben hätten
264 522 2919 773 Faustina. Sie meinen wohl, ich würde dann neugierig, alles
769 710 2028 918 selbst wieder zu sehen-und
350 826 654 981 7.IV.79
779 859 2982 1047 Oh nicht so, Gräfin! Doch setzten wir den Fall,
261 938 740 1143 Alb. Luft.
730 1027 3032 1182 Manuela erzählte Ihnen von den gesellschaftlichen
743 1149 3114 1351 Triumpfen, welche- wie nenne ich nur das fabelhafte
789 1334 3098 1496 Wesen-welche Aurora -Sie sehen, ich erdichte einen
750 1453 3184 1648 Namen, weil ich bis jetzt in Wirklichkeit noch kein
756 1605 3118 1803 Weib kennen gelernt habe, das sich unterfangen dür-
769 1764 3071 1968 te Ihnen in irgend einer Weise den Rang streitig
769 1929 1262 2120 zu machen.
769 2087 2979 2275 Gut gut, -also Manuela erzählt mir von Aurorens
314 2117 736 2282 Faustina.
819 2242 1664 2424 Triumpfen. Wetter.
819 2338 3174 2553 Aurora ist die schönste, Rurora tat die geistreich
310 2378 793 2645 Alb. Luft.
796 2530 3065 2718 ste-Aurora ist die liebenswürdigste aller Frauen.
783 2695 1697 2886 So erzählt Manuela.
796 2847 2490 3025 Sonst weiss sie mir nichts zu sagen?
327 2863 756 3038 Faustina,
845 2952 3058 3177 Oh doch! Alle Männer liegen vor Aurora auf den
320 3018 806 3190 Alb. Luft.
746 3104 3098 3309 Knten.Feurige Jünglinge verlassen die Mädhen, denn
826 3266 3108 3454 thr Herz bis jetzt gehört und schmachten in Auro
809 3435 3071 3613 ras Fesseln.Für kein sterbliches Wesen waren die
