3416 4168
2756 184 2934 458 140
238 358 2983 741 Amand. Fahrt hin Träume— in meine Arme Wirklichheit, Gegen
688 607 3019 830 wart- ( umfasst Faustina) Lass mich Dein Antlitz
695 773 2952 940 schauen, in die Augen blichen. O wie süss ist es
710 880 2952 1114 jetzt zu lieben— Aber wenn ich dies Weib gesehen
702 1022 3065 1252 hätte in innerer Leerheit, die Brust gefühllos, hin¬
710 1224 3097 1451 dämmernd die trüben Tage — und ich hätte dies Weib
713 1359 3132 1586 gesehn, dessen Augen, desser Lippen. dessen Busen m
749 1490 3051 1721 mich einstens rasend gemacht,- das Weib, das mich
713 1642 3044 1905 zuerst empfinden lehrte, was am tiefsten, erschüt¬
688 1862 1284 2015 ternsten ist¬
734 1937 2817 2210 Ich will mit Dir bis zu den Toren der Stadt.
270 2029 702 2192 Fadstina.
255 2082 3111 2331 Amand. Geh mit mir, Faustina- Wie wohl ist mir, dass ich Dich
766 2235 2969 2487 habe.- Ich kann nun so ruhig zu Marte sprechen¬
741 2441 3005 2646 Ich danke Euch, Martz. Aber ich will gleich fort.
770 2561 3101 2795 Es ist besser, Faustina, Du bleibst hier. Vor Mit-
745 2732 2196 2937 ternacht bin ich wieder zurück.
1203 2902 2011 3072 Vierter Auftritt.
394 3051 1465 3264 b. IV. & Maria. Faustina.
287 3182 1962 3374 Faustina. (sieht Maria fragend an )
287 3338 1745 3565 Maria. Er spricht die Wahrheit.
294 3381 3101 3682 Faustina. Wenn ich meiner selbst gedenke, kann ich ihm nicht
752 3675 1107 3877 zürnen.
