3368 4056
2752 162 2935 310 114
701 285 3059 525 Wohl der Tanzkunst und ihrer schönsten Vertreterin,
698 444 1639 638 Fräulein Constantia.
215 543 3016 828 Constantia. ( erhebt sich ebenfalls) Ich trinke auf das Wohl
662 754 1565 969 aller Flötenbläser!
659 895 2932 1071 dto. ) Auf das Wohl der kunst und aller Künstler?
204 842 564 1092 Albinus
197 1025 3027 1247 Alb. (in den Constantia eingehängt ist) Nicht wahr Sie blei
655 1230 2981 1406 ben hier? Constantia und ich machen einen Rundgang
708 1332 2667 1554 durch den Saal. Adieu, wir sehen Sie bald.
204 1505 2326 1705 Constantia. Adieu, herr Mückel  ( beide ab )
197 1702 2893 1829 Mücke (verdutzt das Glas in der Hand ) Adieu, Herr Mücke.
652 1822 2773 2019 Jetzt bin ich wieder ganz allein, das ist ein
673 1970 3052 2118 schauerliches Gefühl. Aber sie kommt ja bald wieder.
652 2114 2861 2290 Hm, diese Constantia - ein fesches Wesen, - das
655 2241 2911 2516 wäre eine echte Künstlerliebe. Nun will ich aber
659 2403 3002 2593 auch selbst ein wenig im Saal herum- So - so- noch
673 2583 2562 2826 eine Erfrischung- und dann— ( er trinkt )
1110 2727 1885 2897 Achter Auftritt.
201 2808 2801 3062 Mücke. (erblickt, sobald er getrunken hat, Apollonta )
201 3023 1557 3228 Apollonia (lächelt ihm zu )
194 3207 969 3372 Angela ( kommt )
194 3259 2900 3584 Müche (lächelt) Guten Tag, meine Daren (Wetts nicht was
