3416 4104
691 361 3117 653 von ihren Reizen gefesselt und wie noch niemals fühl
680 597 2142 750 ich mich zu ihr hingezogen,ach¬
257 743 2937 948 Alb. Ambrostus! - Ich bitte Dich, ich beschwöre Dicht, lass
628 857 1590 1062 Dich nicht umgarnen!
628 1010 2430 1218 Warum missgönnst Du mir die Seligheit?
253 962 545 1180 Ambr.
580 1173 3048 1406 Ambrostus, mein teurer FreundlWende Deinen Blick von
264 1149 483 1347 Alb.
701 1288 1097 1465 the way!
601 1472 3037 1628 Im Augenblick, da Manuela mir sagte, sie sein in die
264 1507 514 1645 Ambr.
729 1600 3131 1805 Kirche gegangen, da ging ein seltsamer Schauer durch
687 1795 3187 1923 meine Brust. Und als ich sie kommen sah, da wusste ich
691 1937 3076 2076 was jener Schauer bedeuten sollte. Es war die Liebe.
271 2041 2909 2253 Albinus.Mein teurer Freund.Ich bin überzeugt, dass diese
687 2229 2978 2437 Schwärmerei nur eine Folge Deiner Doppelsgele ist.
698 2388 3027 2555 Versenke Dich in die Reize einer andern Schönheit.
642 2537 2954 2763 Bestrichen Dich Manuelens Augen nicht? Sie sah auf
632 2721 909 2864 Dich.
594 2864 1229 3072 Oh, Faustina,
264 2833 535 2996 Ambr.
264 3003 2298 3235 Albinus. Du bringst mich dem Wahnstnn nahe!
264 3152 1007 3322 Ambr. Faustina!
257 3301 3051 3489 Ambtnus Ambrostus, ich bitte Dich. ich flehe Dich an/Glaube
705 3450 2916 3686 der plötzlichen Wallung Deines Herzens nicht, Du
3034 240 3180 437 34.
