3336 4104
2673 233 2848 385 126
657 398 2942 579 war ich ausserhalb der Stadt. Die Nacht war mond
667 521 3019 754 hell und ich sah aus der Ferne eine Retterin heran-
680 657 2851 900 sprengen. Ich blieb stehen und itess sie an mir
673 819 2994 1042 vorüber. Faustina rief ich aus - und sie war es ge¬
706 990 2896 1188 wesen. Dann brach ich in ein lautes Lachen über
663 1139 2900 1385 mich aus, -dass ich so töricht gewesen sie, eine
680 1304 2858 1502 ganze Nacht lang zu denken, sie ### das einzige
676 1450 2395 1670 Weib, das man auf Erden lieben könne.
589 1605 2922 1806 Ihr Benehmen war sehr freundschaftlich, sehr offen
207 1650 515 1854 Amand.
693 1738 2913 1961 ich muss es Ihnen gestehen. Ich bin entsückt von
689 1913 2832 2094 Ihrem biedern, männlichen Wesen, dass ich Sie
696 2055 2544 2259 bitten werde, mir Rechenschaft zu geben.
738 2181 3136 2414 ruft ganz kalt) Würfel! - Setzen wir uns, lieber
233 2256 634 2424 Benedict
689 2405 1078 2579 Amandus.
709 2524 2133 2725 (die Würfel werden gebracht. )
702 2654 2871 2867 Wer die niedrigere Zahl wirft, muss die Freund-
699 2822 2858 3010 lichkeit haben, diese schöne Welt zu verlassen
706 2984 2511 3162 und zwar innerhalb eines Zeitraums von-
243 3117 2838 3295 Amand. Von oberundswanzig Stunden. Wollen Sie beginnen?
239 3285 2010 3492 Benedict. Bitte, wie es Ihnen beliebt.
239 3424 1197 3660 Amand. Würfeln Sie!
