4131 4520
939 229 2357 376 tauvais oli ommuksiaauvaaapu-
1893 285 2013 361 - 4 -
992 317 3170 493 Hanses einer ausgedehnten Kleinhaus siedeling
1001 384 3237 610 ähnlich sieht, kratzt man sich gleich das Ohr
1007 549 3270 678 und fragt: — Ste... v. 0.... ist der nicht des
499 493 649 678 i'y
1007 602 3305 784 Steer, dessen Quaszmutter., oder dessen Kanarien¬
1021 725 3290 880 vogel..., over dessen Delikatessenhändler...? und
1018 831 3290 977 so weiter. Das das ein scheint mir hier über¬
1021 913 3317 1086 haupt etwas foncloser als sousteri, aber intimer,
1036 1051 3317 1215 "gemütlicher", friedlicher, wenn man will. Ja, ich
1024 1151 3311 1291 liebe mein hand. Sie kennen es. Abgesehen von
1021 1242 3267 1418 gewissen Feilen der "Juszstätte" spürt man
1027 1347 3281 1497 überall einen Bauch von wohltuender Bühe.
1036 1432 3311 1605 Io gar zu dieser wilden Zeit, wo der Finanzmi¬
1048 1547 3296 1723 nister mit vielem Kopfzerbrecher sein Budget
1030 1614 3302 1823 aufstellen müssen? Hier gibt es keines Antise¬
1039 1761 3305 1917 mitismus, hier schlägt man sich nicht mehr
1033 1840 3252 2034 hier wohnen nur wenige Hochstaples, hier
1039 1972 3311 2137 treibt man dolitik, sowohl, aber so harmlos.
1423 2090 3325 2236 oh - dies alles hat auch seine Schatten¬
1027 2190 3317 2366 seiten, ich weisz. Zum Beispiel - da verzeihen
1033 2292 3322 2492 Sie mir die nahezu boshafte Bemerkung - den
1036 2389 3358 2571 Dichtern wird es ausgezordentlich schwierig, einen
1021 2527 3284 2715 leicht ausprechenden Stoff aufzufinden. Man
1033 2633 3302 2797 hann ja nicht immer unsere göttliche Ruhe
1051 2756 3349 2906 verheurlichen! Daher verfassen sie entweder et.
1042 2847 3378 3014 was Gleinbürgerliche, dichte Romane, oder flüchten,
1039 2941 3349 3108 sie sich in die Vergangenheit. Daher schimpfen
1030 3070 3369 3234 die Kritiker und weisen neidisch auf das Ausland
1027 3140 3390 3325 hin, namentlich auf Frankreich, das, trotz mancher
1042 3249 3311 3454 politischer Zänherei, bei uns immer einer Stein
2093 3408 2266 3507 — —
1048 3396 2063 3540 im Brett gehabt hat.
1421 3425 3387 3619 Mein Geschreibsel wird je fast wichtig Auerich.
1042 3537 3369 3686 Und ausgemein lang weile ich Sie mit Sache, die
1060 3631 3399 3807 Ihnen längst behännt sind. Machten Sie unseren
