4124 4471
2621 160 3441 330 ʒ ̃
1771 190 2202 324 xyz
568 220 1096 416 ʼos
1052 401 3441 657 und schreibe ich jetzt sie ganze Geschichte seelenruhig
1076 535 3381 746 und freudig hin. Überdies habe ich wenig Zeit
1079 660 3423 841 gehabt. Ein Brief an Sie ist, bei alles Un¬
1090 749 3438 924 verschämtheit meines „stils“, bei weitem kein
1093 912 3459 1037 Zettelschen an den Buchhändler, zumal ich auf
1093 978 3470 1165 Deutsch zweimal langsamer schreibe als auf Nie¬
1093 1135 1762 1313 verlandssch.
1655 1325 3340 1536 Meiner groszen Freude über Ihre
1123 1500 3494 1616 baldige Antwort habe ich nun noch nur mangel.
1108 1607 3381 1741 haft Ausdruch gegeben. Wenn ich auch etwas
1138 1685 3494 1875 lange gewartet habe - Sie so müssen Sie nicht glau¬
1126 1809 3459 1970 ben, dass ich die schöne Gelegenheit, Ihnen noch
1144 1913 3491 2095 einmal eine & landerei zu schicken, verpassen möchte.
1150 2044 3482 2175 Ersten schon, weil ich mich selbst so gerne schrei¬
2038 2160 2208 2237 DATES DES
2933 2142 3034 2231 G.H.P
1144 2139 3363 2300 been seke) ist es nicht besser, das nun und weg
1144 2276 3411 2428 einangestehen, wenn es so ist?), und zweiten
1171 2380 3358 2543 (es ist zweifelhaft, ob das nicht, ersten sein
1165 2514 3435 2722 mursgte), weil Sie... je, das finden Sie schon
1168 2630 2430 2820 in meinem ersten Brief...
1682 2734 3488 2936 Bisher befaszten sich meine Worte an
1153 2882 3488 3028 sie nähern nur mit dem Versuch, ihre Existenz
1165 2977 3426 3179 zu motivieres, in welcher Hinsicht sie eine
1183 3051 3512 3262 ganz normale, irdische Erscheinung bildeten. Aber
1162 3200 3512 3346 haben sie, zum Beispiel, denn eine Ahnung, wie
1177 3310 3453 3467 alt ich eigentlich bin. Meine Worte müssen ja
1180 3369 3551 3580 wohl einige - vielleicht ganz brügerische - Anhalts¬
1186 3500 3539 3708 punkte in dieser Richtung geben. Frügerisch in¬
1180 3613 3500 3806 so weit, weil ich mir immer gedacht habe, dass
2731 3726 3491 3907 --:-in aufge¬
