4167 4456
1829 128 2015 250 aie
1641 145 1734 247 be
2047 134 2619 302 2.
1156 253 3383 424 ich wieder an, was ist es beim -... Verlehrung
1156 369 3377 497 nein, nicht völlig richtig; meines. Glaubens
1153 453 3458 659 auch nicht völlig richtig. Das rechte Wort fällt
1150 592 3348 717 mir nicht ein; ich glaube, das vorige Mal
1141 691 3217 845 nannte ich es nur "Sympathie schlechthin.
1591 830 3458 1008 Retyt, da ich Ihre Dostharte habe, zweifle
1141 918 3415 1127 ich nicht mehr, und glaube ich, zu wissen dass
1150 1066 3464 1246 meine I landerei ihren Zweck (!!!) nicht verfehlt
1127 1124 3421 1394 hat. Mein erster Imperls nach dem Empfangen
1153 1246 3392 1440 war beim auch dieses: „Sogleich antworte ich
1141 1350 3426 1539 in Jauchzenden Fone." Aber...! Nun kommt
1141 1495 3403 1693 es, ganz aufrichtig: ich hab' nicht alles lesen
1153 1588 2149 1751 hönnen. Den letzte
2741 1652 2898 1716 A.M.
2140 1632 2866 1812 Satz nicht...
1844 1719 2155 1818 G.C.H.F.P.
1594 1713 3363 1911 Oh - Sie sind mir wohl nicht böse
1153 1847 3351 2038 und fühlen mit, was für ein peinlicher Fall
1141 1972 3232 2097 daraus wurde? Es gab mir die hilflosen
1141 2056 3365 2233 Empfindungen eines Menschen auf der Strasze
1144 2178 3444 2364 ter glaubt einen Gunz, welches ihm nicht gegolte,
1144 2326 3339 2465 hat, erwidern zu müssen. Er hält die Hand
1144 2416 3455 2642 schon an dem But um diesen zu lüften; bemerkt
1121 2518 3389 2727 die wahre Sachlage, weil ein anderer sich schon
1144 2677 3400 2840 tief verneigt; wird rot, und versucht sich aus
1132 2791 3429 2973 der Verlegenheit zu ziehen, indem es seine Kopfbe¬
1127 2901 3464 3142 teckung festes an die stirn preszt, als ob es ein
1130 3017 3444 3197 heftigen Windstsez gäbe. Natürlich ist die Ab¬
1124 3116 2120 3290 mosphäre totenstill...
1603 3246 3365 3464 so ein Mensch war meine damalige
1112 3348 3290 3563 Begeisterung: sie schämte sich wegen ihres
1135 3418 3435 3691 Fehlers. Ich sah sie tief erschüttert nach Hansel
1710 3653 2811 3804 .......
2991 3633 3505 3795 geoondet
2294 3757 3296 3917 we am aufge¬
