4131 4520
2772 211 3318 381 à la nouvelle ses avec laaville.
858 243 2295 407 ̃ ̃
1225 306 2318 448 uusquammen oli
1916 361 2078 468 - 1 -
2329 434 3477 653 Haag, den 6. Juni 1924
853 477 1222 717 loyen
2503 546 3442 780 van Speijkstraat 147.
1506 971 2809 1196 sehr verehrter Herr Doctor
2286 1289 3491 1494 Warum ich Ihnen eigent.
1248 1402 3511 1607 lich übreibe, ist mir selbst nicht völlig blar.
1286 1578 3471 1783 Es liegen ja Gründe genug vor, sie mich
1289 1673 3549 1878 davon abhalten sollten? Ich habe mir sagen
1292 1829 3537 1974 lassen, desz Schriftsteller, das heiszt geringe und
1286 1933 3523 2098 berühmte Schriftsteller, recht viele Briefe be¬
1277 2032 3508 2225 kommen, von Kerehrern, von Neidern, von
1277 2170 3529 2321 angehenden Nichtern, die ihre Prävnkte nur
1269 2303 3584 2520 Grüfung hinschicken — Briefe, die ihnen gleich¬
1289 2425 3511 2615 gültig sein müssen, die sie begreiflicherweise
1280 2546 3540 2699 in sein Papierhorb einen schnellen und sanften
1266 2641 3540 2803 Tod sterben lassen. Was liegt mir seine daran
1266 2734 3523 2982 die Angabe jener Briefe um einen zu vermehren
1855 2893 3555 3078 Dann kommt noch, dasz ich, gebüh
1254 3006 3584 3191 tiges Niederländer der niemals die vötliche Grenze
1257 3133 3572 3292 seines Vaterlandes überschritt, die deutsche Sprache
1269 3271 3517 3422 gar nicht, beherrale, wie man zu sagen pflegt
1269 3367 3451 3529 und daher ein voraus schon Abbitte leisten so
1260 3465 3364 3682 wegen aller etwaigen Sprach-, Stil-, und
1260 3624 2040 3821 graphie fehler. -
1231 3870 1488 3971 des
