4124 4471
3079 152 3345 236 Deine
3079 210 3441 295 ʼoì ole ettär ole
2901 155 3012 295 B
633 210 2849 406 ~ 1 1/2 1/4
2980 266 3202 458 28/1
3295 292 3435 476 24
683 388 925 639 Ogen
1080 412 3421 575 meine Auszeungen überhaupt einerseits gar zu grosz¬
1092 581 3418 703 väterlich, und andrerseits gar zu knabenhaft seien.
1567 665 3427 808 Mein Alter Auf natürlich nichts zur Pache,
1109 750 3371 908 - wenn zwischen uns von einer „Sache“ die Rede
1795 852 3424 1013 "Uns" ist gut, dürften Sie wohl denken."
1103 876 1702 1057 sein darf.
1112 972 3432 1115 Nein, wirklich nicht: Dank der gröszen Entfernung
1112 1095 3412 1238 Wien - Haag, die alle Überflüssigkeiten, das tat¬
1118 1223 3427 1357 dächliche Material, aufschlucht, kann ich, Ihnen
1127 1325 3362 1465 regenüber, fast unstofflich bleiben. Ich bin
2992 1392 3155 1456 a e ee e
1127 1427 3380 1564 der verborgene Glanderer, der nur ins Blane
1474 1529 1926 1620 le reste de l'année avec les mêmes.
2084 1535 2207 1614 7
1340 1556 1439 1620 Pour le dernier
1118 1529 3438 1664 hinein redet, und freue mich über meine Nalle.
1608 1652 3403 1827 solches verhindert jedoch nicht, dan
1121 1795 3441 1926 ich eine Gelegenheit, sie zu sehen und zu sprechen,
1141 1877 3450 2029 deren etwaiger Möglichkeit sie so freundlich er¬
1150 2017 3462 2139 wähnung taten, dankbar begrüssen würde. Jeden¬
1156 2128 3438 2253 hen Sie unsere friedlichen Gegenden nicht noch
1165 2207 3392 2393 mal zu besuchen? Augenblicklich tritt ihre
1168 2306 3467 2496 vier jährliche Veriste der Erschütterung allmählich
1156 2437 3397 2601 ein: die Wahles. Retytere werden zwar erst
1156 2560 3479 2714 im Sommer abgehalten, aber in den Küchen der
1162 2697 3427 2846 politischen Parteien fängt es schon zu Alirren¬
1433 2790 2020 2878 lʼauteur somma lʼaccembre de la
1165 2805 3453 2933 und zu klappern an. Viel kärm um weniges,
1165 2895 3470 3056 denn das Darlament ist - abgesehen von einigen
1156 3024 3435 3176 aufgebauschten hänkerzien - der getreue Spiegel
1147 3152 3470 3333 des handes. Berkommen, Ordnung, Rieke und
1217 3266 2026 3453 Zeschymässigkeit.
1658 3351 3453 3538 Und tann behlage ich mich noch oft
1153 3482 3473 3686 über die Ermüdungen der Stadt und freue mich
1156 3593 3441 3789 so von Herzen, wenn ich im Sommer einige
2665 3727 3438 3905 -- - - - in augge -
