4151 4504
601 70 3425 320 Die wiederholt zu bezahlt ist würckt werden, ein
3137 186 3432 418 1,1
783 358 969 509 ye
1082 376 3404 548 entnommen wäre... Und belehren mochte er doch
1082 513 3449 667 keinesfalls. Er war nur ein Teil meiner Leistes¬
1092 653 3428 776 geschichte; wie das Sitte ist, in übertragener Dorm.
1096 734 3383 892 Während ich dies überlege (sie bemerken wohl,
1106 850 3425 1001 dass ich nach und nach toch immer Wichtig¬
1106 959 3421 1096 herten in meine Haudereien flechte), führen
1113 1071 3404 1264 meine Gedanken mich zu einer definition des
1110 1198 3421 1391 Briefes : ter „Brief”, im engs bei Sinne, (jetzt
1932 1317 2174 1409 DATES DES
1113 1363 3432 1514 " werde ich sogar arrogant) zeigt, in Hinsicht
1131 1454 3456 1612 auf diese Geistesgeschichte, eine seelische Ebene¬
1124 1563 3228 1746 wie Novellen und Dramen seelische Gebirge.
1405 1728 3428 1949 Jetzt ist es aber bestimmt aus mit meiner
1103 1826 1721 2044 brechheiten!
1437 1935 3439 2174 Dankbar neime ich mich, mit furchts.
2111 2146 2694 2343 vollen Grüsz,
2216 2332 2975 2557 Ihr Ergebenster
2002 2504 3267 2838 Hermann J. H. van Oyer.
