4124 4488
603 67 3338 240 Toutefois au moins de l'année en l'auteur ses mâme.
543 159 3370 303 F.T.K.R.C.S. V. R. W. C. P.D. RieC.P.F.Rudemann
1925 349 2735 575 halten brauchte.
1029 345 1392 582 türmten.
1438 349 1882 557 kram zu
2334 501 2499 656 1: 1
1526 638 3402 814 Immer rede ich nur von mir selber, und
1026 779 3370 955 das zu einer Zeit, sie sich wieder völlig den ge¬
1022 892 3419 1029 selligen Instrukten zuwenden will, den Individus¬
1029 994 3409 1146 lismus für gestorben erklärt und ihn verspottet.
1036 1117 3384 1297 Aber ich habe auch nur wenig Verständnis für
1040 1223 3430 1350 Ideele wie ein derartiges Gemeingefühl. - Übrigem
1043 1332 3409 1449 ein blöder Kampf, meine ich, der zwischen den
1061 1417 3423 1562 mächten u "Individium" und "Gesellschaft". Beide:
1068 1544 3426 1692 Daseinsberechtigung wird ja niemand in Abrede
1047 1629 3356 1840 stellen können, und lassen sie sich beide, zu
1075 1766 3388 1956 verschiedenen zwicher, nicht hübsch gebrauchen.
1054 1889 3363 2044 Nur scheines die Leute immer das Bedürfnis
1089 2020 3451 2143 zu empfinden, einem von beiden als absolutem.
1061 2126 3426 2291 Herrscher zu huldigen. Ist es denn so schwierig
1072 2217 3444 2386 over nur dumm, jeden "Fall" an sich zu betrach.
1068 2344 3447 2492 ben, und dann einfach zu konstatieren daz die
1096 2464 3409 2654 gruffe von Fällen ein vornügliches Ganzes ist.
1072 2559 3310 2728 und bleibt? Freilich mussch man die eigenen
1068 2714 3395 2862 Wünsche dazu, etwas kritischer als allgemein
1082 2813 3409 3000 üblich, früfen, und nicht glauben das, einem
1086 2908 3384 3165 die Direction der Welt persönlich an vertraut
1100 3077 1586 3285 sei.- - -
1544 3239 3483 3465 Ich will nur aufhören. Immer weiter,
1050 3405 3257 3578 schreibend, habe ich meinen Fest sogar fast
1068 3511 3204 3694 daregraphen eingeteilt, als ob es einem hei¬
