4151 4520
768 358 2547 554 ̃ 1 1 1/2 1/4
3095 367 3300 533 616.
1907 450 2121 530 - 5 -
946 481 3404 640 vorgeliebtes Aufs nicht im Verbot des Jahres ein.
612 511 750 695 "   17
1142 634 3450 762 so zusagen offiniellen Besuch, wo bei eine grosse
1148 680 3410 854 Menge von Literaten über Sie herfiel? Halten
1160 814 3432 973 Sie meine Worte nicht für einer Seitenhiel auf
1163 909 3432 1068 die guten Leute -, wein ich irgend ein Recht
1172 1001 3364 1224 dann gehabt hätte, wäre ich auch gekommen
1681 1099 3478 1252 nun, damals sah ich Sie. Ich wohnte
1169 1206 3462 1436 Ihrer hiesiger Vorlesung bei, im Saale "Dili¬
1179 1332 3373 1509 gentia". Vielleicht erinnern Sie sich an das
1179 1448 3450 1632 farblose aber reinliche hohal, auf welches die
1182 1543 3484 1696 scheryhafte Bezeichning "Diligence", dortkutscher
1182 1622 3468 1834 wahrhaftig besser zutrifft. Alle groszen Mu¬
1194 1772 3334 1941 siker pflegen daselbst ihre Friumphe zu
1194 1877 1497 2036 feiern
1668 1907 3462 2063 Als Sie vor den 3 ult. standen, und
1145 2033 3435 2186 alle hörten unter dem berühmten Knarren der
1176 2109 3349 2299 sitzé, das eine Spezialität des Hauses ist
2743 2226 3484 2366 zu, war es mir
2195 2238 2755 2339 Nirtenflote
2627 2311 2752 2369 G.C.H.F.P
1191 2271 2290 2400 Threr Vorlesung der „
1172 2320 3447 2492 noch ein Erlebnis, das sich nicht sonderlich
1182 2400 3471 2593 von anderen der gleichen Art abhob. Ich kann
1203 2550 3395 2697 nhm sagen: "Ihr Ausgeres stimmte mit dem
1182 2596 3493 2798 eines liebenswürdigen Professors überein. (Nachher
1191 2737 3475 2896 bemerkte ich wie das kam: Sie bedientes sich
1200 2844 3484 3028 zum Lesen einer Baille). Aber später..., und
1197 2911 3505 3092 was ich jetzt zu sagen gedenke wird. Ihnen wahr
1172 3064 3514 3175 scheinlich etwas schwärmerisch erscheinen -, später
1160 3147 3447 3303 als Sie wiederkamer, uns „die letzten Masken
2859 3239 3037 3303 aussi un
1185 3248 3511 3404 vormulesen, da standen sie einen Augenblick lang,
1179 3373 3444 3527 hielten das Buch in der Stand - Sie wandten
1166 3450 3493 3618 sich eigentlich nur nach dem d ult um aufzu¬
1166 3576 3484 3722 schlagen - und lächelten... genau so, wie ich das
1169 3640 3459 3833 Ihnen immer zugetrant hatte. Den Moment
1169 3750 3499 3931 vergisse ich nicht leicht; es erfüllte mir sozusage.
