4124 4488
968 120 3425 337 xihx
968 243 3498 429 (v. 2)3
631 218 987 442 ̃
3065 300 3488 520 28/12 21
1946 347 2063 517 7
896 416 1028 583 re
1157 416 3479 634 wo sie sich berühren, hat man eines so schönen
1164 606 3488 710 Ausblick in die Ferne, over einen so ruhigen in
1170 694 1753 852 das Nichts.
1602 763 3494 943 Mit vierzehn Jahren war ich Darwinert
1810 905 2422 987 G.C.M.
1189 915 3494 1038 mit fünfschen Togialist, mit achtgehg Theosoph,
1208 1012 3453 1161 mit zwanzig Philosoph (glaubte ich, nämlich).
1192 1161 3419 1284 " Kindereien", kann man sagen. - Ja, richtig.
1198 1239 3371 1369 Es war jedoch jedes mal furchtbar ernsthaft
1211 1331 3422 1536 so ernsthaft, dass die Anhäufung des vielen
1224 1466 3498 1593 Ernstes ein gewaltiges Material zum Brennen
1230 1571 3507 1687 lieferte. So ungefähr wie man durch das Auf¬
1208 1675 3539 1810 schichten von Reisbündeln einen Scheiterhaufen
1211 1810 3532 1927 bekommt. Einen Fumben brauchte es nur noch¬
1230 1899 3475 2100 Der kam - ich wenig nicht mehr, wie -; der
1230 2025 3523 2220 Kaufen fing Feuer. Während dieses hoch auf loderte,
1227 2135 3498 2293 stand ich dabei und weinte, fleunte... lange Zeit
1233 2268 3472 2416 Gegen solche Feuersbrünste kann man sich nicht
1224 2387 1684 2532 versichern
1700 2469 3551 2649 Und nun das banale Ende des Märchens:
1239 2624 3542 2756 als alles niedergebrannt war, fand ich, unter den
1249 2728 3557 2864 verkohlten Resten, den Diamanten meiner hind¬
1243 2813 3583 3012 lichen Zuversicht wieder. Er war ja auch Kohlen¬
1249 2946 3491 3135 stoff und fühlte sich ganz wohl. Als ich ihn
1249 3075 3548 3185 aufhob, glitzeste und geänzte er, lächelte mich
1252 3204 3576 3330 an, tröstete nicht nur, sondern entzückte auch.
1265 3267 3570 3482 Da lachte ich mit, lang - nicht laut, aber mit
1252 3387 3564 3580 allen Fasern des heibes. Den Diamanten steckte
1255 3516 3589 3693 ich in die Westentasche und eilte davon, ganz
1280 3655 3554 3810 fach dan ich nimmer Wache bei dem aufge¬
