4152 4471
2831 127 3427 237 3.0 ̃
1797 181 3480 359 · ̃ 1 1
678 184 1390 370 xyz
3141 302 3240 427 21
1017 333 1249 500 dazu
3373 288 3472 520 25
1215 407 3418 551 kommen und überlegte. Die Freude auf meine
1232 528 3415 684 balvige Antwort war mir durch eigene Schuld
1232 655 3435 814 verdorben. Warum hatte ich nicht zuerst ruhig
1229 802 3478 955 und bedächtig zu Ende gelesen? In spät, diese
1251 864 3348 1065 Erwägung. - Ah, da kam mir ein neuer
1237 977 3475 1178 Hoffnungsgedanke: vorläufig würde ich die Karte
1243 1105 3461 1249 hinlegen; vielleicht, wenn ich sie nach einigen
1237 1212 3503 1384 Tagen aufnahm, wurde mir plötzlich alles heut¬
1251 1325 3376 1506 lich sein. - Dieser schlaue Trick hat mir
1251 1446 3472 1607 nichts genützt. Wie ich vermutete, suchte, auf
1257 1568 3319 1757 die Worte stierte - keine Spus des Verstekens.
1650 1681 3492 1887 Also, da gab es erst recht Schwerigheiten
1249 1808 3452 1980 nicht antworten wollte ich nicht; antworben
1246 1955 3509 2124 mit unschuldiger Miene, als ob ich alles verstan¬
1249 2102 3449 2240 ten hätte, wollte ich auch nicht; rundweg
1246 2209 3503 2390 schreiben: „ ich kann es nicht lesen, wäre zwar
1243 2348 3461 2463 ganz auf richtig gewesen, aber hätte mich doch
1249 2480 3509 2607 nicht befriedigt. In solchen Fällen kommen einem
1254 2557 3478 2740 so sonderbare Gedanken: ich fürchtete, damals,
1263 2723 3511 2873 sogar, dan sie hinter meiner aufrichtigen Äuszern
1254 2800 3458 2944 eine Anzüglichheit vermuten könnten! - Die
1251 2927 3509 3108 bürgerliche Möflichkeit veranlaszt oft - dies wird
1257 3043 3492 3184 ein Satz aus einem schlechten Roman der sitt¬
1251 3156 3452 3356 licher Entrüstung! - Daz man es mit der
1257 3283 3492 3478 Wahrheit nicht zu genau nimmt, und sein
1254 3413 3526 3582 kultus des Um keinen preisverletzen. Frondienste
1254 3514 1627 3681 leistet.
1689 3588 3531 3763 Nun, darum habe ich so lange gewartet
2932 3749 3449 3904 uunze
