4168 4504
1327 158 2917 380 Die wiederholt aus dem Herrn Prof. Riecker
1880 272 2059 368 3 —
3016 188 3150 371 619
756 266 3156 538 Foyer nun einmal eine ganz bestimmte Neigung
986 472 1261 634 Sie.
2839 511 3255 693 Hiner so
1542 508 2803 732 Eigentlich ganz seltsam,
1046 675 3365 831 etwas ohne Weiteres anzuzeigen. In anderen Fällen
1061 771 3321 935 blänge es fort wie eine Unverschämtheit - Sie
1070 894 3318 1040 sind ja älter und weiser als ich. Und es ist
1070 1013 3371 1115 wohl nicht zulässig, einem Älteren und Weiseren
1061 1106 3365 1240 schlechthin zu sagen, dass man ihn „sympathiset
1061 1207 1390 1387 findet.
1545 1294 3359 1482 Freilich, mein Brief auf Gerstewohl
1073 1444 3374 1548 überhebt mich vieler Strüpel. Würde ich es beim
1067 1536 3380 1659 wagen, einem niederländischen Autor - gesetzt
1067 1692 3371 1784 es gäbe einen dazu geeigneten; sub rosa hinzu
1061 1757 3318 1874 gefügt : es hat eines gegeben, bei im vorigen
1073 1853 3057 1982 Jahre hinschied - dasselbe anzubeuten
1064 1919 3374 2089 0, nein! Und zwar aus ganz gewöhnlicher Feig¬
1067 2056 3368 2170 heitsgründen. Grüge ich doch das Reichs, dass
1055 2161 3392 2295 sener Heer sich vor meiner Leidringlichkeit schützen
1058 2259 3285 2400 oder meine „Verehrung“ fördern wollte. Im
3494 2355 3575 2478 G.P.
1061 2340 3368 2502 ersten Fall schriebe er mir einen grimmigen Brief
1049 2481 3377 2603 wie ein Deitschenhiel des Sarhasmus – maij kann
1046 2588 3404 2717 ihn zerwissen, aber unangenehm bleibt es; und
1052 2696 3285 2803 im zweiten Fall gestattete es mir sogar eine
1031 2771 3353 2944 Unterhaltung, bei welcher ich unbedingt ent¬
1025 2863 3359 3016 läuschen musste. Beides vermeide ich nur lieber
1488 2971 3294 3123 weiter - ich nurz es offen gestehen -
1034 3063 3401 3213 wirkt das deutsche Sprachgewand meines Ergusses
1034 3186 3270 3341 wie ein Schleier. Banalitäten sind mir auf
1028 3318 3410 3413 Bolländisch weit verharztes als auf Deutsch; Ihnen
1031 3368 3165 3524 natürlich nicht - da kann ich nichts dafür.
1515 3398 3404 3601 Im Übrigen, Sie leben in Wien, von Ihnen
1019 3557 3356 3739 fürchte ich weder Deitschenhiet noch Unterhaltung
1037 3619 3383 3835 Sie hennen mich nicht. Bier, in Holland, das als
