4169 4472
1100 166 3426 307 ̃ 1 1 1/2 ̃ - 1/3
1963 242 3488 440 ̃ ̃ 1
603 275 1047 387 auch die wäre
1100 290 1901 352 —   —    =================...
609 334 1898 470 ................................. ̃̃
1117 470 3459 636 beschen in wunder voller Zurückgezogenheit auf dem
1120 606 3474 739 kande zubringen barf. Meine Ferien verlebe ich
1132 698 3412 851 häufig in einem entlegenen Winkel der Provinz
1126 795 3412 973 Brabant, hart an der belgischen Grenze; da,
1135 952 3477 1067 wo es nichts an gibt als Tannen, beide, etwas
1144 1047 3447 1162 sand und Roggen und eines wirkliches, wenn
1144 1141 3358 1265 auch kleinen, See. Nicht einmal Touristen
1141 1253 3468 1389 sicht man da; nur Eingeborene bei der Arbeit.
1156 1354 3376 1499 die sprechen eines hübschen Dalekt, beinahe
1182 1499 3477 1658 Flämisch, und verleugnen nie ihre noch ganz
1168 1570 3338 1729 natürliche Unverschämtheit, die bisweilen
1141 1709 3518 1895 überaus komisch wirkt? So geniesze ich, Ego ist,
1159 1833 3485 2007 erst recht meine Ferien: wenn jedermann in
1156 1933 3456 2087 ter nähe arbeitet, seine liebe Not hat, und
1162 2090 3494 2217 eine Sprache redet, die nur dazu geschaffen
1159 2188 3480 2318 scheint um mich zu amüsieren. Dann bin
1171 2309 3400 2427 ich wohl in derselben Stimmung wie wenn
1165 2392 3518 2542 ich – sie werden sich nicht beleidigt dadurch
1165 2525 3497 2699 fühlen - Ihnen schreibe. Ich meine den Ge¬
1180 2649 3494 2794 danker (?) : him los -, alles was ich habe
1168 2782 2158 2941 ist Gottlageschein.
1673 2838 3509 3107 Das ist trotz dem beidnisch, finde ich.
1191 3033 3426 3187 In einem Essay las ich einmal: dionysisch -
1203 3145 3512 3305 vital (der richtige Essagton). Man könnte
1212 3264 3521 3444 es auch Contemplatio-resigniert nennen - es
1230 3352 3548 3550 geht auf dasselbe hinaus. Wäre das auch nicht
1218 3488 3482 3645 eine Erklärung für die sonderbare Mischung
1218 3610 3349 3769 überlegen – grosz väterlich) ungestüm - knabt
1230 3737 3391 3950 Ich liebe dieve, extrêmes qui se touchen
