4132 4487
948 390 3253 594 1 1/2
2337 505 2530 580 7.
1714 511 1892 586 .  6
953 531 3224 701 einen Wunsch. Schrieb ich es nicht schon? - Ich
950 658 3201 807 halte Sie für einer, der lächeln kann.“ Und
970 801 1680 953 das ist viel.
1476 899 3265 1065 Damit ist sie heraus, die tache, über
976 1016 3087 1160 welche ich mich zu plaudern vorgenommen
1002 1134 3259 1238 Wirklich, ich bin nicht enttäuscht dabei ausge¬
1008 1258 3276 1349 kommen. - Eine Antwort fällt mir da ein...
1008 1321 3267 1470 Weil das wohl der schlagenste Beweis ist, dass
976 1473 3259 1553 ich keine erwarte, sei sie nur zugleich hin¬
1008 1536 3250 1677 geschrieben, wiewohl sie nicht völlig nichtig.
1476 1645 3193 1806 Ich meine die Worte des Filipps
1028 1662 1372 1795 wäre...
1438 1757 2225 1901 etwas variert?
1014 1766 1312 1901 Loschi
1355 1866 3262 2053 „Ich kenne heute von mehr Witz, die nicht
1398 2007 3279 2165 Ihn anzubringen, solche Briefe schreiben.
1037 2199 3124 2346 soll ich diese nur; als genossen betrachten!
1901 2461 3153 2665 Nur ehrfurchtsvollem Genug,
2165 2610 2868 2756 Ihr zugebenster
1955 2765 3176 2977 Herman J.H. van Oyer
