<?xml version="1.0" encoding="UTF-8" standalone="yes"?>
<PcGts xmlns="http://schema.primaresearch.org/PAGE/gts/pagecontent/2013-07-15" xmlns:xsi="http://www.w3.org/2001/XMLSchema-instance" xsi:schemaLocation="http://schema.primaresearch.org/PAGE/gts/pagecontent/2013-07-15 http://schema.primaresearch.org/PAGE/gts/pagecontent/2013-07-15/pagecontent.xsd">
    <Metadata>
        <Creator>prov=READ-COOP:name=TrHtr:version=2.1.0:model_id=51170:date=25_07_2023_12:08</Creator>
        <Created>2023-05-01T22:05:19.323+02:00</Created>
        <LastChange>2023-07-25T12:08:59.082+02:00</LastChange>
        <TranskribusMetadata docId="1416467" pageId="54947932" pageNr="8" tsid="130616138" status="IN_PROGRESS" userId="64420" imgUrl="https://files.transkribus.eu/Get?id=XFFPESJMRKWGCNANNPIDCCWX&amp;fileType=view" xmlUrl="https://files.transkribus.eu/Get?id=LULBJUUUAPWHADSRWVPASXMR" imageId="44451987"/>
    </Metadata>
    <Page imageFilename="1416467_0008.jpg" imageWidth="4131" imageHeight="4520">
        <ReadingOrder>
            <OrderedGroup id="ro_1711830105197" caption="Regions reading order">
                <RegionRefIndexed index="0" regionRef="tr_1"/>
            </OrderedGroup>
        </ReadingOrder>
        <TextRegion id="tr_1" custom="readingOrder {index:0;}">
            <Coords points="856,209 3588,209 3588,2714 856,2714"/>
            <TextLine id="tr_1_tl_1" custom="readingOrder {index:0;}">
                <Coords points="839,385 1875,291 3268,357 3274,212 842,239"/>
                <Baseline points="856,322 859,322 904,319 949,322 994,319 1038,316 1083,313 1128,313 1173,310 1218,310 1262,310 1307,310 1352,307 1397,307 1441,304 1486,304 1531,301 1576,301 1621,298 1665,298 1710,295 1755,295 1800,292 1845,289 1889,289 1934,289 1979,286 2024,283 2068,283 2113,283 2158,283 2203,283 2248,283 2292,280 2337,280 2382,277 2427,277 2471,274 2516,274 2561,274 2606,274 2651,271 2695,268 2740,268 2785,268 2830,265 2875,265 2919,265 2964,262 3009,259 3054,259 3098,259 3143,259 3188,262 3233,262 3278,262"/>
                <TextEquiv>
                    <Unicode>3 1/2</Unicode>
                </TextEquiv>
            </TextLine>
            <TextLine id="tr_1_tl_2" custom="readingOrder {index:1;}">
                <Coords points="1823,354 1854,357 1860,351 1875,351 1884,342 1893,342 1926,373 1941,373 1941,303 1923,300 1896,318 1890,312 1884,318 1869,315 1851,300 1823,303"/>
                <Baseline points="1839,340 1883,340 1928,340 1949,340"/>
                <TextEquiv>
                    <Unicode>6</Unicode>
                </TextEquiv>
            </TextLine>
            <TextLine id="tr_1_tl_3" custom="readingOrder {index:2;}">
                <Coords points="1012,503 3298,433 3298,351 3068,306 2829,376 1015,379"/>
                <Baseline points="1029,468 1068,465 1113,465 1158,462 1203,462 1247,462 1292,456 1337,453 1382,453 1427,450 1471,450 1516,447 1561,447 1606,447 1650,447 1695,447 1740,447 1785,444 1830,441 1874,441 1919,441 1964,441 2009,438 2054,435 2098,435 2143,435 2188,432 2233,432 2277,432 2322,432 2367,429 2412,426 2457,426 2501,423 2546,420 2591,420 2636,420 2680,417 2725,414 2770,414 2815,414 2860,414 2904,414 2949,414 2994,414 3039,414 3083,414 3128,414 3173,414 3218,414 3263,414 3307,414"/>
                <TextEquiv>
                    <Unicode>einen Wunsch. Schrieb ich es nicht schon? - Ich</Unicode>
                </TextEquiv>
            </TextLine>
            <TextLine id="tr_1_tl_4" custom="readingOrder {index:3;}">
                <Coords points="1021,585 1566,654 1769,557 3074,569 3265,542 3268,454 1021,497"/>
                <Baseline points="1038,573 1077,576 1122,576 1167,573 1212,570 1256,570 1301,570 1346,564 1391,567 1436,567 1480,567 1525,564 1570,564 1615,561 1659,561 1704,558 1749,552 1794,552 1839,552 1883,552 1928,552 1973,552 2018,552 2062,549 2107,546 2152,546 2197,543 2242,540 2286,540 2331,540 2376,540 2421,540 2465,537 2510,534 2555,534 2600,531 2645,531 2689,531 2734,531 2779,531 2824,531 2869,531 2913,534 2958,531 3003,528 3048,531 3092,531 3137,531 3182,528 3227,528 3272,528"/>
                <TextEquiv>
                    <Unicode>halte sie für einer, der lächeln kann.“ Und</Unicode>
                </TextEquiv>
            </TextLine>
            <TextLine id="tr_1_tl_5" custom="readingOrder {index:4;}">
                <Coords points="2732,678 2799,672 2820,654 2905,706 2938,681 2998,675 3083,697 3107,688 3114,560 3077,566 3059,551 3008,569 2947,536 2874,588 2789,557 2738,572"/>
                <Baseline points="2752,632 2755,635 2800,632 2845,626 2889,629 2913,626 2940,617 2985,617 3030,620 3075,620 3119,620"/>
                <TextEquiv>
                    <Unicode>que je suis ai parler à</Unicode>
                </TextEquiv>
            </TextLine>
            <TextLine id="tr_1_tl_6" custom="readingOrder {index:5;}">
                <Coords points="1042,748 1302,769 1448,694 1542,736 1732,691 1966,721 2178,663 2281,697 2362,672 2368,578 2099,560 1769,666 1672,609 1457,651 1287,588 1048,654"/>
                <Baseline points="1062,695 1092,692 1137,692 1182,689 1227,689 1271,689 1316,689 1361,683 1406,683 1450,683 1495,680 1540,680 1585,680 1630,680 1674,686 1719,686 1764,686 1809,686 1853,677 1883,674 1925,671 1970,668 2015,665 2059,650 2104,641 2149,635 2194,632 2239,623 2283,620 2328,626 2370,650"/>
                <TextEquiv>
                    <Unicode>das ist viel. —</Unicode>
                </TextEquiv>
            </TextLine>
            <TextLine id="tr_1_tl_7" custom="readingOrder {index:6;}">
                <Coords points="3177,703 3201,700 3223,684 3238,694 3244,688 3253,691 3265,678 3292,681 3298,672 3310,672 3289,539 3268,542 3253,533 3250,542 3241,536 3223,551 3210,551 3201,542 3183,566 3156,569"/>
                <Baseline points="3182,632 3227,644 3272,650 3316,656"/>
                <TextEquiv>
                    <Unicode>1/1</Unicode>
                </TextEquiv>
            </TextLine>
            <TextLine id="tr_1_tl_8" custom="readingOrder {index:7;}">
                <Coords points="2411,715 2438,715 2450,724 2465,715 2468,721 2481,718 2487,727 2517,733 2544,569 2529,566 2523,572 2508,563 2499,572 2478,548 2462,548 2456,554 2441,551"/>
                <Baseline points="2436,668 2451,665 2495,656 2540,650"/>
                <TextEquiv>
                    <Unicode>12/1</Unicode>
                </TextEquiv>
            </TextLine>
            <TextLine id="tr_1_tl_9" custom="readingOrder {index:8;}">
                <Coords points="3389,691 3416,688 3480,718 3501,703 3535,724 3544,715 3583,715 3583,575 3553,578 3528,557 3504,560 3489,575 3447,557 3432,566 3389,557"/>
                <Baseline points="3406,650 3451,650 3495,650 3540,650 3585,653 3588,653"/>
                <TextEquiv>
                    <Unicode>V. P.</Unicode>
                </TextEquiv>
            </TextLine>
            <TextLine id="tr_1_tl_10" custom="readingOrder {index:9;}">
                <Coords points="1542,830 3074,818 3329,784 3332,694 2699,697 2608,757 2375,694 2266,778 1545,757"/>
                <Baseline points="1561,809 1591,809 1636,809 1680,812 1725,815 1770,812 1815,812 1859,812 1904,809 1949,809 1994,806 2039,803 2083,803 2128,806 2173,803 2218,803 2262,797 2307,797 2352,797 2397,794 2442,794 2486,791 2531,788 2576,785 2621,782 2666,782 2710,779 2755,779 2800,776 2845,773 2889,773 2934,770 2979,770 3024,767 3069,767 3113,767 3158,764 3203,767 3248,764 3292,767 3337,767"/>
                <TextEquiv>
                    <Unicode>Damit ist sie heraus, die tache, über</Unicode>
                </TextEquiv>
            </TextLine>
            <TextLine id="tr_1_tl_11" custom="readingOrder {index:10;}">
                <Coords points="1045,927 3111,912 3201,890 3204,787 1869,857 1048,775"/>
                <Baseline points="1062,904 1104,907 1149,907 1194,904 1238,907 1283,907 1328,907 1373,907 1418,907 1462,904 1507,907 1552,904 1597,901 1642,901 1686,904 1731,904 1776,904 1821,901 1865,898 1910,898 1955,898 2000,901 2045,901 2089,901 2134,898 2179,898 2224,898 2268,895 2313,892 2358,892 2403,889 2448,886 2492,883 2537,880 2582,880 2627,880 2671,877 2716,874 2761,868 2806,868 2851,865 2895,865 2940,865 2985,865 3030,862 3075,862 3119,862 3164,859 3209,862"/>
                <TextEquiv>
                    <Unicode>welche ich mich zu plaudern vorgenommen.</Unicode>
                </TextEquiv>
            </TextLine>
            <TextLine id="tr_1_tl_12" custom="readingOrder {index:11;}">
                <Coords points="1069,1033 3029,972 3338,1045 3341,903 1069,963"/>
                <Baseline points="1086,1006 1104,1009 1149,1012 1194,1012 1238,1012 1283,1012 1328,1012 1373,1012 1418,1012 1462,1012 1507,1009 1552,1006 1597,1006 1642,1006 1686,1003 1731,1000 1776,1000 1821,1000 1865,1000 1910,997 1955,1000 2000,1000 2045,1000 2089,1000 2134,1000 2179,997 2224,994 2268,994 2313,994 2358,994 2403,994 2448,988 2492,988 2537,988 2582,988 2627,988 2671,985 2716,982 2761,982 2806,979 2851,976 2895,976 2940,973 2985,970 3030,970 3075,970 3119,970 3164,970 3209,970 3254,970 3298,967 3343,967"/>
                <TextEquiv>
                    <Unicode>Wirklich, ich bin nicht enttäuscht dabei ausge¬</Unicode>
                </TextEquiv>
            </TextLine>
            <TextLine id="tr_1_tl_13" custom="readingOrder {index:12;}">
                <Coords points="1084,1142 2817,1127 3332,1105 3335,1048 1920,999 1539,1090 1087,1024"/>
                <Baseline points="1101,1107 1104,1104 1149,1104 1194,1104 1238,1107 1283,1107 1328,1110 1373,1107 1418,1107 1462,1107 1507,1107 1552,1110 1597,1110 1642,1107 1686,1098 1731,1098 1776,1101 1821,1098 1865,1098 1910,1101 1955,1098 2000,1095 2045,1095 2089,1098 2134,1098 2179,1095 2224,1095 2268,1095 2313,1095 2358,1092 2403,1092 2448,1089 2492,1086 2537,1086 2582,1089 2627,1086 2671,1086 2716,1083 2761,1083 2806,1080 2851,1080 2895,1080 2940,1077 2985,1077 3030,1074 3075,1074 3119,1074 3164,1071 3209,1071 3254,1071 3298,1068 3343,1065"/>
                <TextEquiv>
                    <Unicode>kommen. - Eine Antwort fällt mir da ein...</Unicode>
                </TextEquiv>
            </TextLine>
            <TextLine id="tr_1_tl_14" custom="readingOrder {index:13;}">
                <Coords points="1084,1224 3320,1230 3344,1102 2005,1109 1557,1196 1087,1139"/>
                <Baseline points="1101,1215 1113,1218 1158,1218 1203,1218 1247,1218 1292,1218 1337,1221 1382,1221 1427,1218 1471,1221 1516,1221 1561,1218 1606,1215 1650,1215 1695,1215 1740,1212 1785,1215 1830,1215 1874,1212 1919,1212 1964,1209 2009,1209 2054,1203 2098,1203 2143,1203 2188,1200 2233,1197 2277,1197 2322,1194 2367,1194 2412,1194 2457,1191 2501,1191 2546,1191 2591,1191 2636,1185 2680,1188 2725,1188 2770,1185 2815,1185 2860,1182 2904,1182 2949,1182 2994,1182 3039,1179 3083,1179 3128,1173 3173,1173 3218,1170 3263,1173 3307,1170 3352,1167"/>
                <TextEquiv>
                    <Unicode>Weil das wohl der schlagendste Beweis ist, dass</Unicode>
                </TextEquiv>
            </TextLine>
            <TextLine id="tr_1_tl_15" custom="readingOrder {index:14;}">
                <Coords points="1045,1384 3223,1333 3323,1248 3159,1190 1975,1287 1851,1221 1048,1248"/>
                <Baseline points="1062,1328 1092,1328 1137,1328 1182,1325 1227,1322 1271,1322 1316,1322 1361,1322 1406,1319 1450,1319 1495,1319 1540,1316 1585,1316 1630,1313 1674,1313 1719,1313 1764,1313 1809,1310 1853,1313 1898,1310 1943,1310 1988,1307 2033,1307 2077,1307 2122,1310 2167,1307 2212,1307 2257,1304 2301,1301 2346,1301 2391,1301 2436,1301 2480,1301 2525,1298 2570,1295 2615,1292 2660,1286 2704,1289 2749,1292 2794,1292 2839,1292 2883,1292 2928,1292 2973,1289 3018,1292 3063,1286 3107,1286 3152,1286 3197,1283 3242,1283 3287,1283 3331,1280"/>
                <TextEquiv>
                    <Unicode>ich keine erwarte, sei sie nur zugleich hin¬</Unicode>
                </TextEquiv>
            </TextLine>
            <TextLine id="tr_1_tl_16" custom="readingOrder {index:15;}">
                <Coords points="1087,1481 2593,1405 2877,1460 2983,1393 3277,1457 3326,1339 1090,1360"/>
                <Baseline points="1107,1444 1137,1441 1182,1433 1227,1430 1271,1427 1316,1424 1361,1427 1406,1424 1450,1427 1495,1424 1540,1427 1585,1424 1630,1418 1674,1415 1719,1415 1764,1415 1809,1415 1853,1415 1898,1415 1943,1415 1988,1412 2033,1412 2077,1412 2122,1415 2167,1412 2212,1412 2257,1409 2301,1406 2346,1406 2391,1403 2436,1403 2480,1403 2525,1403 2570,1403 2615,1400 2660,1400 2704,1400 2749,1400 2794,1394 2839,1394 2883,1394 2928,1394 2973,1388 3018,1391 3063,1391 3107,1388 3152,1388 3197,1385 3242,1385 3287,1385 3331,1379"/>
                <TextEquiv>
                    <Unicode>geschrieben, wiewohl sie nicht völlig richtig.</Unicode>
                </TextEquiv>
            </TextLine>
            <TextLine id="tr_1_tl_17" custom="readingOrder {index:16;}">
                <Coords points="1099,1545 3174,1569 3262,1539 3265,1411 1102,1484"/>
                <Baseline points="1116,1534 1122,1534 1167,1531 1212,1531 1256,1531 1301,1531 1346,1537 1391,1537 1436,1540 1480,1537 1525,1534 1570,1531 1615,1531 1659,1528 1704,1528 1749,1528 1794,1522 1839,1525 1883,1522 1928,1525 1973,1525 2018,1522 2062,1522 2107,1522 2152,1519 2197,1519 2242,1516 2286,1513 2331,1513 2376,1513 2421,1513 2465,1513 2510,1510 2555,1510 2600,1507 2645,1507 2689,1507 2734,1507 2779,1507 2824,1507 2869,1501 2913,1501 2958,1498 3003,1501 3048,1501 3092,1501 3137,1501 3182,1501 3227,1498 3272,1498"/>
                <TextEquiv>
                    <Unicode>ware... Ich meine die Worte des Filippo</Unicode>
                </TextEquiv>
            </TextLine>
            <TextLine id="tr_1_tl_18" custom="readingOrder {index:17;}">
                <Coords points="1505,1681 1548,1705 1620,1657 1699,1681 1820,1636 2311,1678 2293,1557 2211,1569 2169,1539 2108,1572 1996,1560 1941,1596 1893,1554 1793,1596 1681,1536 1596,1575 1508,1545"/>
                <Baseline points="1522,1636 1558,1636 1603,1639 1647,1639 1692,1636 1737,1636 1782,1633 1827,1633 1871,1630 1916,1633 1961,1630 2006,1630 2051,1627 2095,1627 2140,1624 2185,1627 2230,1627 2274,1624 2319,1630"/>
                <TextEquiv>
                    <Unicode>etwas variiert:</Unicode>
                </TextEquiv>
            </TextLine>
            <TextLine id="tr_1_tl_19" custom="readingOrder {index:18;}">
                <Coords points="1084,1669 1130,1672 1151,1690 1175,1669 1284,1645 1342,1672 1354,1660 1433,1714 1430,1554 1324,1545 1287,1581 1239,1584 1196,1548 1181,1557 1160,1545 1142,1560 1081,1545"/>
                <Baseline points="1101,1636 1146,1639 1191,1639 1235,1642 1280,1642 1325,1642 1370,1639 1415,1639 1441,1642"/>
                <TextEquiv>
                    <Unicode>Loschi</Unicode>
                </TextEquiv>
            </TextLine>
            <TextLine id="tr_1_tl_20" custom="readingOrder {index:19;}">
                <Coords points="1433,1829 3304,1817 3344,1687 2926,1639 2465,1735 1935,1636 1433,1754"/>
                <Baseline points="1450,1803 1468,1800 1513,1791 1558,1785 1603,1785 1647,1785 1692,1782 1737,1785 1782,1785 1827,1785 1871,1785 1916,1782 1961,1782 2006,1782 2051,1779 2095,1776 2140,1779 2185,1776 2230,1776 2274,1776 2319,1779 2364,1776 2409,1776 2454,1773 2498,1773 2543,1773 2588,1773 2633,1773 2677,1770 2722,1770 2767,1767 2812,1767 2857,1764 2901,1764 2946,1761 2991,1755 3036,1752 3081,1752 3125,1752 3170,1752 3215,1749 3260,1746 3304,1749 3349,1752"/>
                <TextEquiv>
                    <Unicode>„Ich kenne heute von mehr Witz, die nicht,</Unicode>
                </TextEquiv>
            </TextLine>
            <TextLine id="tr_1_tl_21" custom="readingOrder {index:20;}">
                <Coords points="1472,1905 2665,1944 2926,1863 3268,1884 3350,1814 3017,1772 2217,1860 1475,1796"/>
                <Baseline points="1489,1877 1519,1877 1564,1880 1609,1880 1653,1883 1698,1883 1743,1883 1788,1883 1833,1883 1877,1883 1922,1883 1967,1883 2012,1880 2056,1880 2101,1880 2146,1880 2191,1883 2236,1880 2280,1877 2325,1877 2370,1877 2415,1877 2460,1874 2504,1874 2549,1871 2594,1871 2639,1871 2683,1868 2728,1868 2773,1868 2818,1865 2863,1865 2907,1862 2952,1862 2997,1859 3042,1859 3086,1859 3131,1859 3176,1859 3221,1859 3266,1859 3310,1859 3355,1862"/>
                <TextEquiv>
                    <Unicode>Ihn anzubringen, solche Briefe schreiben.</Unicode>
                </TextEquiv>
            </TextLine>
            <TextLine id="tr_1_tl_22" custom="readingOrder {index:21;}">
                <Coords points="1121,2081 1539,2150 1699,2090 3129,2108 3217,2087 3220,1978 2338,1938 2023,2044 1357,2008 1124,1917"/>
                <Baseline points="1137,2068 1164,2068 1209,2068 1253,2071 1298,2071 1343,2068 1388,2071 1433,2071 1477,2071 1522,2074 1567,2071 1612,2071 1656,2071 1701,2074 1746,2071 1791,2074 1836,2074 1880,2077 1925,2077 1970,2077 2015,2077 2059,2074 2104,2074 2149,2074 2194,2074 2239,2071 2283,2068 2328,2071 2373,2071 2418,2071 2463,2068 2507,2068 2552,2065 2597,2065 2642,2062 2686,2065 2731,2065 2776,2065 2821,2062 2866,2062 2910,2059 2955,2062 3000,2059 3045,2059 3089,2062 3134,2062 3179,2056 3224,2054"/>
                <TextEquiv>
                    <Unicode>soll ich diese nur "als genossen betrachten"?</Unicode>
                </TextEquiv>
            </TextLine>
            <TextLine id="tr_1_tl_23" custom="readingOrder {index:22;}">
                <Coords points="1984,2384 2250,2372 2438,2426 2735,2359 3207,2429 3204,2293 3014,2250 2523,2311 2262,2238 1981,2259"/>
                <Baseline points="2000,2352 2003,2352 2048,2355 2092,2355 2137,2352 2182,2352 2227,2352 2271,2355 2316,2355 2361,2355 2406,2355 2451,2358 2495,2358 2540,2358 2585,2358 2630,2358 2674,2358 2719,2358 2764,2358 2809,2358 2854,2358 2898,2358 2943,2355 2988,2355 3033,2355 3078,2355 3122,2352 3167,2352 3212,2349"/>
                <TextEquiv>
                    <Unicode>Mit ehrfurchtsvollem Genug!</Unicode>
                </TextEquiv>
            </TextLine>
            <TextLine id="tr_1_tl_24" custom="readingOrder {index:23;}">
                <Coords points="2250,2490 2393,2496 2535,2553 2635,2493 2759,2508 2817,2544 2853,2520 2895,2547 2941,2532 2935,2414 2814,2441 2611,2393 2529,2435 2247,2408"/>
                <Baseline points="2268,2471 2313,2474 2358,2477 2403,2480 2448,2483 2492,2486 2537,2486 2582,2483 2627,2486 2671,2486 2716,2489 2761,2489 2806,2492 2851,2492 2895,2492 2940,2489 2946,2489"/>
                <TextEquiv>
                    <Unicode>Ihr zugebenster</Unicode>
                </TextEquiv>
            </TextLine>
            <TextLine id="tr_1_tl_25" custom="readingOrder {index:24;}">
                <Coords points="2038,2717 2986,2699 3089,2774 3253,2762 3253,2641 3071,2574 2780,2620 2599,2556 2390,2626 2038,2556"/>
                <Baseline points="2054,2692 2098,2692 2143,2692 2188,2692 2233,2695 2277,2695 2322,2695 2367,2698 2412,2701 2457,2701 2501,2704 2546,2704 2591,2701 2636,2701 2680,2701 2725,2698 2770,2698 2815,2695 2860,2692 2904,2695 2949,2692 2994,2689 3039,2689 3083,2689 3128,2689 3173,2695 3218,2695 3260,2698"/>
                <TextEquiv>
                    <Unicode>Berman J.H. van Oyer</Unicode>
                </TextEquiv>
            </TextLine>
        </TextRegion>
    </Page>
</PcGts>
