4132 4487
1179 178 2488 407 ʼunahme ettämme muu-
585 229 1104 410 (ouviterin)
2170 389 3417 623 Haag. am 28. December 2924
772 416 1012 704 ye
2271 573 3194 778 van Speyhobraat 147
1309 1003 2666 1262 Hochverehrter Herr Doktor,
1861 1395 3340 1609 vielleicht wissen Sie noch, wer ich
1075 1559 3417 1725 bin? - Her Unbekannte mit seinen Brief aufs Ge-
1078 1698 1648 1873 rate wohl. -
1520 1838 3405 2019 Spät; sehr spät, wird es mir gelingen,
1078 1971 3414 2182 Ihre 9 ortharte zu beantworten, mittels welcher Sie
1081 2102 3447 2277 mir - im Zusammenhang mit meinem ersten Schreiben
1069 2232 3429 2372 blingt es paradox - einen zweiten Wunsch erfüllten.
1092 2381 3402 2550 Die Verspätung hat natürlich ihre Ursache, die
1081 2473 3405 2651 ich, da meine heilen an Sie, eottlob, keine Eile
1090 2592 3411 2746 haben, eigentlich nicht zu erwähnen brauche.
1069 2734 3459 2909 Und doch will ich es tun, weil es eine so sonder¬
1063 2817 1927 2978 bare Ursache ist.
1511 2942 3367 3141 Ihre Dortharte, sagte ich, erfüllte mir
1069 3061 3292 3286 einen zweiten Wunsch. Ja, so ist es. Wie quasi
1069 3212 3361 3346 zwecklos und unbefangen mein erster Brief sein
1084 3328 3453 3491 wollte-, in jeder Satzwendung, in jedem, anschei¬
1075 3435 3456 3589 nend unschuldigen, kann zitterte doch ein Verlangen
1072 3539 3313 3678 nach Verständigung mit Ihnen - das heiszt
1084 3634 3435 3839 nach Kundgebung meiner... - ach, gott, da fange
2835 3758 3343 3990 sollte es sie
