4131 4520
1445 203 3201 331 Die wiederholt wircken.
1168 235 1380 370 ...
802 277 1106 414 wenn es
1290 316 2771 456 — b — — —
1135 349 1252 435 me.
1773 367 1982 468 - 2 -
1556 367 3332 539 Timmerhin - is hat einer fabelhaften
1019 486 3335 688 Reiz zu schreiben, einig und allein bei Freude
1043 632 3341 784 des Schreiben wegen. Einen brieflich anzureden,
1052 736 3311 888 den man gar nicht kennt - von dem man nur
1043 811 3314 1019 aus seinen Werken weisz - over wollen Sie, um
1058 942 3335 1141 jedem Schein einer konventionellen Schmeichelei
1055 1055 3314 1290 vorantenzen: zu wissen glaubt - dary es ein
1043 1183 3370 1395 Kluger und feinfühlender. Mensch ist der lächeln kam.
1064 1302 3388 1472 seine Gedanken zu lummeln in einem Brief, der
1070 1469 3379 1576 nichts begerecht, in dem es Gott sei Haus nichts
1067 1541 3317 1725 zu erörtern oder darzulegen gibt... Wirklich,
1082 1675 3278 1818 ich bin "jeder Absicht bar", schreibe auch
1094 1794 3367 1967 nur aufs Geratewohl - - "Hie Adresse ist mir
1100 1889 3376 2065 nicht bekannt und die Möglichkeit, das, diese
1082 2000 3415 2166 meine Redengarten ihre Bestimmung nicht er¬
1085 2163 3263 2301 reichen werden, somit nicht ausgeschlossen. —
1624 2253 3400 2408 Also, daz ich Ihre Werke gelesen und
2780 2336 3099 2429 fils en lisant
1076 2378 3412 2524 was ich mir danach gedacht habe, braucht ei¬
1076 2479 3388 2640 gentlich wohl nicht mehr erwähnt zu werden.
1079 2578 3350 2765 Da, zittert mir die Feder... Ihnen Dank zu
1088 2664 3388 2837 sagen wäre allerdings zu albern. Sie werden
1097 2780 3394 2971 ihn auch gewisz nicht einheimen wollen für
1079 2923 3391 3084 die nhlichte Tatsache, das Thee Erzählungen
1082 3004 3394 3183 und Theaterstücke mir, einfach gesagt, aus
1082 3114 3409 3281 Kurz gewachsen sind... Und doch freut mich
1076 3239 3433 3370 das Wissen, das Sie, wenn die Wiener Dortbe¬
1064 3341 3460 3528 amten geruhen abtir zu sein; aus meiner sorg.
1073 3430 3445 3645 fältig gebritylten heilen erfahren, wie sehr das
1073 3540 3469 3707 besagte Bern, das man als den Sitz des Gefühls bereichnet.
1082 3650 3466 3838 seiner Hochgenug daran gehabt hat. Ich empfinde
