4675 4600
3614 308 3760 423 u
2690 339 3279 520 7. Mars 2924
2706 470 3260 608 München
827 439 1081 670 G.H.F.P.
1166 473 1616 650 '̃ ̃:    =
443 481 658 708 1,1,11
2725 504 3414 720 Leopoldstr. 59
1047 793 1813 981 Lieber Freund,
1081 835 3695 1097 Dank für Ihre telegrafische Auskunft. Ich fragte nach
835 912 3833 1278 Zsolnai, weil Condenhove und Ida Koland, mir kürzlich auch
847 1024 3760 1324 in Prag wieder empfahlen, seinen Verlag zu benützen. Ist dies
839 1112 3799 1443 nun wirklich rathsam? Mit Wolff komme ich schlecht vorwärts,
835 1224 3691 1563 ein Genossenschafts-Verlag mit Betheiligung der Autoren
858 1328 3706 1663 würde mir grundsätzlich gefallen. Aber wie steht es praktisch!
854 1432 3768 1794 Ist das Geld sichergestellt? Genügt der Vertrieb, und kann
851 1516 3818 1882 man dort auf ähnlich hohe Auflagen rechnen, sie ein älterer
2148 1616 3737 1870 Sind überhaupt schon Bücher
847 1720 3853 2082 erschienen? Haben sie selbst über ein Buch dort abgeschlossen?
866 1755 2117 1998 Verlag sie erzielen würde?
978 1844 3845 2171 Ich bin überaus gespannt auf Ihre Auskunft und werde
862 1909 3856 2282 Ihnen dafür dankbar sein; dann für mich ist der Fall wichtig
870 2044 3799 2409 er liegt - ganz unter uns -, so, dass ich mit Wolff in noch
854 2125 3833 2517 grössere Schwierigkeiten kommen kann, derart, dass seine
878 2275 3803 2617 zahlungen vielleicht auf lange ganz aufhören. Für dies
874 2367 3945 2690 Jahr wichte ich mich sichern und habe Zschrai vorläufig den
854 2436 3930 2833 unverbindlichen Vorschlag gemacht, meinen neuen, unvollendeten
881 2590 3960 2940 Roman — gegen eine Jahresgarantie — von Wolff zu übernehmen.
878 2690 3949 3067 Stimmt er zu, so ist noch die Frage, ob Wolff das Buch frei giebt.
881 2802 3749 3152 Ich kann mich also immer nach Ihrer Auskunft richten.
1078 2852 3910 3229 In Böhmen hatte ich einige Vorträge und sitze nein wieder
843 3033 3937 3360 an meinem Schreibtisch. Aber es kann sein, dass ich noch wieder
862 3110 3764 3475 nach Italien aufbreche; der Rheumatismus plagt mich,
881 3214 3856 3568 Ihre Karte, die mich in Prag traf, hat mich sehr erfreut, ich
870 3318 3749 3676 hoffe auf weitere gute Nachrichten über sie und Ihre Arbeit.
1971 3445 3398 3706 Die herzlichsten Grüsse Ihres
2559 3583 3502 3749 reinnde Masse
1967 3668 3868 3872 auch von mir die herzlichsten Grüße an Sie
1047 3729 1913 3972 tachiter feere toktor.
2475 3853 3075 4064 This ergebene
978 3895 1840 4076 and the kinder
2906 3968 3429 4157 hime haus.
