4427 4569
3948 497 4047 639 1er
2295 1162 2735 1286 19. Dez. 1910.
1490 1201 1700 1332 Mai
2323 1268 2695 1371 München
2347 1316 2847 1478 Türkenstr. 35
1864 1625 2572 1783 Unsehrter Herr Doktor,
1911 1757 3031 1979 seit Ihrer Abreise höre ich überall,
1478 1886 3061 2125 wie gut Sie von mir gesprochen haben. Ich bin
1482 2030 2315 2244 gerührt und danke thun.
1945 2092 3041 2287 Aber nicht deshalb muß ich Ihnen
1478 2200 3077 2473 heute schreiben, sondern um die große Bewun¬
1488 2311 3049 2559 derung auszusprechen, die ich für Ihren jungen
1498 2388 3051 2630 Medardus habe. Über das Imposante der
1498 2477 3095 2741 Arbeitsleistung, der bewältigten Welt will ich
1500 2570 3055 2867 schweigen. Dieser schwankende, immer wieder
1504 2675 3059 2933 aus dem Gleib geworfene Medardus (il
1510 2772 3101 3063 traviato, nenne ich ihn bei mir), der dennoch
1526 2881 3043 3154 stark und stolz bleibt, ist, glaube ich, das
1510 2970 3103 3275 Ärzteiste von moderner Lebensstimmung, aus
