4411 4586
658 533 1328 764 1 „ —: — „ „ 9: —: „
1482 531 1890 735 —: —: —, „ „ —
1205 1217 2990 1482 Darf ich sagen, daß Wien, um noch davon zu sprechen,
1986 1328 2999 1508 werth scheint – wenn anders
1033 1381 1952 1609 Grabe jetzt mir bewunder,
1037 1434 2973 1726 die Haltung der öffentlichen Körperschaften und der Führer
1040 1544 2958 1803 einen richtigen Schluß auf das Gesamtbild erlaubt. So
1054 1638 2966 1909 viel Schürde und beim Haltung inmitten der Noth würde
1059 1743 2954 2051 dem Wien von einst niemand zugetraut haben. Man
1081 1851 2913 2154 Fall nicht von „Harter Schule“ sprechen, dann Sie ist zu
1081 1926 2944 2245 hart. Aber wäre Freude überhaupt statthaft, möchte ich
1107 2053 2925 2332 froh gein, daß die Revolution, die in bürgern auf
1097 2152 2992 2440 den Hund gekommen ist wie nicht leicht anderswo¬
1109 2214 2978 2543 in Wien einen höheren geistigen Hug gehalt und
1102 2324 2961 2656 bewahrt hat. Der Gedanke fühlt ich dort wohler, als
1107 2500 2615 2769 die armen leidenden Körper es können.
1268 2529 2908 2869 Wir konnten vor kurzem manches mit Sehr
1097 2644 2987 3033 Gemahlin besprechen, deren Debüssig-Vortrag mir
1131 2716 3026 3081 in schönster Erinnerung steht. Wenn kommen auch
1143 2783 2999 3198 Sie und ich wieder zusammen? Ich hoffe dringend
1138 2944 2999 3297 rend warm, das kommende Jahr vergeht nicht ohne
1145 3045 3023 3381 Dieb. Ich wünsche ihnen und den Ihren das beste.
1138 3170 2927 3484 Meine Frau schließt sich meinen Wünschen und
1779 3242 2927 3513 Ich bleibe Ihnen herzlich ergeben.
2183 3395 3035 3650 Maimie Mann,
1126 3460 1621 3626 griffes au.
1823 3467 1950 3621 Mr
