4776 4632
563 498 710 652 1er feuil
1050 495 1344 677 1)    „   =„
917 699 3670 1018 Angriff gegen mich. Die Redaktion ist bei jeder Gelegenheit ganz
935 828 3695 1172 Gefachtung für mich. Was mehr ist, sie zahlt Ausnahmspreize für
946 917 3620 1229 die Beiträge, um die sie mich bittet. Aber irgend einem Ritsch¬
950 1011 3831 1340 romancier die alberne Ableugnung meiner Leistung aus seinem
943 1061 3774 1462 Feuilletow herauszustreichen, verbietet die Objektivität... Aber
950 1193 3724 1573 es ist gut so, so bliebe sonst das "litterarische Leben". Dieses
975 1312 3681 1670 besteht, so weit es gehe, vorwiegend darin, daß Unser einer von
953 1383 3767 1795 „pollegen“, Die wir 10 lgt, Gott behüte, übersehen könnten, hoch¬
1505 1634 3727 2007 Ich beginne sanft zu transpiriren, ein Zeichen, daß es
957 1681 1960 1917 fahrend abgethan wird.
1509 1731 3860 2071 machen Sie mir bald wieder die Freude eines Briefes
1000 1907 3605 2258 Ab 1. April werden wir voraussichtlich in Lindau, Bodensee,
1011 1967 3655 2351 Hotel Bayerischer Hof sein, wollen aber von dort sogleich
975 1985 1401 2179 gänig ist.
996 2082 3777 2466 einen schönes gelegenen Ort aussuchen. Grüßen Sie, bitte, Ihre
1007 2154 3734 2584 lieben Kinder. Ich finde es sehr glücklich gefügt, daß Ihr Sohn
996 2279 3691 2666 einen Ihnen nahmstehenden Beruf hat, ihnen beiden werden
1441 2476 3727 2842 weine Frau vereinigt ich mit mir zu den aller¬
996 2516 2398 2828 daraus Genugthuungen fließen.
2494 2742 2648 2978 Ihr
1046 2810 1896 3050 herzlichsten Grüßen.
2304 2792 3283 3086 Heimich Mann
