4343 4615
354 1344 894 1608 H. Mai
1093 1434 1531 1610 15. Okt. 1911
1135 1583 1505 1704 München
1139 1650 1591 1826 Leopoldstr. 48
735 1953 1394 2138 hiebes Herr Vasdor,
787 2050 1981 2295 meinen Dank für das Buch – und
368 2163 2014 2454 für die Freuden des gestrigen Aufführung. Sie war
375 2251 2014 2552 ganz ausperordentlich. Steinrück hat der Friedrich
368 2339 2062 2651 grade an der Stelle gepackt, wo auch ich ihn erträumt
392 2454 1979 2745 hatte (in der Neue mit Adele, “hältst du das für
387 2546 2000 2843 besonders lustig?") Er war wohl vollkommen. Frau von
400 2693 1367 2944 Nagen war sehr wahr und tief.
825 2728 2075 2973 Sie machen in diesem Stück des Gesamt¬
394 2824 2025 3118 leben, alle menschlichen Beziehungen fühlbar, wie es
412 2933 2067 3208 auf der Bühne Eislang kaum geschah. Die Beherrschrung
415 3015 2060 3325 des seelischen Apparates (damit auch das rechnischen)
913 3113 2102 3323 Es ist wie ein Zabelhaftes Gelegraphen¬
425 3206 1962 3476 und Telephonnetz dort, wo früher ein einzelner
417 3264 821 3419 ist ungeheuer.
2090 1269 3758 1535 Courier mit einer Meldring ritt. Man soll nicht sagen,
2104 1407 3448 1662 daß es im Seelischen reinen Fortschritt giebt.
2418 1487 3735 1711 Ich hofft, daß es Ihrer Gattin bespar geht.
2129 1598 3733 1836 Von Schwägerin Ufer ich leistungsfähig zu fühlen;
2134 1669 3675 1953 wir haben Ihren großen Erfeth lange gefeiert.
2458 1834 3505 2064 Herzlichen Geise vor ergebenem
2789 1972 3599 2190 heimes Mann
