4777 4535
1273 834 1973 1007 Lieber Freund,
1306 878 3615 1107 nachdem nun auch meine Fraw mit Erschütterung
918 1037 3884 1239 "Fräulein Else" gelesen hat, muss ich Ihnen unseren gemeinsamen
933 1166 3777 1350 Dank aussprechen. Es ist eine Ihrer schönsten Novellen, unter
1125 1162 1649 1273 Ich verrittungen einen
933 1232 3729 1464 denen die Wahl mir freilich schwer wird. Was "Fräulein Else"
937 1361 3563 1571 so schön macht, ist, glaube ich, die seltene Verbindung von
978 1479 3792 1715 1) Bschologischer Akribie und Unausweichlichkeit 2) Mitgefühl,
955 1564 3600 1796 innerem Beben, 3) sozialen Durchblicken auf eine Welt, die
930 1675 3844 1889 hereinfiebert zu der Sterbenden. So viel kommt sonst mit Glücks nicht
930 1789 3862 2018 zusammen. Sie hatten schon „Leutnant Gustl“ geschrieben, wir Anderen
2250 1892 2685 1981 de la rivierement le dernier étrangue
926 1892 3818 2147 haben auch schon Novellen in Monologen versucht; aber hier dieses
918 1992 3759 2243 katastrophele Schicksal, medizinisch aufgeklärt, dennoch uner-
941 2088 3696 2361 klärlich aus einem Stücks gemacht und in einigen tausend.
933 2136 3847 2449 hingestammelten Worten ablaufend, das ist besser und mehr.
952 2287 3763 2564 Ich bin sehr glücklich, dass Sie dies gekannt haben, und um so
922 2424 3788 2693 begieriger auf die beiden anderen Novellen, die sie mir ankün¬
1250 2649 3751 2859 Über meine “Abrechnungen“ brauchen Sie nichts zu sagen,
926 2674 1262 2811 digten.
2058 2759 3744 2910 Ich hoffe mich vor Ihnen erst wieder
1896 2800 2165 2896 DATESors.
918 2829 1878 3010 darin ist kaum Neues.
907 2870 3619 3091 rechtfertigen zu können, wenn Sie meinen dicken Roman
915 2947 3759 3228 in Händen halten. Er geht auf sein letztes Kapitel zu. könnte
900 3051 3799 3331 ich ihm nur Beine machen! Jedenfalls aber bin ich entschlossen,
915 3161 3692 3423 nichts anderes zu thun med jeder Ablenkung oder Reise aus-
904 3316 2538 3549 zuweichen, bis das Buch dasteht.
1254 3360 3836 3622 Wir begrüssen Sie herzlich, wünschen auch zum bevorstehendem
2892 3497 3095 3630 The
930 3556 2733 3770 Fest Ihnen und den Ihren viel Freude.
2774 3549 3401 3737 20. mani
2545 398 2995 575 4. Dez. 2924
3615 483 3744 679 P.S.
2560 527 3073 657 minchen:
4072 494 4308 660 1,1
2556 616 3150 778 Leopoldstr. 59
