4419 4569
1660 512 1901 638 1.°
2826 1222 3269 1407 17. Febr. 1920
1443 1277 1912 1462 16. Febr. 1920
2855 1384 3249 1484 München.
1462 1434 1897 1547 münchen.
2860 1430 3318 1575 Leopoldstr. 59
1466 1484 1945 1633 Leopoldstr. 59
2246 1524 3456 1738 Verehrter, lieber Freund, nach meiner
863 1610 1474 1780 Verehrter Freund,
2232 1631 3395 1874 getrigen Bestätigung Ihres Liebens¬
864 1666 2044 1900 herte bekomme ich Ihr vom 21. Jan
2240 1748 3437 1957 werthen Buches heute schnell noch den
834 1771 2053 1989 datirtes Buch, ich beeile mich, Ihnen
2259 1812 3371 2032 Dank für Ihre Karte. Nach Ihrer
832 1876 2024 2085 meinen Dank zu melden. Das
2252 1935 3358 2150 Schrift, die ungewöhnlich ruhig ist,
843 1973 2042 2209 Lustpiel wird, wenn ich es wieder lese,
2249 2035 3363 2212 wurde ich hilfen, daß es Ihnen gut,
846 2061 2020 2308 gewiß 20 glücklich auf mich wirken,
2256 2098 3431 2340 geht. Aber auch meine Arbeitskraft
840 2115 2021 2387 wie damals in partenkirchen, und
2252 2180 3360 2434 ist kärger bemessen als früher. Wir
826 2270 1962 2497 ich freue mich auf die Aufführung.
2233 2283 3457 2522 schüren die Folgen der vielen Anfragungen,
914 2338 2032 2565 mit der Bitte, mich Ihrer Gemahlin,
2243 2381 3456 2588 und dieser sich immer verengenden Haft,
840 2428 2029 2682 zu empfehlen, begrüße ich Sie herzlich,
2238 2473 3396 2684 Zuerst das Land als Gefängniß, jetzt
2243 2555 3410 2755 nur noch die Stadt – und kein Ende zu
2255 2619 3421 2858 sehen. Ich würde mich aufraffen reden,
1228 2617 2020 2808 Weinert Mann.
2250 2719 3449 2931 eine Gelegenheit zur Wiener Reise
2265 2787 3433 3010 benutzen. An 2 Theatern liegen dort.
2270 2881 3463 3083 Stückt von mir, aber die Saison scheint.
2246 2961 3468 3211 wieder zu vergehen, ohne daß sie heraus¬
3152 3048 3469 3193 kommen.
