4405 4599
1634 459 1867 684 P.M.
1280 531 1676 737 1: 1: 7
3509 523 4065 754 1.°   ̃   =
2884 513 3174 751 G.C.R.
1163 1024 1798 1319 H. Mann
2277 1156 2748 1312 8. Dez. 1918
2304 1280 2750 1409 München.
2319 1374 2897 1552 Leopoldstr. 59
1265 1557 2428 1840 Verehrter und lieber Freund,
1309 1674 3155 1989 vor drei Tagen bekam ich Ihr Buch, habe es an
1178 1781 3182 2115 drei Abenden gelesen und finde es nach so langem
1178 1934 3080 2225 Aufnehmen und Überdenken noch immer Schwer,
1205 2001 3155 2336 Ihnen das ganze muß meiner Veränderung aus¬
1208 2113 3207 2460 zu drücken. Sie geben diesmal so viel, — mir scheint,
1238 2205 3197 2537 Dies ist einer jener seltenen Glücksfälle, in denen
1203 2326 3110 2656 alle unsere Lähigkeiten vereint ihre Gelegenheit
1218 2396 3162 2792 finden. Sie haben ein Jahrhundert und ein Land
1205 2530 3167 2877 eindringlich und ganz eigen fühlbar gemacht. Die
1215 2641 3130 2986 Menschen darin sind alle Zeitgenossen, könnten
1218 2740 3202 3112 ganz so wie damals, heute nicht dasein, und bleiben
1225 2850 3095 3179 doch, als die echtsten der Ihren, einfach und ins
1223 2961 3095 3301 sogleich zugänglich. Casanova, unter ihnen der
1228 3031 3162 3375 Umfassendste, hat der Zuge der Zeit und auch der
1238 3137 3184 3509 Ewigkeit. Welche vorige Lebenswärme, welche Furcht
1242 3316 3023 3576 vor dem Erkalten. Er ist, als Ihre Schöpfung,
1247 3365 3217 3698 Schlechthin verehrungswürdig — eine Welt, rund, all¬
2959 3472 3197 3678 zeitig
