4456 4567
1195 453 1609 636 ' ̃'
3676 523 3758 686 1:
2336 1082 2772 1231 25. Okt. 1920
2377 1200 2770 1308 München
1204 1154 1693 1354 H. Noim
2380 1272 2845 1416 Leopoldstr 59
1373 1467 2346 1691 Lieber und verehrter Freund,
1407 1558 3064 1795 Ster ausführliche, gütige Auskunft verpflichtet mich
1204 1672 3028 1949 zum größten Dank, auch wenn sie nicht tröstlich ist.
1248 1797 3098 2011 Ich komme immer mehr zu der Einsicht, daß unserer
1233 1857 3062 2137 Beschwerden unabstellbar sind, solange nicht der Sortie
1219 1994 3042 2216 Buchhandel theils abgeschafft, theils in seine Grenzen
1224 2062 3139 2288 verwiesen wird. Heute ist das Zwischenhändler es, das das
1231 2144 3066 2389 meiste, zwohl von unserem Antheil wir von dem des
1224 2238 3076 2493 Verlagers verehlingt. Es bekommt bis 85. 50 % vom
1221 2317 3001 2604 Ladangreis, - den er überdies nicht mehr anerkannt,
1228 2394 3170 2712 sondern beliebig erhöht. Das Schlimmste ist: Die Sortimenten
1231 2503 3170 2828 sind einig, die Verleger uneins. Der eine gagt: solange
1245 2618 3047 2915 das Sortimenter mir meine 10 Mtr für das Buch zahlt,
1226 2703 3122 2980 mag er es mit 20, 30, 40 verkaufen. Der andere Klopft
1231 2804 3129 3078 ihm auf die Schulter wird sagt: was gehen wies die anderen
1236 2890 3175 3182 Verleger an, wir verstehen uns. — Dies gilt nur für unsers
1236 2975 3110 3254 „Schönwissenschaftlichen“ Verleger. Die wissenschaflichen,
1267 3069 3083 3353 29 an der Zahl, haben sich zusammengeschlossen und den
1243 3153 3163 3445 Sortimentern ihre bedingrügen diktirt, die zu 70% ange¬
1267 3242 3160 3514 nommen wurden. Man sagt: Das geht nur mit Schul¬
1257 3326 3165 3596 vnd Universitätslitteratur. Die unsrer gehört aber genau
