4776 4568
1586 469 1728 649 12/10
2039 442 2353 660 Votre très bien
1175 492 1440 696 1:1:11
1851 903 3722 1115 es nicht ernst nahm. Nun sollte ein
1835 1073 3806 1283 kleines Eingriff am Fuß gemacht werden,
1837 1178 3842 1356 die hatte einen Schneuniß- und der sollte
2646 1324 2877 1395 G.C.H.F.P.P
1851 1319 3769 1495 genäht werden - und vor der Narkose
1819 1416 3790 1636 scheint ne nach so geänzstigt an haben.
1837 1563 3685 1780 dass sie zuviel Schlafpulver nahm.
1885 1688 3882 1874 In der klunk wurde alles gemacht was
1869 1801 3874 2026 zur Rettung nötig war - aber das Viez
1864 1924 3806 2131 hielt nicht Stand. Sie ist eingeschlafen.
1845 2097 3879 2264 ohne das Bewußtsein wieder erlangt an
1837 2230 3939 2379 haben. Sie hat eine Rube - aber die arme
1822 2335 3599 2583 Gusti ist ganz gebrochen auch der Haus.
1955 2526 3911 2699 dies war es, was ich Ihnen sagen sollte.
1798 2638 3371 2840 und was uns nicht leicht fiel
2052 2748 3808 3002 Ich begrüße Sie von uns beiden
1872 2976 2364 3188 herzlichst.
2591 3031 2788 3188 This
2659 3070 3756 3382 himi treurice hany.
