4315 4487
955 489 1085 661 P.S.
1313 501 1873 661 1 1/4 1/2.
574 521 758 685 1 ; =
1279 935 1673 1103 hann
2299 986 2769 1153 25. Mai 1911
2311 1103 2711 1220 Münden
1842 1143 1941 1250 2
2323 1170 2816 1325 bürkenstr. 35
1717 1477 2428 1628 Liebes Herr Doktor,
1741 1660 2953 1832 erst seit weniger Taxen reiß ich, daß
1400 1729 2965 1976 Ihr neues Stück hier im Lußspielhaus gespielt.
1800 1828 2891 2028 Ich wollte Ihnen nicht darüber
1396 1923 2971 2145 ehreiben, weil nach meinen Erfahrungen gegen
1404 1919 1772 2040 warden soll.
1404 2012 2994 2232 den Direktor Robert nichts zu machen ist; aber
1402 2075 3030 2337 Carl Trössler, der Ihnen auch jetzt schreiben will,
1406 2147 2996 2438 räth mir, Ihnen meine Erlebnisse immerhin mit¬
1418 2272 2988 2519 zutheilen. Mein Verleger Cassirer hatte dem
1426 2357 2911 2610 die Robert zwei meiner Einakter gegeben.
1424 2412 3044 2697 vorschnell, denn ich vor dabei, sie beim Hoftfater
1432 2539 3008 2782 unbezubringen. Vor beiden Premiären ist, um
1434 2634 2878 2903 sie zu verhindern, eine „vorläufige Verfügrich“
1436 2709 2897 2953 erwirkt worden, was jedesmal hat Robert
1430 2816 2935 3113 trotz dem Gericht das Stück aufgeführt. Die
