4346 4568
386 529 838 698 V. P.
425 1274 931 1452 H. Malen
1361 1419 1803 1553 21. Juni 1911
2300 1503 3880 1685 Meinung. Die Zuversicht der Schauspieler soll ja
1384 1526 1743 1638 münden.
2313 1617 3851 1764 Unglärt bringen. Wenn Sie, lieber ihrer
1402 1605 1858 1759 Türkenstr. 35
2317 1699 3767 1887 doktor, jetzt noch einmal die Güte hätten,
1635 1706 1788 1838 G.C.P.
1875 1666 2005 1834 G.C.P.
2327 1768 3913 1978 mit baron Berger und dem v. Rosenbauer.
665 1846 1623 2018 Verehrter, lieber Herr Doktor,
2329 1863 3886 2086 zu sprechen, ich würde dem Glück sehr viel besser
2325 1958 3837 2141 vertrauen. Ich dankt Ihnen herzliche läßt
675 1987 2086 2156 Das Manuskript meines Stückes schicke ich
2336 2051 3903 2255 sich die Entscheidung noch vor den Theaterferien.
430 2069 2026 2298 Ihnen heute. Ich für, daß auch Sie wieder eines
442 2193 1660 2377 fertig haben: ansinen Glückwunsch.
2333 2203 2662 2385 haben?
696 2185 2079 2464 Wie gefällt Ihnen nun meine Leonie?
2643 2195 3736 2431 Empfehlen Sie mich Ihrer Gattin,
448 2323 2100 2565 W glaube Eins zu wissen: daß Steigerung da ist.
2317 2348 3364 2554 grüßen Sie den lieben Buben.
2709 2393 3855 2596 Ihre Novelle in der U.Tritt. hat
460 2431 2123 2670 der größte Übelstand ist das Mißverhältniß zwischen
2325 2490 3919 2736 mich entzückt, sie ist meisterhaft prägnant und
467 2523 2102 2751 der Länge des ersten und der des zweiten Aktes.
483 2616 2125 2841 Immerhin hat der zweite viel stummes Spiel, er kann
2354 2697 2538 2839 sicher.
481 2699 2117 2910 eine halbe Stunde züllen. Steinruck empfiehlt
2711 2730 2984 2895 herzlich
3137 2736 3232 2889 Sr
481 2808 2086 3013 das Stück für dem Intendanten. Ihm und des
467 2891 1968 3095 andern Schauspielern hat es offenbar starken
2959 2883 3775 3081 neimirt Mann,
471 2928 2079 3201 Eindruck gemacht. Frau v. Nagen erklärt, die
491 3033 2084 3259 Seonie werde ihre beste Rolle sein. Hoffentlich
496 3145 1964 3339 ist Frl. Marberg (das Carl Rössler uhr
494 3192 2123 3457 darüber geschrieben hat) einer weniger enthörigtischen
