4715 4568
2758 532 3391 876 W. H.
1433 534 2130 868 Uin Nam
3408 559 3537 879 F.
2325 752 2587 1041 Glan
1612 1066 3265 1281 verschrter lieber Herr Doktor Schnitzler.
1479 1209 3587 1408 ich habe unsern Arzt veranlaßt Frau Glümer
1427 1386 3559 1581 unentgeltlich zu behandeln - sie mag hei ihre
1433 1524 3493 1727 und er sagte mis, es sei ein migränoser
1438 1650 3504 1824 depressiver Zustand mit etwas Arterio.
1424 1799 3634 1959 sklerose. Er hofft Frau Glümes wieder etwas
1433 1928 3546 2176 auf die Beine an helfen. Es wäre natur hier
1427 2179 3513 2331 gut wenn man ihr einige wochen Bade
1422 2284 3631 2485 aufenthalt in tölz oder Gasterie ermöglichen
1416 2400 3595 2659 könnte. Die Frauen leben in den dürftigsten
1402 2587 3435 2785 perhältnissen, ne höhebe für ein Geschäft
1419 2733 3369 2873 Säckchen und bekommen in der Stunde
1405 2862 2356 3044 1t Pfennige gezahlt.
1995 3000 2094 3069 G.F.P.
1777 3014 1884 3077 G.C.F.P.
1507 2959 3615 3204 Es ist so schwer den beiden etwas angeben¬
1372 3132 2843 3339 man beleidigt sie so leicht.
1463 3259 3364 3422 zend hier hat kein heusch Geld - sonst
1427 3375 3617 3620 hätte ich drch im Geheimen eine Sammlung gemacht¬
1386 3521 3590 3716 aber wie man mir sayte käme nichts dabei
1405 3686 1805 3813 heraus.
3204 3741 3353 3912 P.
1389 3802 2504 3995 * Dran Glümer weiß es nicht
