4715 4568
1484 807 3525 1037 Momentan hat sich das Kopfweh bei Frau
1442 957 3525 1176 Schümer ganz verloren, wie mir die Fräulein
1462 1129 3478 1315 Gusti sagte und die Patien tin geht auch
1437 1243 1978 1428 sparieren.
1478 1345 3476 1609 Nun habe ich Ihnen alles gesagt was ich
1415 1506 1728 1664 weist.
1431 1720 3523 1911 Ich würde sehr glücklich sein, wenn wir sie
1406 1831 3520 2058 diesen Sommer irgendwo treffen würden.
1387 1967 3556 2161 Mein kann geht anerst nach Gasterie und
1373 2089 2896 2258 dann wollen wir an die See.
1442 2263 3448 2477 Ihnen allen die herzlichsten Grüße von
1833 2419 2710 2696 3re ergebene
1351 2471 1695 2596 leurs
2394 2635 3137 2846 beim Many.
1362 2821 3570 3120 ter Arzt ist Dr Arno hampé Schlandstr 8.
1312 3007 3420 3229 Er ist erster Assistent bei Prof. v. Romberg.
1312 3170 3539 3304 Tielleicht fragen sie ihn einmal direkt nach der
1309 3262 2660 3398 Krankheit von Frau Glümer
1387 3459 3528 3670 Von meinem Mann einen herzlichen Gruß,
