4355 4680
2199 491 2305 637 G.C.F.P
2624 508 2710 637 19
1760 540 1882 714 1
2360 935 3040 1110 26. Juli 1912.
1423 911 1831 1132 Nieu
1850 1456 2667 1636 Lieber Herr Doktor
1919 1668 3171 1884 Ihr Beifall ist mir eine große
1539 1854 1822 1989 Freude.
1921 1884 3265 2069 von Frau Heinrück höre ich, daß
1554 2019 3254 2225 Sie schon am 15. August herkommen wollen.
1552 2090 3151 2341 Dann werde ich da sein. Wenn si¬
1556 2204 3286 2457 aber entschlißen würden, bis Ende August
1569 2307 3106 2570 dort unten zu bleiben, dann hätte ich
1576 2444 3106 2716 eigentlich viel Lust, dorthin zu fahren!
1593 2553 3269 2836 Sie Beschreibung und die Ansichtskarte zur
1580 2652 3226 2971 Gemahlin ziehen mich gew an, und drei
1604 2746 3207 3087 Wochen wirklicher Wärme wären nicht zu
1599 2881 3186 3179 verachten. — Die ersten Tage des August
1601 2982 3278 3306 muß ich noch in München sein, weil dann
1597 3100 3308 3383 meine Sache beim Haftheiter Ich entscheiden
2009 3364 3186 3565 das Hôtel timson gilt für
1625 3370 1786 3533 soll.
