4776 4632
312 495 638 647 V. W. de Schlegel
2300 511 2516 650 ....
3754 495 4369 685 ' ̃:: •
2903 504 3039 645 1
1548 516 1665 647 "
3159 851 3328 938 que je ne suis
1738 2162 3487 2380 auch nicht genügend ernährt sein. Ich hatte einen sehr
1726 2214 3597 2448 schlechten Eindruck von ihr - ich möchte als hare mir keine
1731 2298 3529 2533 Urteil anmaßen - aber so sehen eigentlich Paralyfiker
1721 2418 3435 2610 aus. Liebe Herr Doktor, helfen sie dort ein wenig-tie
1740 2481 3515 2716 dürfen es! Ich habe Guste gefragt ob ich eine Sammlung
1745 2523 3593 2772 machen durfte, damit man tran Glimer in ein Pang¬
1754 2594 3588 2856 torium schicken konnte - aber das hat nur Gusti nicht
1773 2680 3597 2922 erlaubt. Ferreiben sie, daß ich Ihnen diese Angelegenheit
1756 2755 3642 2992 unterbreite - aber ich glaube es ist so richtig. Adressieren
1768 2840 3621 3079 Sie bitte Ihre Briefe an Gusti - da Frau Glümer über alles
1911 2969 3571 3224 Wann sehen wir sie einmal bei uns? Wir grüsten
1775 3018 2474 3194 gleich außer sich gesät.
1780 3119 3060 3339 Lie herzlich und ich bin Ihre ergebene
2633 3131 3433 3386 hina Heinrich kam.
2354 3316 2582 3445 du feuil
1974 3389 2143 3492 1:6
