4714 4647
3377 509 3595 661 1,1
2267 1018 2796 1177 5. Sept. 1922
2299 1113 2746 1236 München
2317 1165 2850 1329 Leopoldstr. 59
1431 1435 3053 1753 von Berlin aus, was ich mit meinem Bruder
1417 1469 1978 1631 bliebes Freund.
1306 1547 3089 1858 Thomas 14 zaga lang an der Opfer, was mir
1329 1649 3082 2003 zeit gethan hat; aber über der Reise, die leider
1320 1751 3066 2071 nothwendig war, habe ich die ersehnte Begegnung
1322 1817 3157 2171 mit Ihnen versäumt. Das bleibt die Enttäuschung
1324 1915 3071 2278 des Sommers, und ich hoffe nur, daß eine neue
2496 1981 3146 2212 Inzwischen erfreut ich
1338 2096 3143 2482 mich an Ihren beiden Ergänzungsbänden. Es ist gut
1333 2130 2351 2396 Gelegenheit sich bald ergiebt.
1358 2201 3084 2564 Diese schönen und liebenswerthen Gebilde, die mich
1345 2287 3073 2680 einzeln 20 Uhr beglückt haben, nun gesammelt.
1360 2362 3177 2755 vor mir liegen zu haben. Ich danke Ihnen aufrichtig.
1356 2471 3073 2857 und hoffe nur, daß meine Gesundheit mir bald
1358 2585 3053 2930 erlaubt, selbst etwas fertig zu machen und Sie
1367 2655 3184 3028 womöglich zu erfreuen. Arbeiten Siegert. kommen
1376 2732 3130 3114 Sie durch die Engyässe dieser Zeiten glatt hindurch?
1401 2839 3225 3223 Ich hoffe wieder von ihnen zu hören und begrüßte Sie,
1385 2934 3087 3302 mit meiner Frau, einstweilen auf das Herzlichstr.
1915 3218 2639 3418 Deineil Mann
1597 3216 2137 3357 Treu ergeben,
