4794 4600
2258 278 3975 499 ̃ 1 1 1/2 1/4 ̃
910 369 1873 518 n..........................................................................................  =================
2612 476 3194 651 17 Juli 1924
4021 506 4143 659 1
2639 579 3282 754 Gasteinerhof
2700 666 3366 834 Bad gastein
1401 876 2094 1055 Lieber Freund,
1451 891 3773 1173 Sie haben recht, es war sehr schön in Salzburg. Sie
899 1024 3766 1295 merken wohl, dass es mir bei Ihnen immer viel wärmer zu
910 1051 3937 1413 muth wird. Ich habe sonst nicht mehr viel Mittheilungsbedürfniß.
937 1215 3884 1508 sie aber sehe ich viel zu selten. Ich höre alles, was Sie mir sagen,
914 1276 3705 1622 doppelt : 1) als kluge Dinge 2 als Erlebnisse eines Freundes.
914 1375 3808 1717 So bin ich in Ihrer Nähe niemals unbevegt. Hoffentlich lässt
918 1451 3948 1812 sich bald wieder zusammentommen! Wir sollten et vas dazu thun.
1485 1588 3914 1892 Es freut mich, wenn Ihr Sohn Keini gern mit mir
887 1664 3712 2083 gesprochen hat. Er hat mir sehr gefallen. Ich war noch nicht
914 1721 3849 2159 Zeuge seines Talentes, glaube aber an seinen festen Charaster
895 1850 3857 2254 daher auch an seine zukunft. Grüssen Sie über bestens von mir
1519 1927 3918 2323 Ihr Stückt bekam ich vorgesterne und las es soeben
1451 2079 3804 2395 Ich war oft gehoben und glücklich dabei, dann
906 2170 3766 2559 auch lang und bekommen, und immer mehr erfüllt von
1915 2231 3956 2551 Es ist einzig und ich glaube nicht einmal
914 2319 1306 2486 zu Ende
921 2338 3964 2738 kunst, sondern Ihre Natur selbst, wie sie vom ersten Satz an
933 2467 3728 2859 Atmosphäre schaffen. Es beginnt märchenhaft- spielerisch
918 2482 1721 2680 diesen Schicksalen.
925 2566 3811 2974 wird im 2. Akt stürmisch, und endet ich 3. ganz schwer
2791 2639 3781 2837 id Spiel. Es ist als
929 2703 3922 3153 gesamtes Leben vollkommen schön, nicht weniger schöne als Ihr
925 2764 2806 3050 nicht ohne Erinnerung an Märchen in
2867 2779 3012 2844 G.C.H
1531 2947 3990 3297 Aber ich bin nicht bestellt, zu rühmen. Ich soll mich
937 2989 2524 3301 schönstes, vielleicht noch schöner.
929 3061 3994 3457 über die mache gewisser Scenen äussern. Wie komme ich dazu,
2403 3156 3998 3400 Das Schwierigste im Stück ist Aurelie
3644 3221 3983 3305 m m m
1432 3278 2406 3431 cœur. La nouvelle lʼauteur est beaucoup de
948 3301 3906 3667 de werden Ihre Zweifel wohl liegen. Nun haben Sie das gethan
948 3373 2193 3564 Sie verstahen das viel besser
925 3362 3948 3781 was Ihnen gemäss ist: Sie sind dem Schweren und Seltenen nicht
1603 3495 3876 3808 Sie brauchten sich nur auf das Stimmungsvolle,
948 3583 4017 3975 Dramatisch-Fortreissende und süss-melancholische zu beschränken,
2444 3701 3891 3910 Aber Ihnen war min einmal die
959 3720 1489 3903 ausgerichen.
956 3754 4005 4200 Hauptsache nicht das Erdenfest, sondern dieses himmlische Schicksal,
948 3861 2334 4070 Alles was gleich in Ordnung.
