4411 4586
2347 498 2689 729 V. P.
3473 522 3701 712 P. S.
2256 1070 2703 1239 25. des. 1919
2292 1183 2715 1316 München
2311 1231 2814 1455 Leopoldstr. 59
1229 1405 2184 1693 Verehrter, lieber Freund,
1248 1532 3081 1821 in dieser Zeit möchte ich Sie begrüßen, und freie
2436 1679 3064 1854 band "Mackt"
1135 1751 2453 1989 mit, daß Ihnen meinen Mai¬
2340 1806 2448 1861 a ee e
1142 1787 3057 2085 und Mensch“ schicken kann. Es hat mich mehr
1147 1886 3088 2203 gekostet als das meiste Andere. 10 Jahre Dankens
1166 1999 2999 2297 ren Formens sind darin, zu schweigen von den
1768 2063 3151 2328 In Allem was wir jetzt durchmachen,
1188 2193 3076 2525 bin ich mit meinen Gedanken sehr oft bei Wien,
1200 2256 1732 2431 Erlebnissen.
1215 2275 3090 2607 d. h. bei Ihnen. Ich hoffe, daß Sie selbst beträchtlich
1217 2376 3081 2739 weniger an das Umgebende Danken, und lieber
1193 2480 3124 2840 arbeiten. Vomöglich ein Gegenstück zum Caganorte,
1222 2607 3141 2963 falls ich unbescheiden sein darf. Meinestheils kann
1222 2720 2963 3050 ich mir nicht anders helfen, als daß ich meine
1239 2744 3086 3143 Zeitromann "das Kaiserreich" weittschreibe.
1246 2888 3158 3228 das dritte, das Schicksal der Intellatstuellen, geht mir
1229 3001 3151 3355 näher als die beiden andern, da ist vieles Gewesens
1227 3124 3155 3451 wieder ans Licht zu ziehen, und es ist eine grausame
1246 3237 3064 3533 aber auch süße Angelegenheit, aus eigenem oder
1243 3341 2934 3752 verwandtem Dasein den Sinn zu thälen.
