4404 4568
2164 472 2940 682 1,7, '1, '' '1' 1' 4' ''
1769 488 1994 677 1)1
2446 1089 2853 1238 15. Okt. 1920
1266 1087 1779 1266 H. Mann
2482 1221 2861 1319 wünchen.
2468 1266 2947 1419 Leopoldstr. 59
1443 1446 2272 1637 Wiehtter lieber Freund
1455 1527 3172 1731 wir haben lange nicht von einander gehört, in¬
1324 1625 3100 1855 Direkt erfuhr ich aber kürzlich gutes von Ihnen und
1489 1802 3184 2042 Erlauben Sie mir heute eine Bitte um Auskunft.
1319 1826 1934 1975 Fraute mich dessen.
1350 1922 3232 2157 Ich stehe mit meinem Verleger in ernsten und schwierigen
1329 2035 3255 2272 Verhandlungen, die Grundlage meiner Existenz kann,
1333 2130 3167 2343 te nicht bleiben; und ich möchte ihm mit Beispielen
1331 2236 3145 2430 kommen. Würden Sie die besondere Grüte haben,
2181 2300 3248 2439 Bogante die jetzt bei Fischer
1333 2375 2195 2549 mir zu sagen, wie viele:
2219 2413 2396 2468 S.
1333 2382 3208 2691 beziehen, und ob es sich seit der Theuerung geändert,
1319 2470 3098 2748 hat? Um wie viel sind Ihre Ladenpreise erhöht?
2401 2583 3174 2748 von einigen Berliner
2111 2640 2415 2750 verband
2111 2719 2411 2777 wenn man wieder einen
1345 2686 3215 2932 verlegern, darunter Fischer, eine Betheiligung an den
1348 2664 2123 2846 Ich las, daß der Schutz
1345 2770 3181 3035 Einbänden erreicht habe. Kind Sie daran betheiligt.
1525 2889 3215 3126 Es sind gewiß sehr indibtrete Fragen, aber ich bin
1336 2959 3198 3241 so sehr auf die Information angewiesen, daß ich es weg
1333 3095 3193 3299 zu fragen. Für eine umgehende Antwort wäre ich gar
1336 3258 2025 3413 besserders dankbar.
1551 3272 3167 3507 Sind Sie in der Arbeit? Mich beschäftigt schon so it¬
