4255 4666
1296 487 1417 631 1e:
3046 487 3233 635 "    "
1280 1302 1771 1456 16. Juli 1912.
1296 1430 1673 1581 Feldafing
1300 1542 1876 1670 Nôtel Kaiserin
2235 1579 3779 1778 bald. Ihr neues Stück kennen zu lernen.
3830 1574 3910 1725 24
1561 1597 1922 1732 Elisabeth
2251 1679 3802 1913 habe schon vieles darüber gehört, was mich
2523 1869 4017 2098 hier bin ich oft mit Schwed Frau Schwägerin
2253 1862 2795 2018 begierig macht.
491 1901 1552 2084 Verehrter, lieber Herr Doktor,
2651 1926 4024 2150 Sie sieht weil besser aus, als noch
2264 2038 3930 2292 unlängst. Sie ist meist sehr frisch, man hat
507 2031 1935 2237 erlauben Sie mir, bitte, Ihnen wieder ein
2267 2066 2609 2205 zusammen.
167 2123 1986 2406 Stück zu schicken. Man hat nur diese Bühnenausgabe
2269 2134 3834 2402 den Eindruck, daß ich sich verhältnißmäßig
174 2232 2015 2516 gedruckt; vor der Berliner Première soll nicht davon
185 2310 1942 2593 gesprochen worden. Ich bitte Sie also, das Buch noch
2543 2340 4019 2577 Eingfehlen Sie mich, bitte, zu Gemahlin,
2271 2358 2641 2502 wohl fühlt.
2255 2454 3466 2692 und seien Sie herzlichst gegrüßt.
183 2514 882 2692 für sch & behalten.
528 2518 2011 2758 Diesmal habe ich das Drama weniger Karg
192 2603 1997 2891 gehalten und mehr von dem Hineingebracht, was
2961 2639 3805 2829 reimit manu
2571 2644 2692 2797 xx
199 2708 1954 2968 meine Romana haben und was. Sie bei dem
203 2792 1940 3076 vorigen Stück vermißten. Hoffentlich finden Sie
583 2966 2022 3233 ist keine Auszahl, daß Sie im Lauf des
210 3030 642 3181 Dieses Besser
226 3069 1963 3320 Sommers in diese Gegend kommen? Ich wäre sehr
242 3165 1926 3432 glücklich, Sie wiederzusehen. Wenn das nicht
260 3238 1983 3542 sein kann, vergönnen Sie mir doch hoffentlich
