4405 4599
2737 526 2862 656 V.3/17
1262 1553 3161 1799 frei und selbstverständlich. Er entwickelt, nur durch
1286 1690 3000 1877 seine Natur und Bewegung, Ihre ganze
1300 1771 3078 2012 glänzende Handlrug. Ihr Buch wollt sich, wie
1283 1880 3187 2109 selbstthätig, ab, in all’ seinem Reichthum, seiner
1286 1977 3196 2221 Trauer. Man sieht nur zu, urtheilt nicht, möchte
1274 2119 3123 2330 danken und wagt auch das kaum. Ich gage
1295 2209 2680 2474 Ihnen meinen wärmsten Dank.
1861 2368 2628 2564 Ihnen treu ergeben.
2093 2469 3038 2716 Heimit Mann.
3300 3203 4259 3350 genommen werden möchte.
