4404 4568
2081 483 2165 561 10.
2762 474 2959 616 1:° 1:
3159 483 3450 645 1 4 7
1091 1195 2785 1407 Wochen die hiesige Aufführung meines Stückes
1094 1283 2907 1493 „Der Weg zur Markt“. Es kommt am Sommerstag
1098 1394 2898 1603 21ten Geraus. Wenn Sie eine Jahrt hierher machen
1100 1482 2855 1694 wollten und dabei wären, es wäre für mich eine
1348 1657 2970 1894 Mit das Bitte, mich Ihrer Gemahlin zu empfehlen,
1114 1671 1551 1827 große Freude.
1114 1824 2176 2048 bin ich in herzlicher Freundschaft.
1933 1933 2735 2149 Reiurie Mann.
1385 2018 1500 2149 Mr
