4455 4663
796 476 982 638 "    "  "
2555 487 3012 655 :,: t. v.
2197 902 2412 1027 MICHELSON
867 888 1368 1034 30. Nov. 1912
897 1017 1178 1119 Meran
911 1050 1364 1210 Uitel Aders
2197 1079 2353 1255 Schläge
386 1203 1359 1446 Werkholer, lieber ihrer Doktor,
2108 1248 2197 1378 14
422 1366 1470 1611 ich lese von Ihrem großen Erfolg
316 1458 1411 1693 und möchte Ihnen sagen, wie sehr
327 1545 1413 1804 ich mich freut. Der Bernhardi
349 1641 1514 1908 vapt gewiß sogar aus Ihren Worten¬
344 1717 1481 2004 hervor, vielleicht ist er die Komödie
358 1842 1451 2101 unserer Tage, die am längsten
2157 1806 3295 2011 18 Jan. 1913 Meran H. Aders
3575 1863 3789 2044 que je ne suis
2136 1973 2824 2108 Lieber ihrer Doctor,
2164 1995 3330 2209 soeben lese ich, daß das Bernhardi
360 2037 770 2190 Dauern wird.
506 2032 1394 2266 Fischer hat mir das Buch
2160 2091 3316 2296 von 50 Aufführungen hat. Masang
358 2110 1488 2388 geschickt, ich will es jetzt noch besser.
3054 2181 3217 2301 Ihre
374 2181 1512 2461 kennen lassen. Meinen Dank.
2150 2218 3007 2386 Glückwunsch! - Möge
2155 2228 3321 2475 Gemahlin in Wien und München
558 2289 1437 2515 Mit Empfehlungen an Ihre
838 2381 1420 2574 Ihr Ihnen herzlich
2181 2397 2793 2565 viel Erfolg haben.
2550 2449 2911 2600 Herzlich Sohn
384 2499 772 2649 Gemahlin,
829 2520 1547 2713 neimt Mann.
2847 2513 3311 2671 N. Mann
2138 2548 2631 2666 Meine Präncieren
403 2583 725 2713 ergebener
2110 2609 2758 2777 ist verhoben, ich weiß
2388 2633 3186 2767 nicht bis wann.
1373 2828 3264 3036 lieber Alhirn, Fr. v. Tagen spielt Freitée, Mansnosses Herr an die Neue Vier
1380 2944 3238 3116 Bühne. Man soll sehr gie en he arbeiten i. Sie hat derst, bittet uns meine Urtin¬
1387 3031 3189 3210 Pingen mit Vierner Kritikum an ihren Juristen der Vervollung verwerten.
1389 3106 3175 3292 das kann ich nicht i. mag ist nicht, daß erlänst keine Verbindung
1385 3205 3172 3412 Andererseits erweite ich als wolle schrifft abzulegen. - Denn Où
1394 3297 3212 3532 meinst, dass es zugeht, alle Sellen u. Meinheimen ein Vert neben
1408 3389 3285 3650 die H. vielleicht telefonisch z. wenn sie uns besucht, seit las zu
1406 3511 3257 3740 ih. - Ne ist ja so hutsch z. hn diese Roete beeabt genug, verum¬
1387 3629 3285 3850 sollte sie nicht gefallen. - Die sind beim Café z. vorelgen in
1411 3737 3297 3971 Klageahme, guten bessere. Macbeck ver schembar ein Scholz.
2433 3867 2826 4046 euer très
1641 3949 1924 4069 5.11.1913
