4411 4586
520 525 676 650 1e
413 890 1877 1043 Großgasthof Weismayr - Badgastein
506 1092 720 1194 Fahrstuhl
1280 1124 2021 1284 am 24. Juni 1919.
376 1173 848 1250 Kraftstrombeleuchtung
485 1231 762 1289 Rauchzimmer
495 1273 741 1335 Lesezimmer
388 1305 850 1380 Kraftwageneinstellung
397 1366 827 1421 Fernsprecher Nr. 19
458 1412 776 1472 Eigene Wagen
318 1428 896 1561 Postspark.-Konto Nr. 60.ha0
453 1561 1363 1733 Verehrtt, lieber Freund,
474 1637 2014 1874 es ist begreiflich, daß Sie lieber dort bleiben.
237 1758 1904 1993 Ich hatte wohl kaum gehofft, daß Sie kommen
255 1851 1916 2100 würden, verzeihen Sie meinem Wunsch, Sie
950 1925 2067 2139 Die Gründe, zu Haus zu bleiben.
272 2021 2076 2320 sind für uns Münchener weniger stark. Meine
253 2065 899 2202 wiederzusehen.
279 2120 2093 2420 Frau und ist hatten freilich die Kuren sehr nothwendig
267 2246 1942 2504 rend ich bin nicht aus Liebe zu der Landschaft hier
272 2339 2000 2620 sondern wegen der Erfolge, die mir von diesem
272 2422 2062 2708 Wunderwasser versprochen werden; aber außerdem
274 2536 2009 2820 war es uns nicht umlieb, einmal die Grenze zu
276 2629 1990 2905 überschreiten. Denn München ist dauernd ein
274 2713 1976 3024 Oct des Schreckens. rother öder weißt, das ist
1017 2787 1296 2843 Cela nʼentraîne ai-
295 2803 2104 3154 gleich, die Mathöden sind dieselben, und beiden
288 2910 2004 3235 militäus einen kann auch der Unbetheiligteste
511 2973 692 3061 4.
279 3042 2097 3351 zum Opfer fallen. Unter der Rätheregüblik waren
293 3131 2074 3430 wir ins Zsarthal gefahren: glücklicherweise, denn in
293 3233 1902 3526 meiner Abwesenheit sollte ich verhaftet werden.
302 3317 2083 3667 Später hat Ich dies, wie es scheint, als eine Ver¬
304 3437 2088 3760 wechslung mit meinem Bruder herausgestellt. Aber
3874 499 4020 636 1" " "
2227 892 4099 1115 mit hilfe solcher Irrthümer füllen sich auch jetzt wieder
2246 1029 3958 1250 die Gefängnisse. Schwabung, 1 entzölktet. Die
2246 1108 3969 1363 reisen Leute sind aus der Stadt verzogen, die
2246 1180 4009 1482 Zentellektuellen folgen? In mitten der Stadt sind
2260 1298 4055 1558 Drahtverhaue, weit um die (preußischen) kom¬
2251 1400 3988 1675 mandos her. Eine so angenehme Gegend wie
2253 1498 3992 1784 seinerzeit belgien. Wenn aber diese frag¬
2251 1609 3960 1893 würdigen Retter uns verlißen, wurden sofort
2251 1672 4064 1972 wieder ihre feindlichen Vettern, die kommunisten,
2257 1802 4057 2065 uns ihre Maschinengerehre auf die Brust jetzen
2257 1891 4076 2169 zu Allem was Gewalt heißt, dießt Volk bereit,
2264 1993 4057 2246 mir grade nicht zu das livilen, zu manen Republik
2281 2102 4004 2348 die das Schicksal von ihm nun einmal verlangt.
2278 2185 4006 2455 Wird schon kommen. Inzwischen scheint mir
2322 2246 4016 2576 deutsch-Wereich“ immer noch ein freundlicherer
2278 2348 3990 2703 Aufenthalt. Das „Leben und Lebenlassen“ ist
2274 2432 4081 2817 hier doch mehr zu Hause als in dem, seit Jahrzehnten
2278 2571 4009 2859 überanstrengten Deutschland. Der Wiener Puth,
2295 2664 4018 2964 unter dessen Eindruck sei am 20ten mir schrieben,
2288 2743 4043 3075 war offenbar nur eine Kindern, verglichen mit
2297 2861 4027 3156 dem, was in München und andernortes zum Täg¬
2285 2957 4037 3298 lichen Brot gehört. Die Revolution ist natürlich
2281 3045 3971 3365 eine Liquidation der Niederlage, und da biese
2292 3126 4069 3458 das deutsche Reich von einer stolzeren Höhe gerissen.
2290 3272 4023 3577 hat, sind dort auch die Krämpfe heftiger als bei
2325 3337 4092 3642 Ihnen. Sollte ich dannoch auch hier etwas mit¬
3351 3458 4025 3637 erleben müssen,
