4776 4584
3519 394 3850 524 ..............
2245 383 3222 524 *................................................................. ̃
784 401 1672 531 n.................................  =================
2925 505 3014 602 is
1163 498 1609 665 Votre très jusqu'a près de l'a-
1643 505 1825 665 1) 1
777 524 933 658 1:1
884 535 3761 803 das tiefernst sich daraus absondert. Dies einmal festgestellt,
896 676 3872 896 muss dramaturgisch alles so bleiben. Für die Aufführung können
1498 740 3798 948 streichen, besonders in der letzten Scene, Amelie.
918 858 3735 1122 Falkenir. Es ist nicht anzunehmen, dass des Publikum
896 870 1460 1037 Sic höchstens
907 933 3798 1241 zum Schluss noch von der Hauptsache so viel hören will. Es will
914 1015 3865 1353 geriss nur schnell noch etwas aufgemuntert werden, also schmel-
888 1119 3776 1453 lere Katastrophe. Es mag, vor 25 Jahren, eine kurze Weile
896 1200 3779 1557 gegeben haben, da die Reden, gegen Schluss des Stückes, immer
896 1312 3891 1643 wesentlicher, immer ernster verden durften. Das ist gründlich
1234 1464 3850 1762 Ich bewundere tief, dass in einer Welt, die Artik so leicht
870 1568 3798 1918 niment, das Haupt-Schicksal sich durch ihr Schwernehmen
888 1624 1197 1765 vorbei.
1468 1665 3646 1944 Glebnisse, die verksam verden und sittliche
888 1762 3694 2152 Probleme zeitigen! Das Freundeste dieser leergeborenen Zeit.
881 1858 3846 2237 «Erst über allem Erkennen beginnt, was einer menschlichen
877 1880 1338 2037 vollziert.
3497 1940 3802 2092 „Da
910 1988 3307 2341 Beziehung ihren Sinn verleiht: Verantwortung.
884 2063 3761 2464 stanste", würden die Figuren meines „Gästlichen Hauses“
892 2170 3768 2557 sagen, in denen ich heute welt und Publikum sehe. Ihre
914 2312 3549 2650 Dichtung steht jenseits. Seien Sie von Herzen bedankt
914 2382 3504 2769 sollte ich schlecht gerathen haben, folgen Sie mir nicht!
1297 2468 3824 2835 Ein Wort, bitte, wenn sie die Fahnen zwijckwünschen.
2341 2587 3750 2847 Juli. Und dann? Brioni
888 2691 3850 3099 ist bis September besetzt Wir denken an den Lido. Ende
2148 2757 2245 2854 2
2115 2802 2419 2925 Beattieresse
1286 2772 2115 2992 wie sind bier bis
914 2806 3791 3218 Juli und Anfang August einige Tage noch Gebirge, mir
922 2954 3664 3293 nicht zu weit. Haben sie keinen Vorschlag? Ist es ganz
918 3103 2616 3408 unmöglich, dass wir uns treffen?
2315 3125 3207 3341 von Herzen Ihr
2371 3226 3475 3430 Heimel Mann
940 3553 1631 3735 meine Frau
970 3657 1643 3846 grüsst bestens.
