4677 4599
2745 306 3789 501 5 1/2 1/4 1/8 ̃
1962 401 2700 532 * * * *  =================*
1009 428 1614 581 * * *... * * *
742 459 3721 734 Guter Wille, die Wahrheit zu sehen und von ihr zu lernen, war sie
746 558 3743 814 weniger da als jetzt: eben dies drückt sich in Reaktion und
2099 665 3705 857 Ich brauche nur zu vergleichen mit
1694 772 3724 987 legios" den Zuhörern aus dem Herzen zu
738 749 1988 941 « völkischer Bewegung«ans.
753 849 3808 1197 sprechen schien. In Deutschland ist niemals lange auf moralischen
769 902 1713 1117 1917, als cnadame
1354 964 1709 1071 3 rue d’après eu le
1675 944 3766 1204 Denn es fehlt moralische Kultur: wie wäre
757 1063 3755 1407 sonst alles das möglich, was nun seit Jahren hier geschieht, wie
749 1113 1591 1331 muth zu rechnen.
769 1185 3778 1533 wären die deutschen Gerichte möglich, diese Art von "Wirthschaft"
1660 1254 3690 1530 man ist aber keine Nation ohne sittliches
749 1380 3816 1774 Bevurstsein; daher die Verlogenheit und Unfähigkeit des deutschen
753 1457 1522 1640 und alles eibrige.
1610 1480 3770 1755 Durch heftigsten Misserfolg allein kann ein
1667 1587 3594 1874 vorübergehend stutzige gemacht werden.
749 1686 1415 1866 Nationalismus
776 1713 3816 2057 Dann entstehen Erfolge wie die meinen 1917-78. Solche Erfolgte
769 1805 1591 1973 Volk Unbewusster
780 1832 3782 2168 werden immer bestritten, und sie setzen aus. Man muss mir
1900 1946 3721 2176 Ich wäre gern anderswo, kann es aber
780 2023 3713 2382 kaum, und wäre sogar schon in Wien nicht mehr am Platz.
769 2095 1717 2317 wissen, wie es steht.
792 2176 3690 2516 sie sind glücklich, dass sie dort wurzeln und einen doch
780 2260 3786 2638 wohl meistens willigen und nahrhaften Boden um sich fühlen.
1101 2405 3812 2745 Sagen Sie dies nicht dem Verlag Zsolnay! Das Bild ändert.
780 2539 3820 2895 sich jetzt oft, und mit etwas Glücks kann mein Roman, wenn
2753 2619 3839 2822 Ich werde thun, was ich
780 2726 2658 2952 er erscheint, doch viele Auflagen haben.
788 2757 3866 3090 irgend kann, um ihn noch in diesem Jahr zu beenden. Inzwischen
811 2868 3709 3216 schreibe ich auch an den letzten Novellen eines Bandes, der
803 2925 3774 3315 unverbesserlicher Weise wieder die Jetztzeit zeigt - und wie!
814 3105 3717 3411 In der Osternummer der N. Fr. Pr. erscheint, wenn sie es bringt,
811 3243 2807 3564 eins der weniger ausschweifenden Stücke.
1120 3296 3889 3617 Auf bald, bitte! Sowohl brieflich wie in Person. Viel Glücks
795 3426 3403 3801 auch Ihrem Sohn für sein deutsches Engagement - wo.
2241 3571 3059 3747 Verzlichst Ihr
2267 3652 3212 3893 Weimit Mann
