4457 4615
2233 500 2861 669 1 1/2 1/4 rue 3/4 1/3
3578 1230 4092 1433 11. März 1916
1635 1281 2770 1504 18. Febr. 1916 München Tengstr. 31
3603 1383 4053 1515 München
784 1363 1224 1562 26. des. 1915
1633 1434 2145 1598 Sieber Freund,
3598 1459 4230 1622 Leopoldstr. 48 II.
1659 1487 2758 1660 Ihren wünsch habe ich sogleich an.
791 1521 1017 1638 Pras
1642 1557 2754 1756 die Redaktion weitergegeben. Ich
781 1592 1363 1722 Hôtel Erzherzog
1659 1657 2565 1873 hoffe, er sind berücksichtigt.
3099 1639 3644 1776 Lieber Freund,
544 1677 1366 1844 Stefan, Wenzelsplatz
1689 1736 2787 1965 Neulich (hitte Januar) kam ich
3113 1729 4246 1906 auf der Reise nach Prag hatte,
1651 1810 2805 2045 mit meiner Frau von Präs zurück,
3048 1838 4244 2038 ich einen Band Reiselektüre bei
220 1851 1158 2011 Lieber, verehrter Herr Doktor,
1653 1910 2814 2133 und kann Ihnen sagen; die Unter¬
3045 1918 4255 2108 mir, sonst nichts Gedrucktes und
243 1936 1387 2138 da von hier die Gelegenheit vielleicht
1653 1977 2735 2205 suitione an der Gremé var wohl
230 2048 1428 2252 günstiger ist, will ich nicht versäumen,
1660 2044 2808 2309 eingehender als Soust, hat aber doch
3048 2023 4062 2223 erst recht nichts Geschriebenes.
3052 2089 4229 2327 Nehnsen Sie etwas mit, so wird
1657 2120 2861 2381 nur die Zeit bis zum nächsten zuge
247 2139 1371 2340 Sia zu begrüßen und zu fragen, ob
1656 2212 2743 2482 gedauert, der 15 Minuten nach
3052 2192 4277 2415 es ihnen nach Prüfung nachgesandt.
261 2220 1421 2431 Die Weissen Blätter mit meinem
1663 2271 2854 2538 ungerer Ankunft abging. Dabei hatten
3057 2306 4261 2531 Es heißt, es zu günstiger, Manu¬
250 2327 1413 2518 Ersai über sola bei Ihnen einge¬
1668 2358 2885 2616 wir viel Gepäck. Sie könnten vielleicht
3048 2377 4250 2637 Stripte und Bücher vorauszuschicken.
243 2400 1460 2629 troffen sind. Ungefähr ab 10. Jänner
1659 2441 2884 2693 andere Erfahrungen machen, ich will nichts
3072 2482 4224 2690 handelt es zu für Sie nur 5m
250 2493 1403 2710 bin ich wieder in München, Teig¬
1660 2549 2816 2785 verantworten. aber ich sage Ihnen die
1663 2596 2869 2846 meinen, in der Hoffnung, dass Sie sich
3078 2590 4167 2793 Abschriften, so ist die Gefahr ja
1669 2687 2854 2913 doch noch entschliessen, herzukommen.
268 2664 1409 2901 Mit herzlicher Neujahrsgrüßen und
241 2685 506 2822 sh. 31
1683 2737 2832 2990 Wer ziehen jetzt zur längere Zeit nach
3155 2761 4253 2952 In der Erffnung, daß diese Aus¬
3064 2750 3413 2887 nicht groß.
255 2763 1410 3017 Empfehlungen, von Haus zu Haus,
1678 2816 2849 3076 Garnisch, "Hofgarten". Ich schreibe
3959 2854 4200 2937 man
3040 2879 3906 3043 kunft Ihnen dient, und
1691 2890 2828 3125 etwas: und sie, ich hoffe, desgleichen.
265 2929 989 3119 immer Ihr angebener
3073 2917 4221 3120 ich also doch einmal viertrsicht,
1700 2952 2898 3196 die schönsten Empfehlingen Ihrer Gemahlin
791 3014 1362 3201 M. Mann
3054 3060 4004 3230 Herzlich Str. 28. Mann
2397 3096 2878 3281 H. Mann
1698 3134 2315 3293 Verzeichst Ihr
