4162 4567
335 1104 950 1270 Hennichum
1082 1173 1563 1345 25. Sept. 1911
1093 1313 1458 1447 3. Tölz
1108 1391 1864 1557 villa thomas Mann
624 1689 1335 1855 Lieber Herr Doktor,
656 1825 1831 2019 schon vor einigen Tagen hörte ich von
358 1903 1812 2127 dem Unglück, das Dir getroffen hat, und
358 2004 1859 2211 bereits sehr, Sie in solcher Zeit mit meinem
374 2112 1717 2319 unrichtigen Anliegen belästigt zu haben.
402 2183 1831 2440 Ich erwartete nur die Bestätigung, um Ihnen
376 2315 1572 2533 zu sagen, daß ich mit Ihnen fühle.
380 2404 1768 2632 meinestheils hänge heute ängstlicher als
369 2496 1803 2742 früher an meiner Mutter, dem ersten
382 2606 1771 2824 Kuell alles wärme. Sie dahingehen
382 2736 1192 2950 zu sehen, macht frösteln.
661 2837 1727 3015 Sie sind sehr gütig, daß Sie
378 2907 1799 3144 beim Burgtheater noch bemüht haben. Die
365 3025 1831 3228 Ablehnung, die mir freilich noch nicht direkt
376 3122 1741 3332 mitgetheilt wurde, überrascht mich nicht
374 3205 1831 3414 mehr, da sie meinen Münchner Erfahrungen
0 4239 264 4425 G.C.P.
328 4304 436 4412 G.C.P.
536 4321 706 4440 Gouvernement
784 4276 1030 4420 Gouvernemental
2738 503 3269 667 'V:A:S:V:R:S'
2404 495 2606 650 G.C.P.
3339 503 3580 684 "    "
1961 1294 3403 1473 entspricht. Das hiesige Inteodant und sein
1969 1393 3395 1535 Regitteur Kilian wollen „keine Schau¬
1961 1490 3427 1652 spielesien als Cocotta auf der Hofbühne sehen.
1982 1581 3371 1745 der Direktor Stollberg seinerseits findet
1980 1684 3336 1851 die Charakter des Stückes falsch. In
1978 1766 3345 1930 Berlin könnte mein Verleger Cassiner
1978 1879 3420 2041 natürlich leicht bewirken, daß die Durieur,
1978 1937 3321 2133 die nicht abgeneigt ist, die Rolle spielt.
1978 2052 3317 2218 Unglücklicher weise will er Ähnlichkeiten
1974 2123 3306 2302 der Leonie mit seiner Frau entdeckt
1982 2213 3395 2418 haben, und das macht ihm bedenken.
1984 2328 3380 2505 vielleicht bemüge ich mich noch bei Jarm,
1987 2421 3326 2624 falls ich Gelegenheit habe, nach Wien zu
1991 2526 3293 2697 kommen. Mitte Oktober soll ich eine
1989 2608 3330 2820 Vorlesungsreise antreten, die Anfangs
1989 2688 3379 2896 November in Prag oder in Wien endet.
2006 2797 3351 3015 Ich würde mich sehr freuen, Sie und Ihre
1997 2887 3282 3107 Gemahlin, dann zu Hause und die
1989 2978 3382 3222 gnädige Frau vollkommen erholt zu finden.
2034 3097 3377 3321 Ich wünsche ihnen einen recht glücklichen
2958 4312 3163 4423 S. A.
