4731 4584
1407 504 1698 636 V. E. F.
1466 1164 1945 1283 1. Aug. 1924
1472 1246 1914 1344 Bad Moos
1474 1307 2004 1416 bei S. Candido
1778 1356 2165 1452 (Innichen)
1506 1432 1945 1522 Alto Adige
999 1535 2140 1653 Lieber Freund Dank für Ihre
980 1591 2169 1735 Karte. Wir varen in Kärnten, Post
1004 1648 2191 1803 Weissensée, mit Ida Koland, die
1000 1738 2210 1886 von Ihrem Stücks oder seiner Besetzung
997 1817 2177 1953 noch nichts wüsste. Sie ist nur sep¬
994 1886 2199 2024 tember in Wien, dann erst wieder im
1008 1945 2213 2089 Januar. Ihre erste Rolle ist Phädra
1007 2022 2125 2189 - Jetzt erwarten wir hier 1350 m.
1007 2092 2214 2256 noch den Zeitpunkt, wo wir mit un¬
1000 2177 2219 2322 serem Kind nach Grado gehen können
1007 2236 2177 2394 Wir denken Ende September wieder
1013 2293 2236 2463 in München zu sein. Ist dann oder
1000 2378 2247 2544 inzwischen Aussicht, dass wir einander
1017 2426 2202 2636 begegnen? Ich wünsche Ihnen die
1013 2503 2234 2697 allerbeste Erholung. Geben Sie aus
1004 2579 2114 2769 der Schweiz einmal Nachricht!
1016 2653 2214 2848 Über Ihr Stück liesse sich natürlich
1016 2745 2237 2915 mehr und Besseres sagen. Der leichte
1025 2817 2205 2980 Schritt des Handlung. Scheiubar
1019 2887 2222 3046 unabsichtlich geht es vorwärts und
2714 513 3028 615 " " " 4 1 "
4257 532 4510 636 Votre très de l'étrangine.
2489 507 2672 637 "    1   -
3388 552 3476 649 11
2856 1098 3357 1197 21. Okt. 1924
2888 1180 3323 1265 München
2885 1235 3409 1364 Leopoldstr. 59
2431 1356 3043 1475 Lieber Freund,
2446 1389 3632 1546 vam Verlag erhielt ich Ihr Stück;
2412 1461 3629 1624 dann las ich auch von dem Erfolg
2425 1566 3603 1704 der Aufführung. Man bestätigte
2418 1617 3623 1801 gütig, dass es «seinen Weg machen»
2442 1701 3666 1857 werde. Ich hatte nicht daran gezweifelt.
2503 1804 3597 1951 Wann kommt es aber hier! Ich
2438 1873 3609 2027 wünsche mir so sehr, es zu sehen.
2431 1937 3603 2108 werde aber wohl im November mit
2442 2012 3618 2194 meiner Frau nach Italien fahren,
2438 2070 3553 2275 dann womöglich auch das Kind
2437 2166 3610 2329 einnehmen; der Winter hier ver¬
2455 2245 3649 2392 spricht unerschringlich theuer zu
2457 2296 3573 2476 werden, die verbrecherische Aus¬
2466 2381 3675 2531 vrucherung geht weiter. Ich konnte
2460 2435 3672 2616 verläufig noch nicht in meine Winter
2452 2508 3666 2673 arbeit hineinkommen, soeben kehre
2459 2573 3672 2752 ich von einer "Rheinreise" zurück.
2465 2635 3669 2823 Düsseldorf (Immermann-Bund)
2463 2721 3645 2898 und Duisburg waren sehr gut, und
2471 2797 3641 2944 sie zahlen gut, ich empfahle Ihnen,
2485 2926 2896 3034 die Plätse.
