4776 4568
3511 344 3619 481 1
2757 384 3352 554 18. Nov. 1923
2791 514 3334 647 münchen
1490 503 1608 699 P.S.
2794 577 3393 791 Leopoldstr. 59
1124 769 1863 1024 Lieber Freund,
1131 869 3704 1113 welch ein schöner, langer brief von Ihnen! Sie haben
858 1002 3781 1235 mich sehr erfreut, in dieser sich verdüsternden Welt. Letzthin
861 1094 3652 1345 schrieb ich an salten, Condenhove, er menezet, sogar noch
858 1201 3789 1486 an Andere: immer zu dem gleichen Zweck. Ihnen wollte ich
865 1301 3766 1567 die langweilige Mühe nicht machen. Vielleicht habe ich schon
869 1393 3785 1674 zu viele bemüht, so wird am Ende garnichts draus. Es scheint
883 1497 3733 1785 sehr schwierig. Wir bekommen nun möglichenfalls eine Aus¬
883 1619 3770 1915 nicht von ganz unerhoffter Seite, dann würde meine Frau
876 1730 3763 2070 schon nächste Woche hinfahren, um es anzusehen. Man muss
880 1859 3778 2129 sich offenbar beeilen mit dem Plan, obwohl ich weit lieber in
861 1963 3704 2269 Ruhe meine Arbeit thäte. Aber das ist es eben, Ruhe zieht
865 2088 3722 2329 nicht mehr ein. Meine Nerven erlauben schon kaum mehr
880 2181 3826 2436 das Eigentliche, woran das Herz hängt, zu thun, sondern nur
872 2288 3818 2573 Nebendinge, was die Zeit grade will. Im Grunde nicht meiner
883 2366 3792 2687 Fall. Sässe ich nur erst wieder abseits über meinem Roman!
891 2528 3815 2791 Dabei kann ich nicht sagen, dass ich mich ausgesprochen unglücklich
883 2617 3840 2935 fühle; aber zu sehr gespannt und nach allen Seiten in Anspruch
1626 2783 3730 3005 Die Verleger thundazu das ihre! Sie haben
1763 2883 3826 3079 mit dem meinem bin ich sehr nahe vor dem
883 2887 1442 3049 genommen.
887 2968 3859 3256 Profess. Ein Ausweg wäre nur noch, wenn er sich meine Bücher
876 2975 1704 3157 wahrhaftig recht.
3626 3042 3722 3112 ouvoir
883 3109 3663 3364 abkaufen liesse von einem jungen Verlag, der mit einem
909 3219 3737 3478 Fuss in Österreich steht und in Kronen zahlen würde. Das
876 3301 3707 3608 würde auch meinen anderen Plan erleichtern. — Ferner habe
902 3426 3766 3704 ich beim Verband der Bühnenschriftsteller beantragt, dass er
898 3574 3619 3800 das deutsche Theater vor dem Schiedsgericht verklagen möge.
894 3685 3774 3907 Die Schauspieler dort wollen meine koncödie, als unzeitgemäss,
891 3815 2835 4014 nicht spielen. Lauter erfrischende Dinge¬
1246 3833 3866 4136 Ich sehe, im Gegensatz zu Ihnen, nur ganz wenige Personen.
