4776 4648
2671 391 3272 550 12. Maïs 1922
896 476 1431 679 Hennys he
2700 498 3202 664 München
4072 539 4176 668 G. E.
2704 583 3331 767 Leopaldstr. 59
2143 509 2243 708 1 i
948 734 3692 1033 endlich habe ich einmal wieder besser geschlafen und schreibe Ihnen.
918 712 1531 959 Lieber Freund,
852 826 3788 1210 In der Klinik schlief ich, aber den Ansprüchen des wieder entfesselten
3102 955 3597 1088 Nun am
874 1044 3003 1295 Lebens bin ich offenbar noch nicht ganz gewachsen.
867 1040 3700 1424 1. April sollen wir an den Bodensee reisen, Mitte Juni denke ich
871 1162 3814 1516 wieder in Gastein zu sein. Nachher? Das ist das problem. Könnten
852 1254 3792 1704 wir in Salzburg oder Steiermark zusammentreffen? Sie haben
867 1383 3748 1778 es dann hoffentlich schon mit einem Gesunden zu thun. Jetzt bin
859 1487 3707 1937 ich noch in einem Zwischenzustand, der aber schon recht erträglich ist.
893 1730 2350 2021 Die Wunde selbst ist gut verheilt.
1025 1737 3619 2139 Ihre Nachrichten stratzen von Thätigkeit, mir wird warm und
863 1837 3836 2276 wohl dabei. Was das Stücks betrifft, glaube ich von der Angelegenheit
882 1996 3803 2387 der Dreizahl etwas zu verstehen. Wir hat ein solche gottgegebene
882 2080 3733 2486 rend unverbruchlicher Eintheilung von jeher eine Art von Halt und
878 2191 3663 2637 zuversicht gegeben. Mir schien wohl: was formal restlos aufgehe,
878 2328 3681 2752 müsse auch innerlich richtig sein. Jedenfalls habe ich schon in den
893 2401 3733 2870 "Göttinnen" das Grundgesetz 3 rnd 6 gehabt. Bei meinem
2464 2486 3755 2789 - Ich freue mich auf Ihr Stück,
911 2608 3825 3087 und wäre glücklich gewesen, Ihre „Schwestern“ im Burgtheater zu sehen,
926 2663 2464 2999 jetzigen Roman ist es 5 und 8.-
3419 2726 3700 2851 Den
937 2826 3231 3172 Ich habe mich überzeugt: nur dies ist wirklich Ihr Theater¬
944 2822 3847 3298 Medardig" ich is dort 1911. Wo könnte er jemals so heraus¬
1084 3065 3733 3504 Übrigens. Ruf und Wirkung des Burgtheaters. Nach meiner
948 3158 3685 3615 dortigen Aufführung habe ich sofort eine Anfrage aus England
941 3235 1380 3408 kommen!
2424 3250 3840 3560 In Deutschland wird das Stück
955 3456 3206 3869 seit 1917 gespielt, ohne daß Derartiges geschehen wäre.
966 3467 2383 3748 wegen Mme Legros bekommen.
1136 3512 3777 3932 Seit Sprem Brief las ich in der Zeitung, daß der „Reigen“ gut
985 3608 3822 4039 vorübergegangen ist. Die liberale Presse hat Ihnen nicht geholfen
1003 3656 3836 4150 sie würde Ihnen auch anderswo nicht helfen. Auf dem Posten ist
2187 3840 3844 4150 "Neulich stand im Berl. Bagebl. ein
989 4028 2162 4294 immern nur die Gegenseite.
