4776 4551
982 473 3891 793 Er lässt jede Vorlesung (vegen Überfüllung) 2mal halten. Dafür bekam
975 658 3851 931 ich 800 (statt üblicher 500). Dann ist in Duisburg, grünstr. 8 der
993 764 3854 1076 (gymnasial) Professor Dr Boss, der 500 bewilligt. Ferner noch
975 847 3902 1138 eine “loge” in Düsseldorf für 350, das ist alles. Ich habe mich mit
975 938 3862 1265 den weniger zahlenden Vereinen nicht abgegeben, sondern schnell
2364 1055 3876 1269 im Breidenbacher Hof auch
1716 1156 1924 1225 wird
975 1142 2629 1375 alles erledigt; Reise/bezahlt, Aufenthalt,
1080 1149 3927 1491 Von Basel aus sind mir eine Schweizer Tournee für März vorbereitet.
971 1269 3829 1596 Dort werde ich sehr bescheiden sein und mich freuen, gratis in der
2382 1320 2764 1393 le reste de l'année en lisant avec les
996 1411 3007 1684 schweiz zu reisen (mit mässigem überschuss).
1255 1476 3858 1807 Ein kleines, nur zum geringsten Theil neues Novellenbuch
996 1578 3844 1945 schicke ich Ihnen weniger um seiner selbst willen, nur als Zeichen
2134 1705 3644 1909 Wir begreiffen Sie und die Ihren
2669 1822 3418 2022 Verzlichst Ihr
1000 1858 1982 2073 meiner Anhänglichkeit.
2694 1931 3494 2156 veieurs mains.
