4697 4569
3410 516 3526 626 1
3573 482 3722 647 Pieter
4244 474 4391 645 I. I.
3292 813 3413 983 E
1444 1038 2197 1263 Nimi Mann
2991 962 3271 1271 11.25
2084 1114 2946 1287 hünchen, den 19.
1520 1337 3492 1583 hiebei, sehr verchrter Herr Doktor Schmitzler¬
1423 1526 3329 1756 gestern haben wir Missi Glümer begraben.
1463 1646 3526 1900 Es war ein stilles und sehr würdiges Begräb.
1405 1769 3366 1995 niß. Gusti hat die Stunde nicht bekannt
1421 1874 3329 2113 gegeben und so waren mir einige beste
1429 2071 2126 2246 Freunde dabei.
1696 2118 3494 2357 Gusti hat sich sehr tapfer gehalten aber
1439 2275 3526 2509 jetzt ist ne ausammengebrochen. Sie bort mich
1436 2377 3536 2634 Ihnen zu schreiben und seinen in sagen.
1452 2527 3395 2797 daes Missi freiwillig ein Ende gemacht
1452 2634 3457 2923 hat. Sie hat ich auscheinend diesen Sommer
1439 2768 3423 3030 in Gastein Veronal verschafft und das
1436 2891 3505 3138 muß sie wohl genommen haben. Sie soll, wie
1436 3022 3531 3298 man jetzt hört, in verschiedenen Leuten
1444 3140 3484 3410 Selbstmordabsichten geäußert haben – aber
1489 3269 3594 3552 immes mit ihrem feinen Summer - so dass man
