4677 4599
3368 272 3808 394 xx
2071 291 2687 448 ..,,n
1167 341 1722 478 * * * *  =================*
700 348 907 521 ..........
2538 394 3142 589 19. April 1924
1259 513 1343 655 : /
2534 521 3096 662 München.
3927 490 4229 662 Votre très seule avec le
1631 517 1826 681 1 „
2549 555 3215 773 Leopoldstr. 59
1060 762 2071 991 Mein lieber Freund,
2599 788 3659 980 Wünsche. Ihre Briefe
1076 865 2564 1110 nehmen auch sie die herzlichsten
2733 938 2943 1033 au moins de nouveau
2626 922 3759 1098 aber Sie haben recht, wir
743 1010 2499 1282 gehören zum Besten was mir geschieht.
735 1072 3709 1386 sollten uns wiedersehen. Ich bin glücklich, dass Sie den Wunsch
1868 1148 3621 1405 Sie könnten gegenwärtig ganz ruhig
750 1206 3785 1592 hierherkommen, ich begleite Sie dann gern aufs Land Es wäre
746 1305 1719 1497 ebenso fühlen wie ich.
3326 1351 3739 1497 Wenn
754 1378 3292 1738 gut, wenn dies bald wäre, wozu immer hinausschieben.
750 1481 3694 1810 wir aber varten müssten, ist die nächste bequemer möglichkeit
2729 1569 3640 1787 Gastein zu fahren.
762 1703 3835 2048 Wirkönnten uns vorker in Salzberg treffen, mehrere Tage vorher
2813 1719 2897 1780 9
762 1680 2591 1937 Mitte Juni. Ich denke 15. Juni nach
2231 1745 2591 1841 lʼauteur ses mauvais.
746 1810 3828 2174 wenn sie einverstanden sind, und könnten auch dort aufs Land
2193 1948 3770 2128 Sind Sie Mitte Juni gerade zu
3230 1998 3778 2197 Abee dort
777 2048 2136 2296 gehen, falls Sie es vorziehen.
766 2059 3173 2388 Keiner Reise geneigt, komme ich auch nach Wien.
781 2170 3808 2518 ist unser Verkehr umständlicher als in Salzburg oder auf dem
777 2373 2779 2652 Lande; und Sie werden weniger frei sein.
2641 2358 3877 2599 & schon bis zum Erscheinen
1144 2461 2541 2695 Ich freue mich, dass Ihr St.
777 2480 3778 2859 und bis zur Aufführung gediehen ist, und ich hoffe wirklich,
2404 2541 2541 2603 G.C.H.F.H
777 2607 3766 2947 diesmal bekomme ich es zu sehn. Die Schwestern" sind mir
1458 2679 3850 2978 Ich freue mich sehr Ihrer Äusserung, sie seien
2687 2737 3116 2840 wenn man wiederholt
792 2821 3801 3184 selten so gespannt auf eine Aufführung gewesen, wie auf die
788 2936 1290 3085 entgangen.
1634 2947 3690 3234 Sie glauben also doch wenigstens, dass es
2848 3024 3904 3238 Ils Berlin scheint man
796 3119 1520 3299 meiner Komödie.
811 3162 2714 3422 kein ganz aussichtsloser Versuch wäre.
1768 3127 3835 3452 Die Schauspieler haben sich geweigert, das
823 3269 3778 3632 stück zu spielen, ich prozessire mit dem Deutschen Theater.
796 3341 1696 3533 es dafük zu halten.
2266 3418 3070 3529 3 1/2 1/4 ^ n r w r w j r v r r r * r * a r * t * a
815 3384 3858 3755 Ein anderes hat sich noch nicht gemeldet, ausser in der Provinz.
1102 3521 3912 3843 Dies wäre kein grosses Unglück, wenn es nicht offensichtlich
811 3640 3881 3961 bedeutete, dass man überhaupt die Zeit nicht hinstellen soll,
815 3747 3717 4115 wie sie ist. Man soll märchen erzählen und lustig machen,
2197 3785 3908 4080 grade, wenn man sich zeitgemäss giebt.
