4427 4569
1238 1182 3095 1413 s zum täglichen Brot. Wenn unsere Verleger gemeinsam
1194 1267 3153 1527 vorgingen, wäre der Sortimantes im Handumdrehen genöthigt,
1220 1342 3136 1568 nachzugeben. Will es die Erscheinungen aller großen Verlage
1238 1476 3010 1685 seinem Publikum auch nur einige Zeit vorenthalten.
1242 1503 3112 1772 Die Folge wäre, daß das Publikum ich gewöhnen würde,
1235 1634 3151 1882 beim Verlag zu bestellen. Die Verlage wurden gemeinsame
1235 1699 3010 1967 verkaufsstellen errichten, und eine der Möglichkeiten,
1235 1816 3078 2054 unser Geschäft vom Grund aus zu reformiren, wäre ver¬
1250 1877 3100 2147 wirklicht. Wir selbst können in Sieher wichtigsten Frage
1250 1972 3119 2278 nichts Anderes thun, als immer wieder unseren Verleger
1242 2074 3175 2336 zur Austragung der Sache mit den Sortimenten auffordern
1264 2142 3139 2439 Ich verhäume es bei keiner Gelegenheit und bitte auch Sie,
1257 2229 3170 2521 zu drängen! Unsere legitimen Einkünfte gehen ständig
1247 2390 2708 2601 an die am wenigsten berechtigten verloren.
1573 2470 3158 2699 Meine Uraufführung ist gut vorübergegangen,
1272 2560 3163 2828 das Stück scheint befriedigend, weiterzugehen. In Berlin,
1892 2618 2191 2704 C'est à la
1255 2640 3073 2900 wo es am gleichen Abend sein sollte, mußte es verthoben
1267 2721 3151 2995 werden, weil namhafte Schauspieler nicht zu haben waren.
1286 2806 3187 3083 Sie verlangen Starrollen, oder sie filmen. Auch dort ein
1281 2900 3124 3183 unerträglicher Zustand. Das Ungeträglichste bleibt, daß
1272 2978 3204 3265 man sich mit solchen Dingen bethäftigen muß. Die Schweie¬
1272 3080 3136 3360 rigkeiten des Lebens spielten Ich ehemals besonders in
1286 3168 3187 3448 mir selbst ab. Heute drängt die Außenwelt sich entschieden
1614 3324 3197 3601 Mit den herzlichsten Grüßen von Haus zu Hans
1296 3404 1680 3552 zu 4 Uhr vor.
2327 3440 3163 3664 Heimie Mann,
3263 547 3377 695 1e
3751 515 4165 715 Vonn. kirz verhält. Inhaltung.
2874 557 3134 729 1 1 1/2
