4776 4551
2716 368 3213 509 1. Nov. 1924
2753 479 3221 612 München
1297 509 1463 667 1:7:4
2756 545 3346 704 Leopoldstr. 59
1787 497 2071 689 „ „ —” „
1338 744 2027 973 Lieber Freund,
1360 877 3855 1135 vielen Dank für Ihren ausführlichen Brief. Ich will Ihnen
2804 1010 4006 1176 Die "Komödie der Verführung"
1002 1054 2653 1257 nur melden, dass ich mich gepaut habe.
3276 1106 3394 1164 cenier
3036 1109 3154 1179 G.F.P
1035 1135 3965 1400 geht also glänzend weiter — besouders glänrend, wenn man das heutige
1021 1234 3928 1459 Niveau des Theaters ansieht und vie schwer bessere Stücke überhaupt
1032 1341 3858 1577 noch drankommen. Für mein «gasteiches Haus« ervärent sich hier
1028 1441 3873 1666 und da ein Berliner Regisseur; aber wenn die Bedürfnisse des
1013 1551 3936 1817 herrschenden Publikums erst ernstlich bedacht verder, wird sieder
1695 1651 3873 1868 Vor dem Krieg konnte das Stück nicht geschrieben
1006 1758 3869 2012 verden, sonst vare es rofart gespielt vorden. Mit dem damaligen
1013 1761 1573 1909 nichts daraus.
1021 1861 3866 2104 Publikum liess sich reden: mit diesem nicht. Vorübergehn
1002 2027 3228 2226 lassen! Würde man nur nicht älter inzwischen.
1341 2056 4006 2322 Sie sind unter den Nachwehen bewegter Zeiten. Sie arbeiten
988 2156 3910 2447 aber dennoch so viel Schönes. Wenn Neid mir läge, Ihre Frucht¬
2690 2292 3947 2498 Ich selbst komme langsamer
988 2347 2557 2616 barkeit würde ich vielleicht beneiden.
1002 2403 3965 2708 vorwärts, veil nur der Geist willig ist. Das Vegetative rebellirt,
1032 2513 3722 2771 hällem durch Schlaflosigkeit. Was man geröhnlich auf die
1061 2594 3737 2878 weit selbst schiebt; aber es sind wohl auch Erlebnisse, die
1986 2712 2152 2786 G.C.H
1047 2723 3633 3055 achsirken, Zeit und eigenes Schicksal, stehn im Bunde.
1371 2826 4031 3106 Sie schreiben sehr Erfreuliches über Ihre Kinder. Ich wünschte
973 2963 3858 3261 mir das meine eigentlich auch schon in dem Entwicklungs alter
2163 3040 2351 3106 au moins de ses
1002 3062 3895 3353 Thier Cili. Aber es ist auch gut zu sehen, wie es die Uhr lernt
999 3199 3943 3453 und die erste leidenschaftliche Freundschaft erleidet. Ihr Heim
3681 3239 3866 3313 ouvrage de nouveau
2668 3302 2801 3379 G.C.F.P.
1002 3305 3829 3560 wird also wohl der nächste grosse Regisseur verden - natürlich
995 3479 2764 3707 in Berlin, wo Regisseure gross verden.
1356 3482 3899 3777 Am Rhein, weil Sie danach fragen, habe ich mit 4 Abenden
977 3611 3770 3899 1650 Mk verdient, geriss das rlöchste, vas zu holen var. Der
995 3744 3961 4006 Immermann - Bund Düsseldorf vird geleitet von einem sehr sympathi-
1021 3843 3851 4101 thischen Menschen, dem jüdischen Kinderarzt Dr. R. Lenneberg,
3316 3899 3980 4094 Kreuzstr. 63
