4411 4680
3868 461 4187 659 G.C.R.M.
3223 512 3423 602 "    "  "
2881 569 2967 703 11
895 533 1054 674 : 1:
2239 1256 4052 1528 daß es Interesse für die Sache hat und etwas versteht.
1198 1308 1672 1468 29. Dez. 1912.
223 1252 957 1452 H. Mann
2274 1398 3980 1652 Die Theaterleute haben, wie ich sehe, sehr viel mehr
1241 1443 1544 1553 Meran
2274 1468 4077 1746 Verständniß, als die Preßleute. Nur die Direktoren
1250 1490 1726 1636 Uitel Adey
2295 1558 3924 1836 sind wohl meistens dumm? aus Angst vor dem
2295 1638 4014 1946 Wagniß. Der Münchener Intendant zögert immer
2295 1697 4081 2007 noch vor der grossen Liebe, und den Bernhardi¬
3839 1796 3974 1904 Vie
663 1787 1387 1976 Biebes ihres Doktor,
2297 1872 3697 2155 hat er nicht einmal in Betracht gezogen.
2576 1888 3992 2180 (z. B. in Frankfurt) fürchten für ihr Geld
685 1913 2063 2146 es ist sehr schön, daß Sie mich in dieser
225 1980 2016 2297 zeit gegrüßt haben; auch ich denke was oft und
2313 2023 3819 2297 und verlieren es mit Schmarrn erst recht.
2324 2041 4115 2391 exiome, gute Stücke in guter Zufgenieh sind
252 2086 2036 2371 bereitete mich schon vor, Ihnen zu schreiben. Man
2297 2099 2531 2209 andern
2317 2182 4126 2501 immer durchgesetzen. Erst einer hat seine Existenz.
249 2160 1940 2504 hat solches schriftliche Erinnern besonders nöthig
261 2272 2016 2567 wenn man, wie ich jetzt seit sechs Wochen, von
2333 2245 4117 2578 darauf gestellt: Brahm; und es hat Erfolg gehabt.
265 2340 2027 2666 der Welt fast nichts zieht, als das Blatt Manu¬
2688 2358 4124 2643 Eine große Freude wäre es mir, wenn ich Die
294 2418 2086 2767 krigt, das man grade vor sich hat. Mein Roman
2346 2466 4104 2785 lieber Herr Doktor, bei der Première oder, wie im
285 2513 1982 2836 nimmt zu; aber ein großer Homan ist doch ein so
2349 2555 3978 2902 vorigen Jahr, bei der Generalprobe dabei hätte.
283 2605 1980 2926 weitläufiges Unternahmen, daß man immer wieder
2351 2625 4081 2976 Aber es ist wohl reine Aussicht. Jedenfalls hoffe
299 2693 2047 3050 fürchtet, man ist bankerött, bevor es sich auszahlt.
2353 2699 4129 3111 ich, daß das Jahr 1913 was gesammenführt, und mehr
308 2776 2000 3133 Es heißt, ein sehr gespanntes Dasein führen: Sie
2351 2805 4104 3146 als einmal. Dies ist einer der Wünsche, die ich für
2378 2902 4153 3234 mich selbst hege. Ihnen und Ihrer Gemahlin wünsche
726 2946 2104 3227 Im Januar denke ich aber abzuspannen,
2387 2969 4102 3333 ich, daß es gehe wie bisher! Dann mir scheint, sehr
319 3032 2088 3358 wenn ich nämlich nach Berlin gerufen werde, zu den
2396 3084 4124 3414 viel besser läßt es Ich nicht wünschen. - Mit den
294 3081 643 3218 wissen ja.
351 3093 2155 3466 proben meines Stückes. Mit dem Regisseur herrig¬
2398 3151 4081 3502 ergebensten Empfehlungen an die gnädige Brau, bin ich
357 3212 2041 3542 bin ich brieflich ganz gut ausgekommen; es scheint,
2394 3331 3531 3592 in herzlicher Gesinnung immer Ihr
3320 3391 4126 3600 neimis marin
