4441 4535
1787 412 1905 612 P.
2319 480 2890 658 1 1/2 1 4
827 519 1018 612 „ „ —: —
1424 1187 3082 1365 sich darstellen läßt; es hat beziehungen zu jedem
1431 1323 3063 1478 von uns. und dabei lassen Sie es sich an den
2362 1414 3038 1534 Welche ungeheure
1435 1437 2321 1608 größten Dingen erweisen.
1443 1505 3042 1711 Spannung in den entscheidenden Momenten.
1459 1645 2976 1810 Ich sehr hier, wie sehr sich unser Daßin,
1449 1705 2970 1940 gehen wir nur bis aufs Letzte, mit den
1449 1826 2960 2022 größten Menschlichkeiten der alten seiten
1816 1942 3032 2090 wir sind nicht kleines geworden.
1451 2024 1653 2117 Jacks.
1470 2020 3065 2224 Die Hinreißende Gefährlichkeit des Lebens,
1472 2127 3110 2333 die aus den letzten Repliken Ihres dritten
1451 2243 3016 2469 aktes herausbricht. hat Stendhal nicht
1470 2410 2125 2581 Zühlbarer gemacht.
1789 2529 2972 2719 Empfehlen Sie mich, bitte, Ihrer
1447 2622 3040 2851 Gemahlin und nehmen Sie den Ausdruck
1457 2768 2372 2943 meines großen Verehrung.
2255 2960 3121 3137 meines mains.
