4441 4599
1291 266 1724 410 2. Febr. 1917
439 259 960 446 Heim kann
2249 349 3859 584 Bühnenproben eines schon 1913 gebriebenen Stückes;
1314 375 1720 483 München
1320 433 1812 621 Leopoldstr. 59
2256 458 3800 668 und als die Aufführung bewissend, wurden die
2272 521 3846 753 Theater geschlossen, hoffentlich nicht für lange! Das
515 536 1333 747 Lieber, verehrter Freund.
2270 617 3779 845 Verleger Kurt Wolff bereitet meinen Büchern
552 651 2030 875 Sie sagen mir viel liebes und gutes, aber
2256 711 3875 946 endlich einen materiellen Erfolg – sehr nothwendig
448 739 2015 973 Sie dürfen überzeugt sein, ich brauche den Anlaß
2270 799 3859 1048 jetzt, da ich Familie habe Meine Frau auch
475 824 2046 1078 Stras Briefes nicht, um Ihrer oft und herzlich zu
2264 889 3718 1126 danken Ihnen beiden für Ihren Glückwunsch,
462 912 2111 1151 danken. Ihre Werke waren mir, schon längst, nicht
2270 973 3842 1230 unsere Tochter ist hübsch und macht reis glücklich.
462 1011 2111 1245 weniger werth als Ihnen die meinen. Noch kürzlich,
2285 1088 3808 1297 die Ihre das reizend, jetzt muß sie schon ein
919 1103 2124 1329 Weg in den Kammerspielen ließ mich
454 1174 2084 1427 wieder deutlich sehen, daß dieses Ihr Theater doch
460 1222 937 1343 der Eingame
2526 1224 3846 1486 Nehmen Sie alle guten Wünsche, lieber
820 1283 925 1329 ouvrage.
2300 1283 2802 1398 Fräulein sein!
454 1314 2092 1538 das eigentliche Seelentheater ist, dasjenige, worin
2300 1316 3842 1590 Freund, wollen Sie mich, bitte, Spar Gemahlin
454 1366 2101 1609 wir, im Stande einer gewissen Reife, unser Leben
2300 1419 3720 1682 empfehlen, und seien Sie herzlich begrüßt
467 1486 2019 1720 wie es war, am treuesten fühlen. (Sfrindberg,
3053 1555 3842 1747 Neinrit Mann
454 1559 2026 1846 den ich in der gleichen Zeit mehrmals sah, ist nicht
454 1634 2139 1890 treu und erinnert an nichts, das sind nicht Seelen
2298 1659 2662 1774 von Ihrem
460 1739 2130 1996 sondern Gespächter.) Ich freue mich, wie das Frauen
467 1818 2072 2072 unter gewissen Umständen nur möglich ist, auf Ihr
460 1927 2107 2164 neues Stück und ganz ebenso auf den Roman
469 1969 2128 2256 den ich natürlich als Buch lesen will. Meinestheils
490 2084 2132 2358 habe ich seit 1916 ein gaar kleine November geschrieben,
475 2199 2149 2425 auch ein Stück für künftig, und jetzt geht ein Roman
481 2285 2032 2524 dem Ende zu. Unterbrochen wurde ich durch die
3461 2559 3978 2733 30. Aug. 1918
668 2597 1021 2750 6. Aug. 19
2067 2578 2490 2808 20. Nov. 1917
701 2710 1096 2808 München
3478 2683 4093 2856 Bad Kohlgrub
711 2758 1191 2900 leopoldstr. 59
2067 2752 2444 2869 München
3505 2789 4039 2957 by Murnaw.
2082 2793 2582 2976 Leopoldstr. 59
174 2829 873 2969 verehrter, lieber Freund,
186 2848 1327 3045 es ist eine sehr angenehme Über¬
2973 2911 3517 3091 lieber Freund,
1628 2927 2199 3101 Verehrter Brand,
188 2967 1368 3128 rathring, daß Sie im Lande sind!
1664 2986 2798 3172 für Str Stück, daß so heiter ist ohne
3009 3030 4143 3256 für Vre liebe Karte meinen besten
203 3059 1354 3216 Verl da es garnicht zu vermeiden ist.
1592 3066 2787 3260 Hächheit und so vorzüglich gearbeitet,
186 3149 1304 3327 daß Sie nach München kommen,
2978 3147 4105 3367 dank. Ich denke, daß wir am
1603 3160 2752 3384 habe ich Ihnen aufrichtig zu danken.
193 3210 1304 3390 darf ich doch auf Sie rechnen? — Ich
2999 3227 4162 3476 3. Sept. dort sein werden, vielleicht
1682 3239 2741 3465 herte, nach einer anstrengenden
188 3296 1337 3509 würde zu Ihnen fahren, aber grade
1592 3338 2745 3553 Reise durch das ganze Deutschland,
3001 3352 4053 3578 schon am 2ten. Ich freue mich,
203 3379 1352 3566 komme ich erst vom Lande zurück
1615 3428 2708 3626 begnüge ich mich mit dem Dank
3001 3423 4126 3651 einer Woche lang in Ihrer Nähe.
207 3469 1306 3660 und kann mich nur schwer zugleich
1622 3522 2750 3716 red, den besten Grüßen von Hans
199 3570 1322 3764 wieder los machen. Halten Sie zu
3005 3622 3599 3796 sein zu können.
205 3651 1381 3856 doch, ich litte Sie und Stra Gemahlin,
3036 3668 4093 3903 Empfehlen die neuf, bitte, den
1615 3674 1944 3815 zu Haus.
1724 3687 2429 3890 Herzlich Ihnen ergeben.
213 3729 1310 3949 herzlich darum, zumindest einen
2978 3752 4160 3986 Damen, grüßen Sie Steinück,
2067 3783 2817 3940 Reinert Mann.
230 3808 1412 4020 Tag frei für uns. Schreiben Sie mir
3009 3842 4193 4093 falls er dort ist. Meine Frei
197 3892 1425 4118 welchen (oder Waffeniren Sie 331 27)
203 3990 1375 4189 5nd wir verden uns bemühre, Eys¬
3057 4016 3509 4175 2t die Alli
207 4095 1163 4279 sit zu sorgen. — Also bestimme
3287 4080 3900 4275 herzlich ergeben.
1237 4145 1387 4267 allerige
211 4166 1030 4348 wiedersehen! Grüße reden
1230 4235 1406 4327 sten
3693 4204 3848 4363 Von
218 4288 841 4432 Ihnen beiden und
205 4365 693 4501 rück von mei¬
