4457 4632
336 513 738 622 Vyf 1 1 1 4 1 1
3488 494 3589 702 1
2680 888 2806 973 aie e
1206 965 1643 1108 16. Okt. 1915
1247 1082 1670 1215 Mundien
355 1050 744 1198 Marn
1264 1140 1700 1309 Tengstr. 31
2220 1185 3587 1373 hier sehen. Das wäre sehr schön.
2462 1275 3860 1486 Vergliche Grüsse und Empfehlungen
2239 1448 3039 1613 von Hans 24 Haus
466 1461 1471 1658 Verehrtes, lieber Freund,
2928 1566 3835 1767 Heinrich Mann
481 1593 2019 1829 Ihre Stücke sind wieder einmal sehr
2522 1587 2703 1711 Ihr
317 1685 2036 1978 echt und persönlich; ich freue mich über
332 1790 1914 2090 das Buch sie über einen direkten Gruss
355 1891 1961 2171 von Ihnen! Die Meinung der Kritiker
372 1998 1940 2271 theile ich nicht und bevorzüge nicht das
364 2045 2092 2376 greite, sondern das erste. Es scheint mir
366 2137 2068 2475 ungewohnten; vor allem ist es delikat und
357 2329 1285 2577 hat tiefe Hintergründe.
545 2372 1957 2665 Im zweiten Stück hat es mir ge¬
368 2466 1914 2761 schmeichelt, dass der Hofschauspieler
394 2532 2113 2870 «] immer mal wieder sagt. er sieht nicht
394 2669 1995 2964 so aus, als hätte er viele Romane
417 2742 1987 3080 gelesen, und diesen kennt er also doch.
409 2838 2049 3153 Oder, vielleicht reige er garnicht, dass er
413 2932 2025 3236 citirt. Das wäre noch schmeichelhafter
552 3116 2064 3403 Wie ich gestern von Steinrücks hörte,
423 3191 806 3358 bür mich.
406 3200 2083 3527 ist jetzt doch Augsicht, dass wir Sie bald
