4308 4472
1127 726 1556 956 Moun
1456 1203 2409 1398 Grand Hôtel Villa d'Este
1746 1340 2174 1435 REINE D'ANGLETERRE
1130 1373 1449 1476 T. DOMBRÉ, DIR RUE
1978 1384 2884 1565 Cernobbio, le 7. Sept. 1911
2043 1491 2275 1578 LAC DE CÔME.
1547 1668 2362 1857 Lieber Herr Doktor,
1092 1875 1226 2025 ION TE
1574 1857 2949 2121 Die Haaterferien sind zu Ende, aber
1139 2005 2945 2311 der Baron Berger, äußert hf nicht. Wenn
1252 2065 2958 2387 Sie grade Gelegenheit haben: würden Sie ihn
1565 2150 1911 2248 genommen wurde
1239 2206 2958 2498 nochmals an mich erinnern. Es wäre sehr
1241 2317 2858 2650 gütig von Ihnen. Er mag gegebenen
1264 2402 2925 2708 Falles direkt mit dem Verlag Paul
1261 2536 2587 2889 Cassirer Berlin W. 10 verhandeln.
1643 2643 2998 2909 Meine Adresse bleibt noch ungefähr
1266 2788 2947 3065 8 Tage die obige, dann erlaube ich mir, Sie
1273 2976 2282 3188 nochmals zu benachrichtigen.
1701 3043 2927 3282 Ich hoffe, die haben einen guten
1295 3137 2947 3413 Sommer verbracht. Empfehlen Sie mich, bitte,
