4440 4584
719 426 824 587 P.S.
289 1024 2097 1288 so weiß ich zwar noch nicht, wohin mit meiner
314 1156 2036 1402 person, aber wenigstens darf ich Sie meinen
325 1268 1947 1467 vorläufig in Sicherheit glauben. In Böhmen
1288 1333 2072 1490 jeden anderen Wahn¬
309 1398 1214 1604 hält die nationale abgehe¬
1006 1469 1207 1552 Toutaoure.
1163 1434 1989 1602 Im Übriges hoffen wir
320 1510 1039 1714 sines wohl noch auf.
320 1505 2020 1779 auf die heilige Entente! Etwas 10 Köhliches
316 1637 1958 1877 wie den italienischen Capitano oder major
325 1725 2090 1987 der in Salzburg die paar Mann das Besatzung
334 1852 2018 2079 kommandirt, habe ich seit 1913 nicht gesehen.
332 1913 1958 2175 Man faßt wieder mich und sieht den Lido
329 2027 2059 2298 aufsteigen. Im Ernst! wollten unsre Besieger
338 2099 2072 2404 nur zur Besinnung kommen. Ihre Gesellschaft
349 2188 2036 2477 rend Dankungsart taugten bis unlängst mehr
332 2280 2126 2589 als unsere, dies bleibt meine Meinung. Jetzt
338 2404 2101 2715 Sie sind auf dem Wege, unter das hinab¬
340 2491 2065 2818 zusinten, was wir waren, dies sehr ist. Aber
338 2616 1929 2930 „so hat noch immer und überall „der Sieg“
345 2679 2061 2997 ausgesehen. - Zum Herbst, wenn dann die Welt
358 2807 2047 3084 noch steht und keine Lebensgefahr damit ver¬
354 2894 2094 3190 bunden ist, will ich meine politisch = literarischen
358 3026 2094 3306 Aufsätze herausgeben, darunter eine zusammen¬
365 3082 2094 3412 hängende Würdigung unserer deutschen Laufbahn.
363 3199 1978 3501 An einem Roman, der die Intellstuellen
367 3268 2056 3597 unter Wilhelm II zum Gegenstand hat, hoffe ich
374 3394 2043 3689 weiter zu schreiben. Ausstanden soll ich zwei
3387 491 3756 629 Votre très de l'auteur, que le
2536 484 2641 661 11
3830 517 3927 656 1
2220 939 3902 1158 Premieren haben. Auch Dies liegt im Schoß des
2260 1039 3956 1250 Zeitereignisse, nicht nur, wie sorgt, in dem der
2262 1127 4054 1301 Direktoren; und was von beider unzuverlässiger
2244 1252 2968 1427 ist, weiß man nicht.
2464 1272 4001 1499 Nun habe ich Ihnen mehr erzählt, als Sie mit
2240 1375 4007 1620 Ihrer freundlichen Frage, was ich mache, wohl beab¬
2838 1460 3956 1669 Ich suche, wie Sie sehen. Ersatz
2262 1505 4068 1832 für das fehlende Beisammensein. Möchten auf
2260 1599 2735 1734 sichtigt hätten.
2269 1651 3956 1931 Sie bald wieder etwas beitragen durch einen
2493 1855 4043 2099 Ich begrüßte Sie vom Herzen. Empfehlungen
2283 1830 2946 2036 und das lieben Briefe!
2267 2032 3024 2227 der gnädigen Frau.
2890 2135 3768 2361 keinril manu
2522 2509 3940 2809 Hier habe ich bis Mittel Zuli "Erlaubniß",
2253 2625 3824 2966 die vielleicht bis 1. August verlängert wird.
