4776 4568
710 424 833 641 17
398 503 547 695 11/1
764 637 3676 865 Ist das vorzuziehen? Ich folge hier einfach den Gegebenheiten. Aber
768 768 3574 992 auch in Wien wäre mein Wunsch nicht grade gesellschaftliche
786 869 3639 1094 Entfaltung. Nur drängt es mich wirklich, mit Ihnen wieder
793 989 3661 1224 zusammenzusein, und zwar öfter. Hoffentlich kommt es so.
804 1065 3621 1354 Bis dahin ist nicht viel zu sagen, dies dient mir, Ihnen
808 1195 3632 1470 für Ihren lieben Brief zu danken und zu versichern, dass ich
818 1278 3734 1586 Ihrer denke. — Grüssen Sie, bitte, auch Ihrer Kinder von uns.
808 1430 3089 1731 Meine Frau begrüsst sie. Ich bin immer Ihr
2455 1597 3136 1771 25- mains
