4747 4600
381 533 549 688 ...
994 487 1863 698 1 1/2 1/4 „ „ 9 „ 4 „ —„
618 538 943 690 1 1/2 1/4
2159 956 2249 1159 1
247 989 824 1324 Heen kann
2496 1172 4323 1358 bekannten Verhältnisse? Ferner, ist es
1353 1221 1919 1401 19. Mai 1924
2494 1283 4472 1453 üblich oder thunlich, gleich jetzt Vertrag zu
1355 1373 1906 1489 brünchen.
2504 1373 4434 1566 schliessen und die Hälfte voraus zu fordern?
1363 1435 1997 1587 Leopoldstr. 59
3352 1494 4328 1636 (2)3.3.0.
2728 1592 4326 1734 Ihren Brief las ich mit Dank - und
2484 1654 4506 1834 Trostgefühlen. Ich brauche im Grunde, ganz
484 1677 1273 1837 Lieber Freund,
2486 1744 4331 1989 im Grunde, nur gute Leistungsfähigkeit,
513 1767 2105 1989 verzeihen Sie: schon wieder eine
2499 1847 4459 2076 um über alles hinwegzukommen. Wenn ich
240 1888 2244 2094 Bitte um Auskunft. Die Neue Freie Presse
2478 1961 4444 2177 bedeute, dass ich grossverlierer der Juflation
1672 1981 1901 2056 A.W.S
1891 1973 2187 2084 oman,
247 1999 1904 2208 hat ein Auge gevorfen auf meinen
2486 2079 4444 2277 bier – die ganzen, 1 ½ Jahrzehnte erwarteten
263 2100 2301 2334 der, grösstentheils fertig, beim Verlag 2 solnag
2496 2182 4354 2422 Gelderfolge meiner Arbeit zerflossen sofort.
260 2208 2120 2406 liegt. Ich soll schon jetzt sagen, was ich
2478 2246 4426 2494 und es überstanden habe! Aber jetzt muss
265 2293 2159 2548 verlange. Nun handelt es sich um einen
2486 2352 4462 2610 ich mich dranhalten: daher auch die obige
258 2391 2321 2636 ungewöhnlichen Umfang, 2 Bande, zusammen
2494 2445 4508 2739 ernste Frage. Vielen Dank für Ihre Bemühung
263 2486 2239 2713 vielleicht 900 Druckseiten. Bei Ullstein oder
263 2550 2339 2831 Nosse würde ich für den Vorabdruck 20 000 Mk
778 2630 1288 2736 de cette nouvelle sont avec une beaucoup de
2700 2581 4434 2816 Die Freude ist gross, Sie in Gastein er¬
1852 2643 2272 2721 lʼhonneur de lʼadresse. Votre ami
271 2708 2342 2955 verlangen und bei Annahme wohl auch bekommen.
2496 2708 4467 2945 warten zu dürfen. Nichten sie es doch, bitte,
263 2808 2303 3009 Die N. F. P. aber rechnet in einer weniger grössen¬
2491 2767 4524 3043 so ein, dass sie nicht zu eilig sind. Ich wohne
268 2885 2249 3110 wahnsinnigen Währung: ist es dort möglich,
2504 2901 4539 3117 ab 15. Juni im Gasteinerhof. Die verbotene
281 2973 2159 3202 die gleiche Ziffer zu nennen? Ich könnte,
2496 3045 3890 3236 Ausreise muss ich durchsetzen.
263 3084 2326 3316 hinzusetzen: falls gleichzeitiger Abdruck Wien
2708 3094 4369 3370 Auf Wiedersehen! Ihnen treu ergeben
263 3158 2311 3408 u. Berlin, dann nur 15000 für Wien. Wozw
3527 3213 4421 3388 vaimer main.
276 3287 2316 3522 rathen Sie, angesichts der Ihnen gewiss besser
