4407 4679
503 500 679 659 1 1/2
702 489 808 652 II
1283 1150 1786 1301 27. Febr. 1913
1294 1253 1907 1398 Partenkirchen
168 1200 615 1402 Mauv
1324 1331 1976 1489 Hans Martini
461 1744 1221 1932 Lieber Herr Doktor,
503 1891 1930 2121 hier trachte ich mich zu erholen von dem
255 1960 2088 2228 Beriner Durchfall und seinen Begleitnisseinungen.
285 2045 1999 2350 Es war der unangenehmste Durchfall, gämlich einer,
271 2148 2093 2433 der sich wahrtheinlich hätte vermeidern lassen. Wenn
273 2222 2077 2543 Barnowsky, der sich um das Stück riß, es bekommen
266 2302 2088 2651 hätte, würde er möglichenfalls (er selbst glaubt es
275 2405 1969 2747 noch jetzt) einen Erfolg daraus gemacht haben.
285 2504 1937 2814 Nur der feste Wille eines Direktors war nöthig
280 2589 2105 2912 denn das Publikum fing, nachdem die erste Wirkung
303 2646 2082 3011 das sehr schlechten Presse vorüber war, wieder an
298 2782 2116 3126 hineinzugehn. Aber das fünfköpfige Direktoren¬
298 2848 2146 3211 collegium des Lessingtheaters hatte mit Stimmenmehrheit.
298 3052 1489 3314 das Stück sofort wieder abgesetzt.
509 3062 2116 3337 Bei das Premiere - ich habe, als ich gerufen wurde,
289 3163 2020 3475 das Haus sehr ruhig beobachtet — zuschte ein Drittel,
2215 1180 4060 1377 und zwei Drittel klatschten. Die Kritiker aber schrieben
2226 1262 4044 1483 alle im Sinn des Zisser. Warum. Problem. Die
2242 1354 4064 1579 Kritiker sind ohnmächtig gegen alles Untergeordnete.
2251 1441 3943 1668 vielleicht darum lassen sie ihre Macht an jedem
2251 1499 4000 1783 höheren Versuch aus. Es bleibt immerhin erstaunlich,
2270 1586 4078 1870 denn sie begehen Selbstmord; dank ihnen werden die
2270 1710 3904 1962 Beriner Bühnen umso schneller, den Londoner
2270 1788 4071 2079 verhältnissen zutreiben, in denen es neder Literatur
2272 1978 3023 2205 noch kritik mehr giebt.
2536 1990 4037 2254 Unter dem wenigen Guten, das mir auf
2286 2105 3998 2387 dieser Reise vergönnt war, ist vor allem eine
2290 2155 4076 2469 Aufführung des "Professor Bernhardi". Der ist durch¬
2300 2251 4064 2603 gekommen, auch gegen den Willen der Presse, nicht
2309 2355 4046 2676 wahr. Sie waren stärker; und ist habe grade jetzt
2302 2488 3555 2779 Grund, Sie besonders zu befunden.
2573 2566 4041 2871 Empfehlen Sie mich Ihrer Gemahlin und
2327 2736 3633 3050 seien Sie herzlich begrüßt von Ihrem
3075 2860 3931 3052 Heinrit Mann
2600 3045 4046 3309 Ihre Brau Schwägerin liegt viel in der Sonne,
2300 3153 3807 3459 ich glaube, man darf mit ihr zufrieden sein.
