4411 4680
2049 533 2467 658 .......
3797 510 4241 690 Votre très-Monsieur, â¬
2925 530 3171 719 1 1/2
2294 1154 4077 1464 wie hier. Man war auch noch nie so wirklich und
1384 1188 1741 1307 2. Okt. 1912
321 1179 544 1320 Mai
2326 1266 4056 1550 zugleich so geisterhaft. — Möglichenfalls interessirt
1404 1275 1782 1402 München
2324 1343 4109 1641 Sie das schon längst nicht mehr. Nahmen Sie aber,
1416 1327 1880 1493 Leopoldstr. 48
2319 1493 3681 1737 bitte, meinen allerhaglichsten Dank.
2727 1584 4031 1851 Mit Empfehlungen an Ihre Gemahlen,
772 1762 1466 1937 Lieber Herr Doktor
2752 1766 3239 1967 Ihr ergebener
3307 1787 3867 1969 re. manu
829 1855 2060 2128 Ihre Theaterstücke sind jetzt meine
323 1971 2137 2326 größte Freude. Ich habe bisher den Zinsen Rakadū
337 2053 2178 2408 gelesen und den Ruf des Lebens. Dies letzte
344 2174 2169 2513 hat mich überräscht, es steht eigentlich allein in Ihrem
355 2256 2199 2593 werk, obwohl das Zusammenhang natürlich zu sehen ist.
362 2372 2053 2677 Aber es hat eine so merkwürdige Intensität, die
378 2461 2037 2777 Erfindrig ist so kühn und das ganze in einem
376 2504 2181 2877 Tempo gebfrieben, das (versteht Ich.) Bei keinem von
394 2579 2137 2975 uns die Regel sein könnte. Ich bin tief entzückt
401 2738 2126 3048 von dem Stück. Das 2te Akt gehört sicher. Zum
407 2813 2078 3137 Unterhörtesten, das Sie gemacht haben. Dieser
421 2891 2149 3241 spickhafte blick hinter den Vorhang: so sieht das
414 2973 2172 3307 aus, sonach wir uns gefahnt haben. So viel kraft
423 3084 2110 3403 und Verzweiflung hat der Lebensdrang durch die
426 3166 2144 3540 fortwährende Nähe des Todes noch nie bekommen,
