4335 4632
3006 547 3389 737 V. P.
2402 553 2680 689 Votre très de l'â¬
214 1171 829 1387 A Maçu
1228 1311 1676 1424 20. Nov. 1911
1240 1405 1708 1541 J. J. Berlin
2280 1414 3428 1580 der Stelle auf nach, wien kommt.
1240 1504 1846 1642 Uitel Frederich
2604 1502 4000 1685 Ich danke mich jetzt bald nach Nippe
1265 1605 1764 1729 Eichhornstr. 3
2292 1603 4064 1800 zurückzuziehen, zu ruhigerer Tätigkeit. Ihre Reise,
2292 1688 4046 1892 lieber Herr Doktor, ist, h zweifle nicht, ersetz¬
3320 1786 4057 1936 Hoffentlich vergeht der
2287 1832 3139 1986 rend genußreich verlaufen.
592 1832 1311 1998 Liebes Herr Voktor,
2282 1885 4092 2094 Winter nicht, ohne daß wir wieder von einander
615 2007 2067 2195 Ihr Telegramm ist mir mit großer Ver¬
2310 2078 2535 2202 hören.
2615 2060 4087 2248 Sagen Sie Ihrer Gemahlin meine ergelegten
1665 2113 2076 2239 Es hat mir
243 2126 1518 2305 späterlich hierher nachgeschickt worden.
2292 2161 4076 2390 grüßte; ich hätte die gnädige Frau so gern gesehen;
264 2195 2076 2413 Ehe leid getan, daß ich Sie in München nicht noch¬
2308 2250 4030 2491 und nahmen Sie selbst die Versicherung meiner
243 2301 2076 2491 mals schon konnte, und Ihre Gemahlin ganz ver¬
999 2381 1943 2530 Aber ich war hier durch eine
2322 2418 3015 2590 herzlichen Gesinnung.
255 2455 820 2606 säumen mußte.
278 2450 1917 2696 Entlunige noch festgehalten. (Jetzt geht es besser.)
3185 2487 3307 2618 Ihr
597 2553 1938 2751 Meine Premien war ein falscher Sieg¬
2958 2620 3819 2795 Neimot Mann
243 2650 1998 2886 Als ich Nachts aus diesden zurück und ins Götel
262 2728 2028 2971 Esplanade kam, fand ich Erpstimmung vor. Tags
269 2801 2110 3054 darauf dann eine ganz abschauliche Presse und das
271 2916 2000 3164 Stück nur alle fünf Uhr einmal angesetzt, so
273 3006 2119 3245 daß es inzwischen immer wieder vergessen war. – Mein
264 3114 2078 3350 Lohn für das Ganze war, zu sehen, daß mein legt
280 3215 2113 3451 eine ertrein moderne Schautzichrin, wir die Jurieur,
319 3307 2108 3552 sehr gut bedient. Ich hoffe, daß sie gelegentlich mit
