<?xml version="1.0" encoding="UTF-8" standalone="yes"?>
<PcGts xmlns="http://schema.primaresearch.org/PAGE/gts/pagecontent/2013-07-15" xmlns:xsi="http://www.w3.org/2001/XMLSchema-instance" xsi:schemaLocation="http://schema.primaresearch.org/PAGE/gts/pagecontent/2013-07-15 http://schema.primaresearch.org/PAGE/gts/pagecontent/2013-07-15/pagecontent.xsd">
    <Metadata>
        <Creator>prov=READ-COOP:name=TrHtr:version=2.1.0:model_id=51170:date=25_07_2023_10:39</Creator>
        <Created>2023-05-01T22:04:05.802+02:00</Created>
        <LastChange>2023-07-25T10:39:39.899+02:00</LastChange>
        <TranskribusMetadata docId="1416460" pageId="54947732" pageNr="7" tsid="130598707" status="IN_PROGRESS" userId="64420" imgUrl="https://files.transkribus.eu/Get?id=XHVPNKQEYRSJLFUNLLLQWTJY&amp;fileType=view" xmlUrl="https://files.transkribus.eu/Get?id=LNNFXMRWOIMZGVGNCDIWPFNT" imageId="44451801"/>
    </Metadata>
    <Page imageFilename="1416460_0007.jpg" imageWidth="4315" imageHeight="4487">
        <ReadingOrder>
            <OrderedGroup id="ro_1711830188088" caption="Regions reading order">
                <RegionRefIndexed index="0" regionRef="tr_1"/>
            </OrderedGroup>
        </ReadingOrder>
        <TextRegion id="tr_1" custom="readingOrder {index:0;}">
            <Coords points="113,535 2952,535 2952,4380 113,4380"/>
            <TextLine id="tr_1_tl_1" custom="readingOrder {index:0;}">
                <Coords points="1750,619 1768,622 1778,613 1803,607 1822,587 1838,578 1857,580 1854,494 1838,492 1826,502 1807,502 1801,508 1791,502 1780,506 1770,500 1760,512 1749,513"/>
                <Baseline points="1761,585 1806,588 1850,588 1862,588"/>
                <TextEquiv>
                    <Unicode>1.° 1</Unicode>
                </TextEquiv>
            </TextLine>
            <TextLine id="tr_1_tl_2" custom="readingOrder {index:1;}">
                <Coords points="2060,661 2073,661 2087,675 2104,675 2116,665 2165,671 2173,663 2200,665 2188,488 2173,492 2167,486 2143,500 2124,492 2108,502 2079,494 2050,496"/>
                <Baseline points="2068,603 2110,611 2155,614 2200,611"/>
                <TextEquiv>
                    <Unicode>1er</Unicode>
                </TextEquiv>
            </TextLine>
            <TextLine id="tr_1_tl_3" custom="readingOrder {index:2;}">
                <Coords points="2297,642 2346,642 2361,652 2373,640 2381,644 2390,638 2408,652 2423,642 2451,654 2462,652 2462,547 2447,547 2416,523 2402,523 2381,535 2336,527 2297,531"/>
                <Baseline points="2307,617 2334,617 2379,617 2424,620 2468,614"/>
                <TextEquiv>
                    <Unicode>" "</Unicode>
                </TextEquiv>
            </TextLine>
            <TextLine id="tr_1_tl_4" custom="readingOrder {index:3;}">
                <Coords points="2371,1060 2420,1070 2441,1060 2455,1066 2468,1056 2490,1064 2499,1056 2519,1056 2550,1066 2552,934 2540,932 2513,945 2458,920 2435,934 2427,928 2416,936 2373,934"/>
                <Baseline points="2382,1050 2427,1053 2471,1050 2516,1047 2555,1053"/>
                <TextEquiv>
                    <Unicode>P.M</Unicode>
                </TextEquiv>
            </TextLine>
            <TextLine id="tr_1_tl_5" custom="readingOrder {index:4;}">
                <Coords points="1344,1622 1758,1566 2499,1566 2645,1515 2834,1548 2882,1538 2890,1420 2093,1500 1892,1455 1632,1537 1354,1459"/>
                <Baseline points="1355,1606 1370,1606 1415,1600 1459,1591 1504,1588 1549,1585 1594,1579 1638,1576 1683,1573 1728,1570 1773,1567 1818,1561 1862,1561 1907,1555 1952,1552 1997,1552 2041,1549 2086,1543 2131,1543 2176,1537 2221,1534 2265,1534 2310,1531 2355,1528 2400,1525 2445,1522 2489,1522 2534,1519 2579,1516 2624,1513 2668,1513 2713,1510 2758,1504 2803,1501 2848,1495 2892,1492"/>
                <TextEquiv>
                    <Unicode>Tantièmen ist er dann zum großen Theil schuldig,</Unicode>
                </TextEquiv>
            </TextLine>
            <TextLine id="tr_1_tl_6" custom="readingOrder {index:5;}">
                <Coords points="1350,1729 2188,1636 2581,1653 2672,1616 2824,1661 2867,1651 2873,1544 1768,1568 1358,1624"/>
                <Baseline points="1364,1698 1397,1695 1441,1692 1486,1683 1531,1680 1576,1674 1621,1671 1665,1668 1710,1662 1755,1659 1800,1653 1844,1650 1889,1644 1934,1641 1979,1638 2024,1635 2068,1632 2113,1630 2158,1630 2203,1630 2247,1624 2292,1624 2337,1621 2382,1618 2427,1615 2471,1612 2516,1609 2561,1609 2606,1606 2651,1606 2695,1603 2740,1603 2785,1603 2830,1603 2874,1612"/>
                <TextEquiv>
                    <Unicode>geblieben. Jetzt erklärt es sich zahlungsunfähig,</Unicode>
                </TextEquiv>
            </TextLine>
            <TextLine id="tr_1_tl_7" custom="readingOrder {index:6;}">
                <Coords points="1002,1696 1025,1690 1056,1706 1068,1708 1079,1702 1101,1714 1116,1712 1116,1585 1091,1587 1078,1599 1068,1599 1054,1609 1029,1601 1002,1605"/>
                <Baseline points="1012,1659 1056,1656 1101,1656 1122,1659"/>
                <TextEquiv>
                    <Unicode>a-t-elle</Unicode>
                </TextEquiv>
            </TextLine>
            <TextLine id="tr_1_tl_8" custom="readingOrder {index:7;}">
                <Coords points="1352,1828 2390,1764 2593,1702 2686,1729 2762,1651 2293,1634 2159,1688 2079,1653 1360,1737"/>
                <Baseline points="1364,1806 1373,1806 1418,1797 1462,1794 1507,1788 1552,1779 1597,1773 1641,1767 1686,1764 1731,1758 1776,1755 1821,1749 1865,1743 1910,1740 1955,1737 2000,1731 2044,1728 2089,1728 2134,1719 2179,1719 2224,1716 2268,1713 2313,1710 2358,1707 2403,1704 2447,1701 2492,1698 2537,1695 2582,1692 2627,1689 2671,1686 2716,1683 2761,1689"/>
                <TextEquiv>
                    <Unicode>weil sein Sekretär ihm durchgegangen sei.</Unicode>
                </TextEquiv>
            </TextLine>
            <TextLine id="tr_1_tl_9" custom="readingOrder {index:8;}">
                <Coords points="1365,1910 1511,1943 1593,1892 2036,1885 2672,1787 2875,1830 2888,1694 1371,1832"/>
                <Baseline points="1376,1910 1409,1907 1453,1901 1498,1898 1543,1892 1588,1886 1632,1880 1677,1874 1722,1871 1767,1865 1812,1859 1856,1856 1901,1853 1946,1847 1991,1844 2036,1841 2080,1835 2125,1833 2170,1827 2215,1821 2259,1818 2304,1812 2349,1806 2394,1803 2439,1800 2483,1794 2528,1788 2573,1785 2618,1782 2662,1779 2707,1776 2752,1776 2797,1770 2842,1767 2886,1770"/>
                <TextEquiv>
                    <Unicode>Übrigens war das Theater immer halbleer. Es</Unicode>
                </TextEquiv>
            </TextLine>
            <TextLine id="tr_1_tl_10" custom="readingOrder {index:9;}">
                <Coords points="1365,2044 1692,2021 1786,1968 2021,1990 2103,1935 2632,1912 2811,1863 2816,1813 2698,1795 2309,1871 2217,1842 2066,1896 1918,1865 1795,1926 1375,1947"/>
                <Baseline points="1379,2027 1382,2030 1427,2018 1471,2006 1516,1997 1561,1991 1606,1985 1650,1979 1695,1973 1740,1967 1785,1961 1830,1955 1874,1952 1919,1949 1964,1940 2009,1937 2053,1934 2098,1928 2143,1922 2188,1922 2233,1916 2277,1913 2322,1910 2367,1904 2412,1901 2456,1898 2501,1895 2546,1898 2591,1889 2636,1880 2680,1874 2725,1868 2770,1865 2815,1859"/>
                <TextEquiv>
                    <Unicode>ist zu klagt gelegen; und wenn Ihr Stück</Unicode>
                </TextEquiv>
            </TextLine>
            <TextLine id="tr_1_tl_11" custom="readingOrder {index:10;}">
                <Coords points="1360,2161 1552,2097 2447,2036 2748,1972 2758,1892 2604,1941 2213,1929 1865,2017 1373,2050"/>
                <Baseline points="1376,2116 1415,2110 1459,2104 1504,2101 1549,2092 1594,2086 1638,2077 1683,2074 1728,2068 1773,2062 1818,2056 1862,2053 1907,2047 1952,2041 1997,2039 2041,2036 2086,2030 2131,2024 2176,2021 2221,2018 2265,2012 2310,2006 2355,2003 2400,1997 2445,1994 2489,1991 2534,1985 2579,1979 2624,1970 2668,1964 2713,1958 2758,1949"/>
                <TextEquiv>
                    <Unicode>nicht die Kraft hat, das Publikum des</Unicode>
                </TextEquiv>
            </TextLine>
            <TextLine id="tr_1_tl_12" custom="readingOrder {index:11;}">
                <Coords points="1379,2243 2159,2178 2620,2071 2760,2097 2918,2056 2927,1968 1391,2149"/>
                <Baseline points="1394,2209 1403,2212 1447,2203 1492,2197 1537,2191 1582,2188 1627,2182 1671,2173 1716,2167 1761,2161 1806,2155 1850,2155 1895,2152 1940,2149 1985,2140 2030,2134 2074,2131 2119,2122 2164,2116 2209,2113 2253,2107 2298,2098 2343,2095 2388,2089 2433,2086 2477,2083 2522,2077 2567,2071 2612,2065 2656,2059 2701,2053 2746,2047 2791,2044 2836,2036 2880,2033 2925,2024"/>
                <TextEquiv>
                    <Unicode>"Schauspielhauses" herüberzuziehen, ist ein gutes</Unicode>
                </TextEquiv>
            </TextLine>
            <TextLine id="tr_1_tl_13" custom="readingOrder {index:12;}">
                <Coords points="1371,2338 2021,2270 2147,2210 2493,2229 2624,2169 2929,2167 2941,2075 2616,2073 2157,2180 1383,2241"/>
                <Baseline points="1385,2301 1418,2304 1462,2298 1507,2292 1552,2286 1597,2283 1641,2274 1686,2268 1731,2262 1776,2256 1821,2253 1865,2244 1910,2242 1955,2236 2000,2230 2044,2224 2089,2215 2134,2209 2179,2206 2224,2200 2268,2200 2313,2197 2358,2194 2403,2179 2447,2173 2492,2170 2537,2164 2582,2158 2627,2152 2671,2146 2716,2143 2761,2140 2806,2137 2851,2134 2895,2128 2940,2131"/>
                <TextEquiv>
                    <Unicode>Geschäft ausgeschlossen. — Ich unterbreite Ihm</Unicode>
                </TextEquiv>
            </TextLine>
            <TextLine id="tr_1_tl_14" custom="readingOrder {index:13;}">
                <Coords points="1379,2427 2155,2355 2480,2270 2548,2305 2704,2241 2871,2262 2879,2190 2089,2223 1924,2289 1642,2278 1387,2359"/>
                <Baseline points="1391,2409 1403,2409 1447,2403 1492,2397 1537,2388 1582,2379 1627,2373 1671,2364 1716,2358 1761,2352 1806,2349 1850,2340 1895,2337 1940,2334 1985,2328 2030,2322 2074,2319 2119,2313 2164,2310 2209,2301 2253,2298 2298,2289 2343,2286 2388,2280 2433,2271 2477,2271 2522,2265 2567,2259 2612,2253 2656,2247 2701,2242 2746,2239 2791,2233 2836,2227 2880,2227"/>
                <TextEquiv>
                    <Unicode>die Thatsachen. Vielleicht sind die noch in der</Unicode>
                </TextEquiv>
            </TextLine>
            <TextLine id="tr_1_tl_15" custom="readingOrder {index:14;}">
                <Coords points="1381,2515 1468,2538 1587,2513 1630,2536 1712,2501 1749,2507 1869,2439 2025,2445 2031,2402 1902,2363 1857,2387 1745,2377 1632,2420 1583,2406 1521,2429 1463,2408 1395,2423"/>
                <Baseline points="1394,2504 1406,2504 1450,2501 1495,2495 1540,2489 1585,2480 1630,2471 1674,2462 1719,2456 1764,2447 1809,2442 1853,2436 1898,2430 1943,2427 1988,2424 2033,2418"/>
                <TextEquiv>
                    <Unicode>Lage, zurückzutreten.</Unicode>
                </TextEquiv>
            </TextLine>
            <TextLine id="tr_1_tl_16" custom="readingOrder {index:15;}">
                <Coords points="1634,2622 1943,2585 2019,2608 2155,2542 2252,2573 2340,2517 2447,2546 2608,2478 2758,2490 2768,2418 2499,2422 2163,2499 1914,2484 1756,2540 1645,2523"/>
                <Baseline points="1647,2609 1692,2603 1737,2594 1782,2588 1827,2579 1871,2576 1916,2570 1961,2567 2006,2561 2050,2558 2095,2549 2140,2543 2185,2537 2230,2528 2274,2525 2319,2519 2364,2513 2409,2507 2453,2501 2498,2498 2543,2492 2588,2483 2633,2477 2677,2471 2722,2465 2767,2471"/>
                <TextEquiv>
                    <Unicode>Sie und Ihre Gemahlin geben mir</Unicode>
                </TextEquiv>
            </TextLine>
            <TextLine id="tr_1_tl_17" custom="readingOrder {index:16;}">
                <Coords points="1379,2754 1649,2733 1750,2676 1943,2696 2042,2643 2435,2643 2863,2544 2871,2484 2250,2573 2161,2544 2015,2624 1943,2583 1393,2637"/>
                <Baseline points="1391,2731 1435,2719 1480,2710 1525,2701 1570,2692 1615,2686 1659,2680 1704,2677 1749,2671 1794,2665 1838,2662 1883,2656 1928,2653 1973,2651 2018,2645 2062,2645 2107,2636 2152,2627 2197,2621 2242,2612 2286,2606 2331,2603 2376,2600 2421,2591 2465,2585 2510,2579 2555,2570 2600,2564 2645,2561 2689,2555 2734,2549 2779,2543 2824,2540 2868,2534"/>
                <TextEquiv>
                    <Unicode>hoffentlich verziehen, daß ich mich damals</Unicode>
                </TextEquiv>
            </TextLine>
            <TextLine id="tr_1_tl_18" custom="readingOrder {index:17;}">
                <Coords points="1410,2838 1507,2789 1811,2797 1951,2735 2285,2741 2571,2651 2863,2657 2937,2575 2744,2591 2704,2554 2437,2643 2106,2647 2003,2696 1852,2669 1422,2748"/>
                <Baseline points="1424,2812 1459,2800 1504,2791 1549,2782 1594,2776 1638,2770 1683,2764 1728,2758 1773,2752 1818,2746 1862,2740 1907,2734 1952,2731 1997,2728 2041,2722 2086,2719 2131,2713 2176,2707 2221,2704 2265,2695 2310,2692 2355,2683 2400,2674 2445,2671 2489,2665 2534,2656 2579,2648 2624,2642 2668,2636 2713,2633 2758,2627 2803,2624 2848,2621 2892,2618 2937,2615"/>
                <TextEquiv>
                    <Unicode>zu dem besprochenen Ausflug nicht mehr einge¬</Unicode>
                </TextEquiv>
            </TextLine>
            <TextLine id="tr_1_tl_19" custom="readingOrder {index:18;}">
                <Coords points="1389,2912 2219,2832 2334,2772 2723,2725 2820,2766 2873,2669 2441,2702 2330,2752 2260,2719 2110,2774 1949,2735 1799,2816 1655,2785 1398,2836"/>
                <Baseline points="1400,2910 1438,2895 1483,2886 1528,2877 1573,2871 1618,2862 1662,2859 1707,2854 1752,2851 1797,2845 1841,2839 1886,2839 1931,2827 1976,2818 2021,2812 2065,2809 2110,2797 2155,2794 2200,2788 2244,2782 2289,2776 2334,2773 2379,2770 2424,2764 2468,2758 2513,2755 2558,2749 2603,2740 2648,2737 2692,2731 2737,2722 2782,2716 2827,2713 2871,2707"/>
                <TextEquiv>
                    <Unicode>stellt habe. Es ging nicht. Wenn Sie mich</Unicode>
                </TextEquiv>
            </TextLine>
            <TextLine id="tr_1_tl_20" custom="readingOrder {index:19;}">
                <Coords points="1393,2993 1488,3021 1554,2970 2612,2851 2700,2886 2820,2816 2939,2863 2953,2752 1970,2867 1844,2842 1400,2937"/>
                <Baseline points="1403,2988 1429,2985 1474,2979 1519,2970 1564,2964 1609,2955 1653,2949 1698,2946 1743,2940 1788,2934 1833,2928 1877,2922 1922,2916 1967,2913 2012,2907 2056,2904 2101,2898 2146,2889 2191,2880 2236,2874 2280,2868 2325,2865 2370,2862 2415,2856 2459,2851 2504,2848 2549,2842 2594,2836 2639,2827 2683,2824 2728,2818 2773,2812 2818,2806 2862,2803 2907,2800 2952,2803"/>
                <TextEquiv>
                    <Unicode>nicht, als unbrauchbar für große Unternehmungen,</Unicode>
                </TextEquiv>
            </TextLine>
            <TextLine id="tr_1_tl_21" custom="readingOrder {index:20;}">
                <Coords points="1404,3104 2365,2962 2814,2949 2822,2886 2316,2898 2194,2949 2140,2914 1974,2974 1774,2949 1511,3032 1418,2993"/>
                <Baseline points="1418,3074 1435,3071 1480,3065 1525,3059 1570,3051 1615,3045 1659,3042 1704,3033 1749,3030 1794,3024 1838,3018 1883,3015 1928,3006 1973,3006 2018,3000 2062,2997 2107,2991 2152,2985 2197,2979 2242,2973 2286,2967 2331,2964 2376,2961 2421,2955 2465,2949 2510,2946 2555,2940 2600,2937 2645,2928 2689,2925 2734,2922 2779,2916 2824,2913"/>
                <TextEquiv>
                    <Unicode>verworfen haben, holen wir's vielleicht im</Unicode>
                </TextEquiv>
            </TextLine>
            <TextLine id="tr_1_tl_22" custom="readingOrder {index:21;}">
                <Coords points="1410,3201 1634,3139 2046,3130 2136,3079 2908,3046 2945,2947 2283,2974 1420,3098"/>
                <Baseline points="1424,3158 1468,3155 1513,3149 1558,3143 1603,3134 1647,3128 1692,3122 1737,3119 1782,3110 1827,3110 1871,3113 1916,3113 1961,3101 2006,3095 2050,3083 2095,3077 2140,3071 2185,3068 2230,3068 2274,3065 2319,3057 2364,3054 2409,3051 2453,3048 2498,3042 2543,3036 2588,3030 2633,3024 2677,3018 2722,3012 2767,3009 2812,3003 2856,2997 2901,2991 2946,2988"/>
                <TextEquiv>
                    <Unicode>herbst nach. Ich wäre sehr froh, bald wieder</Unicode>
                </TextEquiv>
            </TextLine>
            <TextLine id="tr_1_tl_23" custom="readingOrder {index:22;}">
                <Coords points="1414,3254 1632,3260 2009,3174 2099,3215 2334,3151 2439,3176 2567,3120 2690,3163 2904,3104 2912,3019 1418,3201"/>
                <Baseline points="1424,3242 1432,3239 1477,3233 1522,3230 1567,3224 1612,3221 1656,3212 1701,3206 1746,3203 1791,3197 1835,3194 1880,3188 1925,3185 1970,3179 2015,3173 2059,3170 2104,3167 2149,3161 2194,3155 2239,3149 2283,3146 2328,3146 2373,3140 2418,3137 2462,3131 2507,3125 2552,3119 2597,3116 2642,3113 2686,3107 2731,3101 2776,3098 2821,3092 2865,3086 2910,3080"/>
                <TextEquiv>
                    <Unicode>mit Ihnen gesammen sein zu dürfen. Herzliche</Unicode>
                </TextEquiv>
            </TextLine>
            <TextLine id="tr_1_tl_24" custom="readingOrder {index:23;}">
                <Coords points="1402,3380 1680,3297 2153,3283 2258,3229 2441,3270 2530,3209 2882,3188 2888,3124 2807,3104 2690,3163 2565,3122 2435,3178 1900,3198 1817,3246 1770,3203 1601,3273 1412,3273"/>
                <Baseline points="1418,3319 1456,3319 1501,3316 1546,3313 1591,3304 1635,3298 1680,3292 1725,3283 1770,3280 1815,3277 1859,3271 1904,3271 1949,3265 1994,3260 2039,3257 2083,3251 2128,3248 2173,3239 2218,3233 2262,3230 2307,3227 2352,3221 2397,3218 2442,3215 2486,3209 2531,3203 2576,3197 2621,3194 2665,3191 2710,3185 2755,3182 2800,3176 2845,3173 2889,3170"/>
                <TextEquiv>
                    <Unicode>Grüße reu Empfehlungen der gnädigen Frau</Unicode>
                </TextEquiv>
            </TextLine>
            <TextLine id="tr_1_tl_25" custom="readingOrder {index:24;}">
                <Coords points="2762,3305 2799,3314 2812,3334 2822,3332 2832,3342 2853,3340 2890,3192 2871,3186 2828,3196 2793,3182"/>
                <Baseline points="2779,3286 2788,3286 2833,3277 2877,3263"/>
                <TextEquiv>
                    <Unicode>Mr</Unicode>
                </TextEquiv>
            </TextLine>
            <TextLine id="tr_1_tl_26" custom="readingOrder {index:25;}">
                <Coords points="1418,3404 1624,3425 1762,3365 1896,3402 2307,3306 2544,3351 2591,3334 2604,3219 2534,3209 2439,3271 2400,3227 2256,3229 2151,3287 2001,3281 1955,3316 1680,3297 1544,3371 1422,3367"/>
                <Baseline points="1429,3397 1438,3394 1483,3391 1528,3388 1573,3385 1618,3379 1662,3376 1707,3367 1752,3361 1797,3361 1841,3358 1886,3349 1931,3346 1976,3343 2021,3343 2065,3337 2110,3331 2155,3325 2200,3319 2244,3313 2289,3307 2334,3301 2379,3295 2424,3289 2468,3283 2513,3277 2558,3271 2603,3271"/>
                <TextEquiv>
                    <Unicode>bei Ihnen. Grüßen Sie die Kinder.</Unicode>
                </TextEquiv>
            </TextLine>
            <TextLine id="tr_1_tl_27" custom="readingOrder {index:26;}">
                <Coords points="2153,3517 2202,3497 2303,3542 2894,3540 2918,3326 2879,3312 2803,3347 2608,3316 2544,3349 2398,3322 2353,3347 2241,3316 2173,3334"/>
                <Baseline points="2170,3460 2200,3454 2244,3445 2289,3442 2334,3436 2379,3430 2424,3424 2468,3418 2513,3415 2558,3412 2603,3409 2648,3403 2692,3400 2737,3394 2782,3385 2827,3382 2871,3376 2916,3373"/>
                <TextEquiv>
                    <Unicode>Heimot Mann</Unicode>
                </TextEquiv>
            </TextLine>
            <TextLine id="tr_1_tl_28" custom="readingOrder {index:27;}">
                <Coords points="103,4372 669,4368 669,4297 634,4304 521,4254 492,4252 442,4295 389,4310 340,4287 307,4304 177,4248 103,4289"/>
                <Baseline points="113,4367 158,4370 203,4367 247,4367 292,4370 337,4370 382,4370 426,4367 471,4367 516,4367 561,4367 606,4367 650,4367 674,4367"/>
                <TextEquiv>
                    <Unicode>Die wiederholt zuissen sein.</Unicode>
                </TextEquiv>
            </TextLine>
        </TextRegion>
    </Page>
</PcGts>
