4414 4664
1098 494 1309 707 P.S.
1499 509 2027 739 Von tädtigen und überallen.
796 522 1003 715 11/17
453 1198 762 1358 Main
1418 1384 1852 1520 mai 1913
453 1384 1201 1509 VILLA PRINCIPESSA GIVANNA
2246 1411 3440 1616 mich hier mit Ihnen begegne.
2410 1445 3789 1688 Der Bernhardi hat eine lange
654 1484 990 1558 (splendide-Hôtel)
622 1535 1052 1648 LIDO (VENEZIA)
2271 1565 3964 1792 Laufbahn vor sich, daran ist nicht zu zweifeln.
2291 1637 3942 1901 Mit einem Stück, das xxx weifelhafter
2301 1741 3972 2027 war und schon erledigt schien, habe ich kurzlich
2293 1826 3825 2131 in München einen recht starken Erfolg
2295 1899 3947 2246 gehabt. Freilich kann vorläufig nur Tilla
617 1903 1420 2097 Liebes Herr Doktor,
2301 2037 3919 2318 Derweise ihn mit “Schauspielerin“ haben.
664 2052 2044 2278 Durch Frau Steinrück hatte ich von
2512 2142 3936 2431 Im Juni denke ich wieder in München
411 2118 1997 2401 Meini’s Krankheit gehört zur mir schon
419 2199 2137 2506 gedacht, daß Sie das viel Unruhr bringen
2291 2242 3904 2546 zu sein. Wann werden wir uns wiedersehn.
2322 2291 3925 2672 Ich muß bald aufs Land gehn und so viel
839 2327 1916 2569 Möchten die einen guten
1150 2359 2144 2608 Ich selbst habe ihn möglichst
2316 2367 3938 2727 arbeiten wie irgend möglich. Möchte ich bald
421 2450 649 2597 werde
445 2474 1956 2804 früh begonnen und bin auf den Lido
409 2535 926 2695 rommer haben.
426 2572 2090 2906 gegangen. Es ist freilich noch frisch, - aber ich
2322 2601 3325 2876 Gutes von Ihnen hören!
2469 2627 3830 2946 Empfehlen Sie mich Ihrer Gemahlin.
430 2678 2065 2972 muß mich durchaus auf die zweite hälfte
2329 2680 3840 3023 Wenn der Heini noch von mir weiß,
1663 2750 2073 2923 Er wird
439 2823 1626 3072 meines Romans vorbereiten.
451 2848 2101 3159 wenn ich ihn fertig bekommen, sehr viel Anstoss
1909 2948 2107 3078 bson.
466 3004 1822 3283 erregen; einen Vorgeschmack habe ich
2320 2978 2804 3163 grüße ich ihn.
1626 3068 1993 3193 “März”
3329 3048 3962 3236 H. Mann
2531 3050 2999 3248 herzlichst zu
458 3134 1588 3374 bekommen, als das Stück im
468 3148 2122 3472 erschien. Es ist mir sehr sympathisch, daß ich
