5816 4120
3183 622 5353 871 wieder zurück. Die Zelle wurde schon im Herbst
3183 797 5504 1028 verkau Viele Jahre später begegneten wir einan-
3180 1002 5566 1156 der nieder in Gesellschaft. Sie hatte indess wieder
3207 1141 5459 1357 geheiratet. Niemand, der uns miteinander sprechen
3201 1334 5477 1520 sah, hätte ahnen können, dass ein seltsames, tiefes,
3189 1514 5453 1642 gemeinsames Erlebnis uns verband. Verband es uns
4600 1603 4792 1713 jene
3204 1621 5474 1846 wirklich? Ich selbst aber hätte sommerstille,un-
3192 1820 5492 2009 heimliche, und doch so glückliche Stunde für ei-
3189 1953 5400 2119 nen Traum halten können, den ich allein geträumt
3180 2101 5341 2332 hatte; so klar,so erinnerungslos,so unschulds-
3189 2252 4938 2504 voll tauchte ihr Blick in den meinen.
