5864 4200
4946 509 5144 660 47
3335 732 3715 949 lein.“
3755 757 4069 954 G.C.F.P.
3529 932 5495 1140 Noch immer hielt sie meinen Arm berührt, ja
3335 1086 5501 1297 nun ergriff sie ihn, hielt ihn fest. Ja, sie be-
3340 1197 5538 1486 wegte ihn leise hin und her, als hoffte sie mich
3335 1409 5432 1654 damit aus einer unbegreiflichen S Verstörung,
3320 1546 5352 1792 aus einem Wahn zu erwecken. Mein Augen aber
3309 1697 5561 1937 blieben starr, ich wusste, dass kaum Liebe in ih-
3303 1906 5544 2117 nen war, nur Wille, Drohung beinahe. Und ich merk-
3303 2035 5515 2269 te, dass ihre Angst wuchs und so versuchte sie’s
3289 2189 5589 2403 nun mit einem scherzhaften Ton: "Kind", sagte sie,
3303 2349 5501 2575 "hab ich nicht Recht gehabt? Ich habe schon im-
3280 2552 5549 2769 mer gewusst, warum ich dich Kind nenne. Soll ich
3280 2695 5532 2903 nun vernünftig sein für uns Beide? Leicht ist es
3269 2843 5506 3080 ja nicht. Nicht einmal für mich allein. Aber wir
3275 2995 4923 3215 müssen, wir mussen verständig sein.“
3426 3123 5512 3358 Warum müssen wir?" fragte ich hartnäckig und
3249 3240 4278 3478 hasste mich zugleich.
3526 3423 5461 3686 "Wir müssen", sagte sie und in immer stei-
3255 3558 5541 3823 gender Angst war sie gleich mit den stärksten, den
