5832 4072
5113 398 5278 538 28
3370 476 5492 721 erhob, sah ich den ihren mit einer Art mir un-
3361 713 5450 861 erwünschten Einverständnisses heiter in mein
3364 836 5439 1025 Auge sprühen. Da standen sie nun beide 4
3359 1000 5534 1206 all ihrer Gegensätzlichkeit, fast schwesterlich
3356 1167 5534 1351 anzusehen die dunkle Aline ganz in leuchten-
3345 1354 5420 1526 des Gelb,die blinde Agathe in sanftes Hell-
3361 1490 5500 1685 blau sommerlich gekleidet, und in all ihrer Ge-
3350 1649 5453 1838 gensätzlichkeit fast schwesterlich anzusehen.
3334 1813 5570 2011 Beide trugen die breitkrempigen Florentinerhüte,
3334 1975 5411 2172 wie sie damals modern waren,Agathe hatte den
3348 2133 5481 2387 ihren schon abgenommen und auf das Klavier ge-
3334 2206 3612 2434 legt.
3988 2454 5456 2660 "Nein, Liebste“, sagte Aline, „ich
3323 2504 5447 2818 kann leider nicht bleiben. Ich werde begreif-
3325 2707 5534 2966 licherweise zuhause erwartet.“ Und sie gab sich
3320 2921 5470 3147 keine Mühe ihr Vergnügen zu verbergen, das sie
3306 3011 4818 3295 über ihren bescheidenen Anteil
3946 3245 5453 3445 Agathe redete ihr wohl noch ein
3292 3278 5372 3598 wenig zu, aber es klang nicht sehr ernsthaft.
3295 3534 5503 3799 Und während sie zu der Freundin sprach streifte.
