5816 4072
3242 542 5540 670 könne. Sie wehrte mit einer Entschiedenheit
3242 673 5540 874 ab, die jede Widerrede ausschloss. "All das gehört
3250 795 5490 1014 mir zu“, sagte sie. „Erst wenn alles vorüber ist,
3242 990 5557 1177 Herr Doktor Mülling,sprechen wir uns wieder."
3227 1124 5560 1348 mich richtete sie kein Wort Ich war von Bewunde-
3250 1287 5589 1532 rung und von Grauen zugleich erfüllt. Sie richtete
3256 1442 5397 1651 kein Wort an mich. Sie wünschte nun allein zu
3256 1631 5496 1844 sein, nur Aline sollte später wiederkommen, um ihr
3274 1777 5446 2050 bei den Reisevorbereitungen behilflich zu sein
3262 1978 5391 2170 und Weisungen für die Dauer ihrer Abwesenheit
3256 2109 4200 2301 entgegen zu nehmen.
3655 2269 5592 2493 Sie drückte uns allen die Hand. Mir nicht
3262 2432 5554 2621 anders als Aline und Mülling. Sie wich nicht ein-
3259 2592 5044 2781 mal meinem Blick aus, als wir schieden.
3658 2732 5540 2959 Sie reiste tatsächlich noch am gleichen
3274 2918 5502 3064 Abend ab,-allein, und brachte den Leichnam ihres
3256 3044 5586 3274 Gatten am nächsten Morgen nach Wien. Am Tage drauf
3259 3186 5420 3440 fand das Begräbnis statt,an dem natürlich auch
3253 3376 5502 3539 ich teilnahm. Agathe war an diesem Tag für nie-
3259 3498 5347 3713 manden zu sehen. An den See kehrte sie niemals
