<?xml version="1.0" encoding="UTF-8" standalone="yes"?>
<PcGts xmlns="http://schema.primaresearch.org/PAGE/gts/pagecontent/2013-07-15" xmlns:xsi="http://www.w3.org/2001/XMLSchema-instance" xsi:schemaLocation="http://schema.primaresearch.org/PAGE/gts/pagecontent/2013-07-15 http://schema.primaresearch.org/PAGE/gts/pagecontent/2013-07-15/pagecontent.xsd">
    <Metadata>
        <Creator>prov=READ-COOP:name=TrHtr:version=2.1.0:model_id=51170:date=27_07_2023_23:14</Creator>
        <Created>2023-05-10T11:11:35.317+02:00</Created>
        <LastChange>2023-07-27T23:14:18.806+02:00</LastChange>
        <TranskribusMetadata docId="1428129" pageId="55383628" pageNr="17" tsid="131308255" status="IN_PROGRESS" userId="64420" imgUrl="https://files.transkribus.eu/Get?id=JRBHKPXDGOIJZRNIXGCCFLGG&amp;fileType=view" xmlUrl="https://files.transkribus.eu/Get?id=HYQYTRXURNDYFOBFEHJMBUZD" imageId="44658674"/>
    </Metadata>
    <Page imageFilename="1428129_0017.jpg" imageWidth="5896" imageHeight="4120">
        <ReadingOrder>
            <OrderedGroup id="ro_1711824970961" caption="Regions reading order">
                <RegionRefIndexed index="0" regionRef="tr_1"/>
            </OrderedGroup>
        </ReadingOrder>
        <TextRegion id="tr_1" custom="readingOrder {index:0;}">
            <Coords points="3200,720 5564,720 5564,3288 3200,3288"/>
            <TextLine id="tr_1_tl_1" custom="readingOrder {index:0;}">
                <Coords points="3731,819 5404,854 5450,688 5047,714 4080,610 3734,650"/>
                <Baseline points="3749,800 3755,806 3845,806 3934,812 4024,806 4114,812 4203,806 4293,800 4382,806 4472,800 4561,800 4651,800 4740,794 4830,794 4920,794 5009,794 5099,794 5188,788 5278,788 5367,782 5457,770"/>
                <TextEquiv>
                    <Unicode>Ich sah Frau Agathe vor mir, die aus-</Unicode>
                </TextEquiv>
            </TextLine>
            <TextLine id="tr_1_tl_2" custom="readingOrder {index:1;}">
                <Coords points="3185,1005 4965,952 5447,1011 5468,839 4004,816 3845,915 3188,909"/>
                <Baseline points="3200,979 3236,973 3325,973 3415,973 3504,973 3594,973 3684,973 3773,973 3863,973 3952,967 4042,967 4131,961 4221,961 4311,961 4400,961 4490,961 4579,955 4669,955 4758,949 4848,955 4938,949 5027,949 5117,949 5206,943 5296,943 5385,943 5475,931"/>
                <TextEquiv>
                    <Unicode>sah wie ein junges Mädchen,wie eine Braut; wahr-</Unicode>
                </TextEquiv>
            </TextLine>
            <TextLine id="tr_1_tl_3" custom="readingOrder {index:2;}">
                <Coords points="3197,1153 5116,1112 5462,1173 5520,1005 4881,1045 4753,964 4373,970 4080,1074 3197,1057"/>
                <Baseline points="3212,1134 3284,1134 3373,1134 3463,1134 3552,1134 3642,1134 3731,1128 3821,1128 3911,1122 4000,1122 4090,1122 4179,1116 4269,1122 4358,1116 4448,1116 4537,1116 4627,1110 4717,1110 4806,1110 4896,1104 4985,1110 5075,1110 5164,1110 5254,1110 5344,1104 5433,1098 5523,1098"/>
                <TextEquiv>
                    <Unicode>haftig,wenn man sie Beide zusammensah,Eduard und</Unicode>
                </TextEquiv>
            </TextLine>
            <TextLine id="tr_1_tl_4" custom="readingOrder {index:3;}">
                <Coords points="3197,1327 3409,1382 3801,1289 5299,1321 5372,1304 5375,1173 4899,1124 4347,1234 3197,1191"/>
                <Baseline points="3212,1295 3230,1295 3319,1295 3409,1295 3499,1295 3588,1289 3678,1289 3767,1289 3857,1289 3946,1283 4036,1283 4125,1283 4215,1283 4305,1283 4394,1277 4484,1277 4573,1277 4663,1271 4752,1271 4842,1271 4932,1265 5021,1271 5111,1265 5200,1265 5290,1265 5379,1259"/>
                <TextEquiv>
                    <Unicode>Agathe, hätte man sie für ein Liebespaar halten</Unicode>
                </TextEquiv>
            </TextLine>
            <TextLine id="tr_1_tl_5" custom="readingOrder {index:4;}">
                <Coords points="3200,1490 4364,1420 5334,1458 5337,1318 5114,1278 4823,1339 3996,1295 3818,1403 3206,1298"/>
                <Baseline points="3218,1444 3278,1444 3367,1444 3457,1444 3546,1444 3636,1439 3725,1439 3815,1439 3905,1439 3994,1433 4084,1433 4173,1427 4263,1421 4352,1421 4442,1421 4532,1421 4621,1415 4711,1415 4800,1415 4890,1409 4979,1409 5069,1409 5158,1403 5248,1403 5338,1397"/>
                <TextEquiv>
                    <Unicode>können,-nach einer vier-oder fünfjährigen Ehe</Unicode>
                </TextEquiv>
            </TextLine>
            <TextLine id="tr_1_tl_6" custom="readingOrder {index:5;}">
                <Coords points="3209,1606 5346,1620 5415,1466 4144,1434 3212,1545"/>
                <Baseline points="3224,1594 3272,1594 3361,1594 3451,1594 3540,1594 3630,1594 3719,1588 3809,1588 3899,1588 3988,1588 4078,1588 4167,1582 4257,1582 4346,1576 4436,1576 4526,1576 4615,1576 4705,1570 4794,1570 4884,1570 4973,1564 5063,1564 5152,1570 5242,1564 5332,1558 5421,1558"/>
                <TextEquiv>
                    <Unicode>eher als für ein Ehepaar. Der Ausflug vor vier-</Unicode>
                </TextEquiv>
            </TextLine>
            <TextLine id="tr_1_tl_7" custom="readingOrder {index:6;}">
                <Coords points="3203,1768 5137,1777 5392,1725 5395,1594 4812,1577 4629,1661 3694,1594 3203,1699"/>
                <Baseline points="3218,1749 3248,1749 3337,1749 3427,1749 3516,1743 3606,1743 3696,1743 3785,1743 3875,1743 3964,1737 4054,1737 4143,1737 4233,1731 4323,1737 4412,1737 4502,1737 4591,1731 4681,1731 4770,1725 4860,1725 4949,1725 5039,1725 5129,1719 5218,1719 5308,1719 5397,1719"/>
                <TextEquiv>
                    <Unicode>zehn Tagen auf den Eichberg, als wir mittags in</Unicode>
                </TextEquiv>
            </TextLine>
            <TextLine id="tr_1_tl_8" custom="readingOrder {index:7;}">
                <Coords points="3209,1946 5433,1896 5433,1777 5241,1742 4271,1748 4036,1850 3212,1800"/>
                <Baseline points="3224,1904 3290,1904 3379,1904 3469,1904 3558,1904 3648,1904 3737,1904 3827,1898 3916,1898 4006,1898 4096,1898 4185,1892 4275,1892 4364,1892 4454,1892 4543,1886 4633,1886 4723,1886 4812,1880 4902,1880 4991,1880 5081,1880 5170,1880 5260,1874 5350,1874 5439,1868"/>
                <TextEquiv>
                    <Unicode>der Sonne lagerten - wir waren sieben oder acht</Unicode>
                </TextEquiv>
            </TextLine>
            <TextLine id="tr_1_tl_9" custom="readingOrder {index:8;}">
                <Coords points="3209,2094 5221,2065 5462,2033 5465,1954 3209,1998"/>
                <Baseline points="3224,2054 3230,2054 3319,2054 3409,2054 3499,2054 3588,2054 3678,2054 3767,2054 3857,2054 3946,2054 4036,2048 4125,2048 4215,2048 4305,2042 4394,2042 4484,2042 4573,2042 4663,2042 4752,2042 4842,2036 4932,2036 5021,2030 5111,2036 5200,2030 5290,2030 5379,2024 5469,2024"/>
                <TextEquiv>
                    <Unicode>Personen - eigentlich hasse ich ja diese Massen-</Unicode>
                </TextEquiv>
            </TextLine>
            <TextLine id="tr_1_tl_10" custom="readingOrder {index:9;}">
                <Coords points="3209,2210 5343,2248 5439,2204 5439,2079 4106,2050 3212,2163"/>
                <Baseline points="3224,2209 3296,2209 3385,2209 3475,2209 3564,2209 3654,2203 3743,2203 3833,2203 3922,2203 4012,2203 4102,2197 4191,2197 4281,2197 4370,2197 4460,2197 4549,2191 4639,2191 4729,2191 4818,2191 4908,2185 4997,2185 5087,2185 5176,2185 5266,2179 5356,2179 5445,2167"/>
                <TextEquiv>
                    <Unicode>ausflüge und ich für meinen Teil hatte mich nur</Unicode>
                </TextEquiv>
            </TextLine>
            <TextLine id="tr_1_tl_11" custom="readingOrder {index:10;}">
                <Coords points="3220,2381 5540,2396 5543,2250 4425,2213 4115,2308 3223,2306"/>
                <Baseline points="3236,2364 3307,2364 3397,2364 3487,2364 3576,2364 3666,2358 3755,2358 3845,2358 3934,2358 4024,2358 4114,2352 4203,2352 4293,2352 4382,2352 4472,2346 4561,2352 4651,2346 4740,2340 4830,2346 4920,2340 5009,2340 5099,2340 5188,2340 5278,2340 5367,2340 5457,2340 5547,2334"/>
                <TextEquiv>
                    <Unicode>wegen Mademoiselle Coulin angeschlossen; - Agathe</Unicode>
                </TextEquiv>
            </TextLine>
            <TextLine id="tr_1_tl_12" custom="readingOrder {index:11;}">
                <Coords points="3209,2558 5311,2544 5506,2532 5508,2428 4904,2454 4205,2355 3865,2375 3691,2474 3212,2436"/>
                <Baseline points="3224,2519 3278,2519 3367,2513 3457,2519 3546,2519 3636,2513 3725,2513 3815,2513 3905,2513 3994,2513 4084,2507 4173,2507 4263,2507 4352,2507 4442,2507 4532,2507 4621,2501 4711,2501 4800,2501 4890,2501 4979,2501 5069,2501 5158,2495 5248,2495 5338,2495 5427,2489 5517,2483"/>
                <TextEquiv>
                    <Unicode>schien zu schlummern oder sie schloss nur die Au-</Unicode>
                </TextEquiv>
            </TextLine>
            <TextLine id="tr_1_tl_13" custom="readingOrder {index:12;}">
                <Coords points="3226,2727 5314,2689 5445,2660 5447,2541 4420,2512 3821,2602 3412,2535 3226,2610"/>
                <Baseline points="3242,2675 3301,2675 3391,2675 3481,2675 3570,2675 3660,2669 3749,2669 3839,2663 3928,2663 4018,2663 4108,2663 4197,2663 4287,2663 4376,2657 4466,2657 4555,2657 4645,2657 4735,2651 4824,2651 4914,2651 5003,2651 5093,2651 5182,2651 5272,2645 5361,2645 5451,2651"/>
                <TextEquiv>
                    <Unicode>gen, weil die Sonne sie blendete,- er strich ihr</Unicode>
                </TextEquiv>
            </TextLine>
            <TextLine id="tr_1_tl_14" custom="readingOrder {index:13;}">
                <Coords points="3206,2843 5479,2828 5476,2718 5082,2651 3900,2666 3691,2761 3209,2770"/>
                <Baseline points="3224,2818 3248,2818 3337,2818 3427,2818 3516,2818 3606,2818 3696,2818 3785,2818 3875,2818 3964,2812 4054,2812 4143,2812 4233,2812 4323,2806 4412,2806 4502,2806 4591,2806 4681,2806 4770,2806 4860,2800 4949,2800 5039,2800 5129,2800 5218,2794 5308,2794 5397,2794 5487,2788"/>
                <TextEquiv>
                    <Unicode>mit den Fingern über Haar und Stirn, sie lächel-</Unicode>
                </TextEquiv>
            </TextLine>
            <TextLine id="tr_1_tl_15" custom="readingOrder {index:14;}">
                <Coords points="3226,3043 3789,3049 3937,2965 5494,2997 5561,2875 3952,2820 3226,2907"/>
                <Baseline points="3242,2961 3325,2967 3415,2973 3504,2967 3594,2967 3684,2961 3773,2961 3863,2961 3952,2961 4042,2961 4131,2961 4221,2961 4311,2961 4400,2961 4490,2961 4579,2955 4669,2955 4758,2955 4848,2949 4938,2949 5027,2949 5117,2949 5206,2949 5296,2949 5385,2949 5475,2943 5564,2937"/>
                <TextEquiv>
                    <Unicode>ten und flüsterten wie ein junges verliebtes Paar.</Unicode>
                </TextEquiv>
            </TextLine>
            <TextLine id="tr_1_tl_16" custom="readingOrder {index:15;}">
                <Coords points="3798,3113 4129,3153 5003,3101 5410,3159 5413,2997 3798,2976"/>
                <Baseline points="3815,3098 3899,3110 3988,3116 4078,3110 4167,3110 4257,3110 4346,3104 4436,3104 4526,3104 4615,3104 4705,3104 4794,3098 4884,3104 4973,3104 5063,3098 5152,3098 5242,3092 5332,3092 5421,3092"/>
                <TextEquiv>
                    <Unicode>"Und glauben Sie“, sagte ich zu Mül-</Unicode>
                </TextEquiv>
            </TextLine>
            <TextLine id="tr_1_tl_17" custom="readingOrder {index:16;}">
                <Coords points="3212,3363 3900,3400 4507,3270 5462,3296 5462,3171 4960,3101 3214,3212"/>
                <Baseline points="3230,3278 3319,3272 3409,3278 3499,3278 3588,3272 3678,3266 3767,3272 3857,3266 3946,3266 4036,3266 4125,3266 4215,3260 4305,3260 4394,3260 4484,3260 4573,3260 4663,3254 4752,3254 4842,3254 4932,3254 5021,3254 5111,3248 5200,3248 5290,3248 5379,3242 5469,3230"/>
                <TextEquiv>
                    <Unicode>ling," dass Frau Agathe irgend etwas geehnt hat?“</Unicode>
                </TextEquiv>
            </TextLine>
        </TextRegion>
    </Page>
</PcGts>
