5848 4152
5211 354 5391 609 13
3313 499 5425 728 dass wir noch die Möglichkeit hatten den Neun
3316 673 5556 867 Uhr Schnellzug zu erreichen, es wäre unerträglich
3299 847 5498 1053 gewesen, auch nur eine Stunde länger in der un-
3296 972 5066 1155 glückseligen Stadt bleiben zu müssen.
3786 1143 5530 1346 Auf dem Perron gingen wir schweigend
3305 1285 5478 1512 und ziemlich unbemerkt auf und ab,-zwei elegan-
3276 1474 5446 1622 te Touristen auf einer Sommerreise; dann, wäh-
3281 1587 5446 1799 rend ich einen Kaffee trank, berichtete Mülling
3287 1787 5524 1921 aus einer Zeitung, dass in den nächsten Tagen der
3252 1915 5457 2147 König von England und sein Premierminister zum
3278 2063 5553 2228 Besuche unseres Kaisers in Ischl erwartet würden.
3299 2240 5553 2443 Wir gerieten in ein politisches Gespräch;- es war
3276 2379 5475 2553 eher ein Vortrag von Doktor Mülling, den ich nur
3278 2524 5530 2698 überflüssigerweise durch ziemlich verständnislo-
3258 2652 5478 2890 se Einwürfe unterbrach. Als der Wiener Zug ein¬
3261 2849 5449 3049 lief, atmete ich erst auf, ungefähr so, als könne
3255 2980 5437 3177 nun alles Geschehene ungeschehen und Loiberger
3258 3128 5524 3316 wieder lebendig werden. In unserem Coupé blieben
3252 3319 5492 3479 wir allein; erst nach langem Schweigen bemerkte
3244 3476 5393 3644 Doktor Mülling wie zur Entschuldigung, dass er
3244 3603 5576 3818 nicht schon früher gesprochen: "Man fasst es nicht
