5912 4088
3192 448 4256 695 forderte und erlaubte.
1936 604 2116 726 ilai
3546 625 5402 896 Das Gartentor stand offen, das kunstvoll
3189 790 5405 1046 geordnete Blumenparterre leuchtete bunt, auf den
3195 966 5344 1201 weissen Bänken rechts und links lag die Sonne,
3195 1152 5558 1357 über die breite Veranda mit den grellroten Korbses-
3201 1274 5540 1463 seln war die rotweissgestreifte Marquise gespannt,
3204 1469 5579 1665 darüber im ersten Stockwerk standen die Fenster of-
3195 1628 5649 1835 fen, der kleine Balkon vor der Mansarde lag im schie-
3195 1738 5509 1991 fen Sonnenglanz. Kein Mensch war zu sehen. Alles
3198 1939 5576 2113 ringsum war still, nur der Kies unter meinen Schritt
4945 2079 5533 2192 Speisestunde.
3183 2082 5579 2308 knirschte überlaut wie mir schien. Die
3189 2271 5466 2463 da war nah, vielleicht sass man schon beim Mittag-
3189 2396 5351 2646 mahl, vielmehr Agathe allein, denn Eduard befand
3180 2567 5485 2805 sich ja auf einer Dolomitentour. Ja, dies war mein
3183 2723 5460 2902 erster Gedanke, noch ehe es mir schreckhaft zu Be-
4079 2860 4881 2979 zu dieser Stunde
3177 2881 5424 3119 wusstsein kam, dass er in der Leichenkammer einer
3174 3037 5533 3320 kleinen Garnisonsstadt lag. Und plötzlich empfand
3183 3174 5433 3448 ich, was mir für die nächsten Minuten bevorstand,
3174 3357 5473 3567 als so grotesk, so unerträglich, so undurchführbar,
