5896 4200
3753 424 5642 702 Mülling zuckte die Achseln. “Ich glaube
3315 586 5567 868 nicht. Jedesfalls hat sie von dem bevorstehenden
3309 760 5648 967 Duell nichts geshnt und weiss bis zu dieser Stunde
3306 943 4891 1146 nicht, dass ihr Mann gefallen ist.
3828 1126 5645 1326 Jetzt erst,mit einer Art von Schrecken,
3315 1271 5494 1466 verspürte ich, dass uns der fahrende Zug der un-
3297 1402 5506 1602 glücklichen Frau immer näher brachte. "Wer soll
3306 1562 4557 1724 es ihr sagen?" fragte ich.
3886 1710 5570 1936 „Erst wird wohl nichts übrig bleiben,
3297 1843 4290 2072 als dass wir beide.“
3866 2046 5579 2223 "Wir können unmöglich zu Zweit antre-
3297 2180 5457 2368 ten wie Komiteemitglieder", sagte ich, die eine
3300 2313 4557 2519 Balleinladung überbringen.“
3913 2473 5425 2696 "Wir hätten doch gleich von dort
3280 2618 5277 2810 aus telegraphieren sollen", sagte ich laut.
3872 2798 5613 2934 "Die Depesche",sagte Mülling,“hätte
3268 2940 5596 3143 ja doch nur eine Art von Vorankündigung sein kön-
3271 3077 5579 3312 nen. Ueber die mündliche Berichterstattung kommen
3280 3233 4214 3410 wir doch nicht weg.“
