5864 4200
3365 454 5511 663 unwidersprechlichsten Argument zur Stelle: „Wir
3354 624 5582 868 müssen vernünftig sein und dürfen uns nicht ver-
3354 819 5554 1029 raten, weil du verloren wärst, wenn er nur ahnte.
3677 970 5457 1162 Ich lächelte. Ich konnte nicht anders.
5423 1094 5599 1313 der
3354 1148 5364 1352 Aber ihre Entgegnung,ihre Warnung,
3357 1279 5474 1520 Versuch, ihr Angst vor dem Toten einzuflössen,
3345 1435 5591 1650 wirkte auf mich nicht nur grauenhaft,sondern wie
3337 1622 5557 1806 mit einer unergründlichen Komik. Es lag mir in
3342 1780 5469 1939 diesem Augenblick gar nicht fern irgend etwas
3328 1939 5599 2126 Teuflisches zu erwidern, der ganzen Unerträglich-
3325 2092 5579 2302 keitder Furchtbarkeit dieses Gesprächs durch ein
3337 2257 5511 2398 vernichtendes und zugleich erlöeendes Wort ein
3340 2413 5596 2588 Ende zu machen. Aber ich tat es nicht. Ich fühl-
3337 2574 5616 2764 te meine Ohnmacht gerade in diesem Augenblick, ich
3320 2722 5568 2906 fühlte, dass der Tote stärker war als ich und wie
3311 2880 5528 3084 in einer verzweifelten Gegenwehr vermochte ich
3306 3033 5486 3218 keine andere Erwiderung zu for-
3306 3121 5542 3393 men, als das törichte Wort: „Und wenn das Schick-
3294 3320 4882 3515 sal am Ende für mich entschiede?"
3592 3479 5508 3674 Sie fasste mich an der Schulter. Nun war
