5896 4152
3423 636 5535 875 Recht gern wäre ich einmal selbst einem ge-
3420 816 5636 1027 fährlichen Gegner gegenübergestanden und weiss
3406 920 5560 1190 nicht einmal, was ich im Grunde vorgezogen hät,
3409 1083 5577 1257 te- zu siegen oder zu fallen. Aber es kam nie¬
3403 1218 5600 1437 mals dazu, obzwar es wahrlich nicht an Gelegen-
3406 1381 5602 1609 heiten fehlte und wie Sie sich wohl denken kön¬
3395 1538 5591 1744 nen, an meiner Bereitwilligkeit niemals der ge-
3400 1693 5546 1921 ringste Zweifel bestand. Vielleicht war übri-
3395 1898 5482 2064 gens das mit ein Grund, dass ich niemals eine
3386 2025 5403 2213 Forderung erhielt und dass in den Fällen, wo
3389 2180 5434 2391 ich mich zu fordern genötigt sah, die Angele-
3375 2368 5408 2571 genheiten stets ritterlich beigelegt wurden.
3381 2509 5642 2714 Jedesfalls Sekundant war ich mit Leib und Seele.
3389 2686 5451 2858 Das Bewusstsein gewissermassen mitten in ein
3355 2801 5487 3004 Schicksal oder besser an die Peripherie eines
3358 2959 5507 3178 Schicksals gestellt zu sein,hatte stets etwas
3364 3097 5431 3355 Bewegendes, Aufrührendes, Bedeutungsvolles für
3341 3282 3656 3428 mich.
3788 3420 5437 3631 Dieses siebente Luell aber, von dem
3347 3603 5493 3808 ich Ihnen heute erzählen will, unterschied sich
