5848 4184
5194 371 5368 565 51
3112 524 5206 650 auch nur im geringsten anmerken werde, was in
3118 632 5321 850 der letzten Stunde vorgefallen war. Aber gleich
4824 785 5162 900 G.C.F.P.
3112 794 5353 994 las sie offenbar in dem verzweifelten Ernst mei-
3100 965 5371 1153 nes Blicks, dass meine Mahnung doch etwas anderes
3124 1109 5474 1303 bedeutet haben müsste, als die kleinliche Besorgnis,
3112 1268 5412 1482 dass sie sich etwa verraten könne. Sie hatte eben
3112 1441 5374 1627 noch Zeit zu fragen: „Was ist geschehen?" Ich aber
3100 1597 4971 1806 nicht mehr die Möglichkent zu antworten.
4615 1718 5471 1894 benachbarten Raum.
3479 1759 5477 1938 Die Schritte hallten shhon im xxxen. Heute
3112 1906 5471 2135 warf noch einen raschen, angetvellen Blick auf mien
3135 2088 5465 2312 trat rasch in den Salon, ich folgte ihr Aline stand
3132 2232 4885 2424 da, streifte mich nur mit einem ratles
3165 2397 5430 2585 Agathe,ohne sich nur nach mir umzuwenden, trat in
3165 2556 5344 2738 den Salon und ich folgte ihr. Alsine stand da
3162 2697 5412 2879 in der Tür zwischen Salon und Terrasse,streifte
3144 2865 5321 3068 mich nur mit einem ratlos-verwunderten Blick,
3203 3009 5424 3238 fasste die Hände der erblassenden Freundin und
3209 3188 5321 3429 in Thränen ausbrechend schloss sie sie in die
3194 3332 5400 3515 Arme. Agathens Augen aber starrten
3188 3485 5394 3744 vorbei an Aline mit so unerbittlicher Frage in
