5864 4184
5232 425 5405 560 52
3186 601 5388 812 die meinen,als wollte sie die Antwort aus mei-
3201 803 5376 968 ner Stirn saugen; ich mit einer armseligen mit
3201 968 5364 1121 einer jammervollen Gebärde legte den Finger an
3212 1104 5396 1314 meinen Mund und spürte selbst, dass diese armse-
4246 1199 4755 1317 an Agathe
3207 1202 5460 1493 lige Gebärde xxx die Bitte bedeutete mich xxx
3207 1447 5220 1623 als sich zu verraten. In ihrem
3207 1615 5503 1785 Blick aber war mehr als ich je in einem Menschen-
3218 1745 5500 1950 blick gesehen: Ahnung, Wissen sogar, auch Empörung,
3230 1944 5503 2068 Verstehen, Verzeihen, ja, vielleicht etwas wie Dank.
3726 2077 5399 2279 Nun stand auch Mülling in der Türe
3230 2224 5552 2429 zwischen Salon und Terrasse, zwisschen Schatten und
3235 2415 5515 2597 Licht. Sein Auge streifte mich wie fragend. Meine
3235 2536 5509 2753 Anwesenheit erklärte sich für ihn gewiss ohnewei-
3235 2684 5471 2900 ters so, dass ich es nicht über mich gebracht die
3230 2895 5388 3085 unglückliche Frau, nachdem ich ihr die traurige
1912 2941 2071 3094 Sir,
3235 3059 5388 3224 Kunde gebracht, allein zu lassen. Er trat
3218 3166 5512 3377 auf sie zu und drückte ihr wortlos die Hand. Wie-
3224 3299 5448 3527 der suchte sie vorbei an Mülling meinen
1889 3397 2065 3550 V.P.
3204 3469 5448 3703 Flick. Niemand sprach, nicht sie, Aline nicht und
