5896 4152
3314 630 5437 826 schichte meines siebenten Duells erzählen und
3344 759 5343 966 Die lächeln wie vorher,weil ich wieder von
3319 966 5387 1132 meinem Duell spreche, obwohl ich doch,wie es
3316 1066 5368 1278 nun einmal meine Bestimmung war, auch in
3330 1270 5423 1452 diesem Fall nur Zeuge, aber nicht Duellant ge-
3330 1397 5373 1613 wesen bin. Schon mit achtzehn Jahren, als Ka-
3325 1577 5426 1764 valleriefreiwilliger, war ich zum ersten Male
3314 1723 5481 1927 Sekundant in einer Ehrenaffaire zwischen einem
3314 1889 5440 2085 Kameraden und einem Attaché der französischen
3325 2038 5373 2242 Gesandtschaft.  Bald darauf
3319 2190 5506 2350 wählte mich der berühmte Herrenreiter Vulkovicz
3311 2372 5354 2543 zu seinem Sekundanten in dem Quell mit dem
3325 2510 5462 2692 Fürsten Luginsfeld und auch weiterhin, trotzdem
3300 2673 5404 2858 ich weder Adeliger noch Berufsoffizier, ja so-
3316 2828 5379 3035 gar jüdischer Abstammung war,wandte man sich
3319 2993 5423 3192 ganz besonders in schwierigen Fällen, wenn man
3319 3098 5448 3344 eines Sekundanten bedurfte, mit besonderer Vor-
3308 3289 5476 3438 liebe an mich. Ich will gar nicht leugnen, dass
3305 3399 5522 3626 ich es zuweilen ein wenig bedauerte diese Dinge
3300 3606 5451 3777 immer nur sozusagen als Episodist mitzumachen.
