5880 4024
3619 464 5366 714 Am Abend kam Eduard Loiberger an. Er
3293 685 5355 884 hatte seinen Sommeraufenthalt unter dem Vor-
4325 822 4530 919 XONX
3304 841 5366 1054 wand uxxxxx   ̄ ̃ xxxxxsxxx ̅  ge-
3309 1005 5336 1172 planten Klettertouren in den Dolomiten un-
3323 1151 5344 1350 terbrochen, wozu eben jetzt das wundervolle
3336 1321 5306 1542 Augustwetter glaubwürdigen Anlass bot. Wir
3328 1471 5498 1663 begrüssten ihn harmlos und brachten ihn in den
3328 1625 5325 1803 altberühmten Gasthof auf dem Marktplatz, wo
3328 1838 5382 1970 wir ihm das beste Zimmer hatten reservieren
3328 1984 5447 2151 lassen. Wir nahmen zusammen im Gastzimmer das
3331 2124 5495 2337 Übendessen,plauderten angeregt, tranken,rauch-
3353 2269 5325 2485 ten und v fielen in keiner Weise auf, auch
3347 2434 5452 2644 nicht den paar Offizieren, die an einem Tisch
3350 2625 5412 2814 in der gegenüberliegenden Ecke sassen. Voll-
3353 2754 5500 2954 kommen sachlich berichtete Doktor Mülling von
3353 2905 5509 3110 dem Terrain, auf dem das Luell morgen stattfin-
3355 3080 5420 3221 den sollte. Es war die übliche Waldlichtung,
3350 3202 5377 3409 wie vom Schicksal zu solchen Dingen auser-
3353 3347 5363 3568 sehen - und ein kleines Wirtshaus lag ganz
3377 3520 5455 3746 nahe, darin, wie Mülling heiter bemerkte, schon
