5864 4184
3274 658 5335 836 nicht Mülling, ich aber, so schien mir, schwieg
3255 827 5417 1008 noch tiefer in mich hinein als die Andern. Die
3266 956 5310 1134 sommerliche Stille des Gartens klang herein.
3266 1115 5351 1310 Endlich sagte Agathe - und mir stand das Herz
3266 1285 5351 1482 still, als sie die Lippen öffnete -: "Nun will
3266 1474 5299 1647 ich“,sagte sie, „die ganze Wahrheit hören,“.
3280 1592 5414 1784 und da sie in den Mienen der Andern Befremden,
3285 1765 5461 1962 in den meinen vielleicht einen Ausdruck des Er-
3272 1948 5354 2154 schreckens gewahrte, fügte sie, zu mir gewandt,
3283 2107 5406 2277 in bewunderungswürdiger Ruhe hinzu: "Sie woll
3274 2260 5472 2422 ten mir gewiss nichts verschweigen, aber Sie ha-
3280 2414 5403 2611 ben unwillkürlich vielleicht versucht mich zu
3274 2576 5447 2773 schonen. Ich danke Ihnen. Aber glauben Sie mir,
3280 2756 5343 2970 ich bin nun gefasst genug, um alles zu hören.
3280 2915 5283 3080 Berichten Sie, Doktor Mülling, von Anfang bis
3261 3030 5321 3266 Ende. Ich will keine Frage stellen, ich werde
3280 3239 5307 3422 Sie nicht unterbrechen" und mit erlöschender
3255 3384 5116 3540 Stimme fügte sie hinzu: "Erzählen Sie."
3663 3521 5425 3746 Sie lehnte am Klavier und ihre Finger
