5832 4088
5364 398 5518 552 30
3387 474 5372 695 nem Innern sagte ich es ganz deutlich. Für
3370 715 5574 880 einen, der Gedanken lesen konnte, wären die Worte
3353 883 5479 1049 ganz vernehmlich gewesen, aber über meine Lip-
3350 1001 5498 1158 pen kam kein Laut. Agathe stand vor mir, das
3350 1147 5546 1349 hellblaue Kleid durchleuchtete mild die tiefen
3370 1318 5490 1531 Schatten des Raums, sie lächelte nicht, ja nie-
3342 1461 5436 1660 mals noch hatte ich ihr Antlitz so ernst ge-
3350 1618 5540 1859 sehen. Nun, da sie mit mir allein war, ich fühlte
3364 1792 5546 1993 es deutlich, sollte alles Oberflächlich-Frivole,
3345 1946 5467 2176 alles Kokette,ja alles Gesellschaftliche aus-
3339 2134 5557 2330 geschaltet werden. Ich sollte nicht denken, dass
3345 2271 5431 2518 es ein Spiel war. Ihr Blick sank tief in den
3336 2448 3732 2644 meinen.
4478 2577 4750 2680 ja so,
3807 2571 5358 2812 "Ich freue xxxx, dass Sie da
3325 2720 4200 2930 sind,“ sagte sie.
3858 2877 5509 3118 "Und ich“, erwiederte ich ganz leise
3328 3050 5585 3261 und weiter kein Wort, denn keines wäre das rechte
3306 3177 5414 3381 gewesen. Blasse, unverstandene Erlebnisse der
3303 3342 5479 3522 letzten Tage leuchteten in meiner Seele plötz-
3308 3491 5347 3718 lich auf. Ich dachte daran, wie sie sich auf
