5896 4104
2738 270 3106 491 1.10.30.
3259 564 5354 791 Noch ehe wir von der letzten Strassenbiegung
3189 730 5476 941 aus die ersten Bauernhäuser des Dorfs erblickten,
3164 889 5298 1089 hatte sich Doktor Mülling damit einverstanden
3171 1070 5243 1285 erklärt, dass ich als der Fernerstehende Frau
3177 1220 5501 1438 -gathe Loiberger die Trauernachricht bringen soll-
3164 1364 3376 1567 te.
3667 1496 5387 1742 Der See lag da glitzernd von tausend
3186 1674 5550 1910 winzigen zerrissenen Sonnen. Vom gegenüberliegenden
3158 1867 5369 2015 Ufer her, das im Dunste der Ueberhelligkeit sich
3171 2011 5538 2205 verschleierte, näherte sich spielzeughaft das putzi-
3149 2171 5418 2386 ge Dampfschiff, dessen Schaukelwellen das badende
3146 2297 5504 2530 junge Volk sich immer entgegenfreute. Bald hielten
3134 2487 5314 2643 wir vor dem Gasthof, der sich ohne zureichenden
3161 2655 5550 2842 Grund als "Grand Hotel" bezeichnete; ich stieg aus,
3128 2787 5467 2996 Doktor Mülling liess sich von dem Kutscher weiter-
3131 2910 5455 3167 führen zu der Villa, in der er ein Zimmer gemietet
3134 3085 5599 3305 hatte, drückte mir die Hand und erklärte, dass er mich
3125 3238 5023 3453 um vier Uhr Nachmittag aufsuchen wolle.
3560 3376 5400 3621 Ich vertauschte den Touristenanzug, der
3112 3563 5498 3768 mir für meine Mission doch wenig angemessen schien.
