5896 4152
3160 589 5288 734 zig Jahre alt. Als Ursache des Duells war mir
3169 676 5417 968 ein Wortwechsel angegeben worden zwischen Eduard
3172 911 5465 1115 Loiberger und dem Gegner, dem Uhlanenrittmeister
3181 1031 5438 1254 Urpadinzky. Den kannte ich kaum.Sonntags war er
3187 1227 5432 1386 am See gewesen, besuchsweise aus seiner Garnison,
3193 1365 5357 1569 offenbar nur zum Zwecke jenes Wortwechsels, der
3193 1476 5420 1738 als Vorwand für das Luell dienen sollte, aber im
3199 1690 5486 1918 Jahr vorher hatte er den ganzen Sommer mit seiner
3199 1870 4176 2047 Frau dort verbracht.
3800 2014 5498 2216 Die Erledigung der Angelegenheit war
3223 2183 5553 2402 den beiden Herren offenbar sehr eilig. Die Bespre-
3235 2366 5655 2534 chung zwischen den Sekundanten hatte schon am Sonn-
3241 2549 5486 2703 tag Abend, wenige Stunden nach jenem Wortwechsel
3226 2652 5486 2880 und zwar in Ischl stattgefunden. Mülling und ich
3241 2853 5553 3018 waren von Loiberger angewiesen die Bedingungen der
3247 3003 5504 3157 gegnerischen Sekundanten ohne Widerrede zu akzep-
3250 3114 4425 3349 tieren; sie waren schwer.
3791 3301 5504 3490 Also am Montag kamen Mülling und ich
3253 3478 5613 3674 in der kleinen Stadt an. Auf einer Spazierfahrt ge-
3241 3592 5417 3785 gen Abend besichtigten wir das Terrain, das als
478 3785 685 4010 P.S.
