5896 4088
5215 434 5406 610 31
3271 602 5530 911 jenem Ausflug neulich pltzlich in meinen Arm ge-
3277 830 5423 1076 hängt hatte und mit mir den Waldpfad hinunter
3277 1041 5473 1145 gelaufen war, wie sie mir neulich nachts im Gar.
3289 1166 5441 1339 ten mit ihren schmalen Fingern durch die Haare
3610 1290 3931 1394 G.C.F.P.
3271 1281 5395 1498 geglitten war und jenes oft gehörte Grusswort
3277 1446 5562 1631 klang mir zärtlich nach: "Kind”. Denken Sie,
3289 1634 5617 1790 wie jung ich damals war. Ich hatte all das nicht
3300 1753 5516 1958 verstanden, zu verstehen nicht gewagt. Es war das
3280 1918 5556 2138 erste Mal, dass eine schöne, junge Frau, eine Frau.
3277 2088 5418 2326 die ich für eine liebende und geliebte Gattin
3277 2279 5449 2496 hielt, mir das Geschenk ihres Herzens zu bieten
3289 2438 5490 2563 schien. Wie hätte ich das erwarten dürfen? Und
3708 2563 5502 2673 ihrer Freude über mein Kommen Ausdruck
3300 2621 5418 2826 wenn sie xxxxxxxxxxxx xxx mein kommen so frem-
3312 2716 3488 2820 gab,
3297 2794 5539 2982 war, so bedeutete das nichts anderes, als dass sie
3653 2866 4177 3011 ungeduldig
3286 2953 5418 3121 mich für xxxx und verliebt genug hielt, um
3269 3086 5562 3286 mit voller Ueberlegung die Abwesenheit ihres Gat-
3271 3222 5568 3422 ten zu diesem unvermuteten und verwegenen Besuch
3277 3387 3879 3598 zu benützen.
3856 3564 5279 3757 „Es ist serviert, gnädige Frau.“
