5880 4072
2690 402 3160 630 13.10.30.
5111 420 5283 606 33
3571 506 4115 692 zurückgekehrt
3208 576 5363 825 Während wir von den Alltäglichkeiten und klei-
3213 745 5324 946 nen Begebenheiten des Landlebens sprachen, von
3208 916 5386 1109 abgetanen und geplanten Ausflügen, ja auch wenn
3704 1064 4470 1174 bevorstehenden
3219 1106 5271 1259 gathe von der sonntäglichen Regatta und der
3219 1218 5478 1413 vorraussichtlichen Teilnahme ihres Gatten sprach,
3208 1378 5306 1611 und obwohl ich keinen Augenblick vergass, dass
3202 1540 5253 1715 Eduard tot war und dass ich nur hergekommen
3202 1694 5454 1895 war, um es seiner Gattin zu berichten
3208 1907 5437 2087 doch immer die Wirklichkeit unseres Gespräche;
3213 2046 4275 2267 keineswegs traumhaft
3219 2170 5552 2386 empfand ich mein Hiersein, dieses Aug in Aug-Sitzen
3213 2415 5369 2593 und Sprechen mit Agathe, das leise Flattern der
3202 2525 5416 2678 Fenstervorhänge, das schweigsame Erscheinen und
3219 2696 5543 2871 Verschwinden des Dieners keineswegs als traumhaft,
4384 2811 4869 2921 niederere
3205 2832 5502 3072 sondern eher als eine andere, Art von Wirk-
3202 2977 5578 3216 lichkteit. Aus dieser andern Wirklichkeit schrill-
3219 3172 5442 3302 te auch das Pfeifen des kleinen Dampfers zu uns
3202 3305 5425 3453 her, in dieser Wirklichkeit lag der See unten im
3190 3414 5437 3689 Mittagsglanz, in diese andere war auch Aline wie-
