5912 4120
5138 316 5330 562 18
3693 620 5339 838 "Ich will es übernehmen“, sagte ich.
3741 793 5445 1011 Darüber gab es dann noch eine länge-
3285 925 5409 1112 re Diskussion. Sie war noch nicht zu Ende, als
3291 1106 5462 1305 unser Zug im Bahnhof Ischl einfuhr. Es war ein
3280 1280 5487 1456 herrlicher Sommertag, auf dem Bahnsteig ein Ge-
3283 1419 5532 1620 dränge von Ankommenden,Ausflüglern,Erwartenden -
3291 1609 5456 1763 auch Bekannte waren darunter,es war nicht ganz
3297 1738 5467 1891 leicht aus dem Stationsgebäude ungehindert auf
3311 1872 5537 2062 die Strasse zu gelangen; aber wir sassen im Wa-
3305 2042 5420 2218 gen, ohne dass einer an uns herangekommen wäre
3316 2176 5534 2358 und sausten auch schon davon. Der Staub wirbelte
3311 2338 5336 2534 hinter uns her, die Sonne brannte heftig, wir
3291 2503 5431 2693 waren froh, als der Ort hinter uns lag und wir
3305 2643 5515 2841 auf die Landstrasse und bald in den Wald bogen.
3305 2771 5537 3017 Doktor Mülling war endlich damit einverstanden,
3280 2933 5319 3163 dass ich Frau Agathe Leiberger die traurige
