5832 4088
3223 662 5308 833 Gartentor steht der Diener und verbeugt sich
3218 821 5484 1024 sehr tief. Denn eben tritt Herr Loibeyer er he-
3235 966 5355 1189 rein. Er hat keine Ähnung, dass er tot ist und
3241 1157 5437 1322 dabei hat er doch einen weissen Regenmantel an.
3241 1316 5449 1454 Ich muss ihn hineinbegleiten ins Haus, damit ihm
3253 1498 5393 1660 kein anderer sagt, dass er tot ist; er würde es
3241 1637 5364 1834 nicht überleben, denke ich zugleich und lache.
3244 1775 5408 1972 Und schon sitzen wir auch beide an dem kleinen
3247 1925 5484 2128 Tisch und der Diener serviert; ich wundere mich,
3229 2108 5472 2293 dass Eduard sich etwas zum Essen auf den Teller
3253 2267 5552 2467 nimmt, -er braucht es doch nicht mehr. Ihm gegen-
3235 2387 5461 2643 über sitzt Agathe, ich bin überhaupt nicht mehr
3268 2590 5608 2752 vorhanden. Aber ich sitze auf dem Fensterbrett und
3253 2744 5620 2956 die Gardinen schlagen jeden Augenblick über meiner
3232 2867 5587 3082 Stirn zusammen. Ich möchte so gerne sehen, mit wel-
3268 3035 5496 3247 chen Blicken sie einander betrachten. Plötzlich
3265 3238 5564 3374 höre ich seine Stimme - ich Gott, wenn ich nur se-
3262 3341 5546 3553 hen könnte und ich höre ihn ganz deutlich sagen:
3323 3518 5499 3700 'Also du frühstückst mit dem Herrn, der mich er¬
