5880 4136
3882 717 5531 930 Ich war damals dreiundzwanzig Jahre
3353 882 5335 1069 alt und es war mein siebentes Duell,-nicht
3353 1066 5477 1234 mein eigenes, aber das siebente, an dem ich als
3356 1226 5443 1393 Sekundant teilnahm. Lächeln Sie meinetwegen.
3361 1356 5551 1538 Ich weiss, es ist in unserer Zeit üblich gewor-
3353 1507 5517 1664 den sich über derartige Veranstaltungen lustig
3358 1686 5403 1820 zu machen. Man tut nicht recht daran, meine
3344 1811 5514 1996 ich und ich versichere Sie, das Leben war schö-
3341 1993 5463 2158 ner,bot jedesfalls einen edleren Anblick xxx
3344 2133 5420 2301 damals.-unter anderem gewiss
3336 2298 5346 2471 auch darum, weil man es manchmal aufs Spiel
3350 2485 5540 2605 setzen musste für irgend etwas, das in einem hö-
3330 2605 5574 2773 heren oder wenigstens anderen Sinn möglicher wei-
4866 2741 5346 2841 wenigstens
3333 2773 5494 2918 se gar nicht vorhanden xxxx oder das den Ein-
3333 2960 5409 3094 satz, eigentlich gar nicht wert wer nach heu-
3452 3012 4712 3108 eigentlich nicht wert war;
3336 3063 5460 3253 tigem Mass gemessen für die Ehre zum Beispiel
3330 3211 5437 3364 oder für die Tugend einer geliebten Frau oder
3319 3319 5605 3543 den guten Ruf einer Schwester und was dergleichen
3304 3449 5486 3691 Nichtigkeiten mehr sind. Immerhin bleibt es zu
