5864 4072
3303 510 5383 721 mich ein fragender, ein verheissungsvoller, ja
3317 705 5539 913 ein so lockender Blick, dass mich beinahe schwin-
3317 858 5475 1092 delte. Und ich wusste plötzlich, dass es keines-
3328 1047 5553 1253 wegs der erste Blick dieser Art war, den sie mir
3785 1186 3969 1287 G.C.P.
3317 1189 5551 1448 gönnte. Aline verabschiedete sich. "Auf Wieder-
4094 1359 4297 1468 G.C.F.P.
3323 1392 5431 1613 sehen, gnädige Frau“, sagte ich und war mir be-
3334 1518 5520 1766 wusst, dass es das erste Wort war, das ich sprach
3323 1699 5450 1933 und so hörte ich es übertrieben hell, gleichsam
3317 1833 5475 2083 schmetternd durch den Raum klingen. Agathe be-
4200 1991 4609 2100 über
3317 2005 5520 2250 gleitete die Freundin die Veranda und
3317 2153 5055 2423 die Stufen bis in den Garten hinaus,
3726 2334 5564 2523 Warum habe ich nicht gesprochen, so lan¬
3309 2506 5481 2729 ge Aline da war, dachte ich. Wäre es nicht tau-
3320 2646 5489 2894 sendmal leichter gewesen? Schon aber hörte ich
3323 2846 5403 3061 wieder die Schritte Agathens hinauf über die
3328 2977 5353 3211 Treppe und im nächsten Augenblick stand sie
3306 3119 5525 3361 neben mir. „Gnädige Frau“, sprach ich,“Ich habe
3328 3314 5378 3495 Ihnen eine traurige Botschaft zu bringen.“ -
3328 3437 5545 3676 zein, ich sprach die Worte nicht aus,-nur in mei-
