5896 4088
5195 447 5353 602 32
3806 527 5492 813 Eine leichte Bewegung Agathens. Ich
3384 743 5442 904 wandte mich um. Der Diener stand da,jetzt in
3353 938 5478 1082 dunkelblauem Lüstersaeco mit Goldknöpfen. Wir
3370 1062 5550 1284 traten ins Nebenzimmer. Es war
3362 1237 5467 1423 Agathens Boudoir, das Fenster stand
3362 1395 5303 1587 offen, weisse Gardinen schlossen uns gegen
3367 1537 5378 1753 draussen ab, Garten und Luft schimmerten mit
3362 1692 5384 1914 unbestimmten Farben durch. Nun lag auch ein
3359 1861 4613 2050 zweites Gedeck auf,
3814 2022 5575 2225 Wir sassen einander gegenüber,Agathe
3365 2169 5431 2399 und ich. Der Diener ging aus und ein. Es war
3340 2324 5517 2505 mit erlesenem Geschmack gedeckt, auch der Kübel
3359 2510 5586 2696 mit dem eingekühlten xxx Champagner fehlte nicht.
3365 2643 5370 2843 Vielleicht wäre es auch so gewesen wenn ich
3342 2799 5509 2987 nichte geblieben wäre. Unser Tischgespräch war
3345 2960 5425 3162 natürlich völlig harmlos und musste es sein,
5009 3118 5167 3195 nur
3351 3109 5570 3342 dabei aber gänzlich ungezwungen, nicht von ihrer,
3337 3279 5542 3439 sondern auch von meiner Seite. Und doch war es
3348 3478 5431 3611 von allen Gesprächen, die ich je geführt, das
3334 3567 5079 3767 untergründigste und geheimnisvollste.
