5880 4104
2710 366 3022 570 18.10.30.
5075 527 5231 680 36
3246 746 5525 913 In mir ist nur die Angst, dass sie es hören könn-
3240 902 5347 1120 te. Aber der Name klingt immer leiser,endlich
3246 1080 5392 1245 verklingt er ganz und der Zug rast weiter. Wir
3232 1230 5296 1443 reisen, ja, wir reisen,-wir reisten immer-fort.
3246 1392 5426 1579 Jetzt sind wir in einem Spielsaal, -es wird wohl
3221 1525 5463 1718 Monte Carlo sein. Wie kann ich nur zweifeln? Na-
3232 1704 5415 1936 türlich ist es Monte Carlo. Sie sitzt am Spiel-
3238 1874 5452 2067 tisch mitten unter anderen Leuten, sie ist schön.
3229 2013 5398 2240 sie ist ganz ruhig, sie spielt,sie verliert,sie
3223 2180 5378 2415 gewinnt, ich schaue nach allen Seiten aus,ob
3226 2367 5423 2546 niemand da ist, der sie kennt und ihr vielleicht
3229 2466 5483 2722 verraten könnte, dass ihr Gatte tot ist. Aber es
3221 2656 5324 2866 sind ja lauter fremde Leute,-braune, gelbe Ge-
3221 2798 5358 3036 sichter, auch ein Indianer sitzt am Spieltisch
3209 3008 5327 3172 mit einem ungeheueren roten Federnschmuck auf
3226 3087 5372 3328 dem Kopf. Da steht Aline in der Türe. Wie, sie
3209 3246 5330 3479 ist uns nachgereist? Nur um es ihr zu sagen?
3223 3419 5466 3589 Also fort, fort. Ich berühre sie nur an der Schul
3212 3541 5412 3813 ter, sie wendet sich nach mir um mit einem Blick
