5864 4152
3320 600 5558 766 bedenken, dass man im Laufe der letzten Jahrzehn-
3323 760 5512 940 te auch für viel Geringeres,völlig nutzlos und
3323 934 5515 1166 auf Befehl oder Wunsch anderer Leute sein Leben
877 966 1200 1134 G.H.F.P.
3326 1112 5426 1272 zu opfern genötigt war. Im Zweikampf hat doch
3315 1214 5375 1403 immer das eigene Belieben mitzureden gehabt,
3320 1383 5458 1580 auch dort, wo es sich scheinbar um einen Zwang,
3303 1577 5449 1760 um eine Konvention oder um Snobiismus handel-
3298 1723 5504 1906 te. Dass man überhaupt mit der Möglichkeit oder
3292 1869 5544 2069 gar der Unausweichlichkeit von Duellen innerhalb
3303 2040 5521 2226 eines gewissen Kreises wenigstens rechnen muss.
3303 2186 5472 2412 te,-das allein, glauben Sie mir, gab dem gesell
3295 2303 5589 2572 schaftlichen Leben eine gewisse Würde oder wenig
3292 2486 5578 2752 stens einen gewissen Stil. Und den Menschen die-
3280 2672 5515 2858 ser Kreise, auch den nichtigsten oder lächerlich-
3280 2817 5401 2992 sten, eine gewisse Haltung, ja den Schein einer
3280 2940 5464 3163 immer vorhandenen Todesbereitschaft, -wenn Ihnen
3792 3092 3995 3189 auch
3263 3112 5421 3309 dieses Wort in solchem Zusammenhang doch allzu
3252 3232 4706 3458 grossartig erscheinen sollte.
3752 3418 5358 3618 Aber ich schweife ab, noch ehe ich
3252 3558 5321 3763 angefangen habe. Ich wollte Ihnen ja die Ge-
