5832 4168
2732 324 3198 493 20.10.30.
5134 520 5294 740 45
3243 663 5383 868 Nein, ich fragte: "Wann seh ich dich wieder?"
3252 856 5576 1055 als gäbe es keine andere Frage, die jetzt zu beant-
3249 1011 5466 1254 worten war, als gäbe es kein anderes Wort zu sa¬
3258 1213 3502 1391 gen.
3677 1296 5449 1540 "Du wirst mich nie wieder sehen“, sagte
3231 1513 5618 1709 sie. "Wennn du mich lieb hast, wirst du dieser Stun-
3243 1659 5431 1870 de dankbar sein wie xxx. Wenn du nicht willst,
3246 1795 5377 1989 dass diese Stunde aus einem wunderbaren, unver-
3234 1974 5523 2191 gesslichen Traum eine trübe Wirklichkeit, eine Lü-
3243 2158 5472 2324 ge,hundert Lügen, eine Kette von Betrug und Häss-
3222 2295 5422 2494 lichkeit werde, dann geh, geh gleich, reise ab und
3225 2458 5050 2666 versuche niemals mich wieder zu sehen."
3576 2616 5407 2788 In mir raunte es: Eduard ist tot,-dein
3195 2782 5502 2999 Mann ist tot, alles was du sprichst ist Unsinn und
3210 2925 5490 3112 du ahnst es nicht. Es gibt keine Lüge, keinen Be-
3222 3080 5469 3291 trug, keine Hässlichkeit mehr, du bist frei,- Aber
3210 3264 5458 3421 all das sagte ich nicht, alles wurde plötzlich so
3189 3368 5303 3543 klar in mir, wie ich es noch vor einer Minute
3189 3487 5511 3760 nicht vermutet hätte. Und ich sagte: "Es ist kein
