5848 4088
5095 325 5272 541 37
3290 535 5482 779 voll Liebe. Und wieder rast der Zug mit uns da-
3296 734 5473 967 von. Durch das offene Fenster blickt irgendwer
3290 942 5403 1115 herein - wie ist das nur möglich? Er klammert
3265 1090 5434 1264 sich offenbar draussen an die Fensterbrüstung.
3290 1222 5479 1432 Er hält ein Stück Papier in der Hand: das Tele-
3296 1415 5381 1569 gramm, gewiss. Ich stürze ihn hinunter, er kol-
3285 1553 5389 1763 lert hinab, ich weiss nicht wohin, -ich seh ihn
3296 1704 5347 1928 ja auch gar nicht. Welches Glück, dass Agathe
3290 1878 5353 2060 gar nichts bemerkt hat. Natürlich nicht. Sie
3279 2046 5372 2231 hat ja ein grosses, englisches Journal in der
3279 2183 5479 2374 Hand. und liest darin, sieht sich die Bilder an.
3290 2354 5445 2547 Wie komisch, da ist ein Bild, das den Spielsaal
3290 2480 5538 2699 von früher darstellt und sie und mich. Wie rasch
3285 2662 5356 2859 die Nachrichten gehen. Wenn ihr Mann dieses
3301 2797 5459 2987 Bild zu Gesicht bekommt - was wird mit uns ge-
3287 2951 5291 3184 schehen? Wird er auch mich umbringen? so wie
3285 3111 4893 3296 er den Rittmeister umgebracht hat?
3691 3206 5431 3422 Und mit einem Mal bin ichb wieder in
3282 3427 5342 3573 der Villa, in dem Zimmer, auf dem Divan, wo ich
3343 3556 5347 3764 wirklich bin. Es ist wirklich und zugleich
