5848 4136
5133 316 5285 497 12
3253 474 5480 744 pflanzen beabsichtigte und aus dem Wagen sprang
3253 672 5250 851 er mit jener Elastizität, die man damals in
3253 851 5483 1020 Zeitungsnotizen immer wieder als besonderes At-
3273 974 5472 1178 tribut regierender Fürsten erwähnt zu lesen be-
3256 1172 5411 1325 kam. Das fiel mir ein und ich lächelte unwill-
3259 1293 5572 1483 kürlich. Loiberger sah mich in diesem Augenblick
3267 1468 4900 1650 an und ich schänte mich ein wenig.
3862 1598 5414 1799 Das Duell selbst ist mir beinahe
3285 1756 5480 1960 wie ein Marionettenspiel im Gedächtnisxxx
3279 1911 5503 2092 pfand ich es auch, als Eduard Leiberger geblie-
3296 2072 5509 2247 ben; als Marionette lag Eduard Loiberger da, als
3279 2213 5566 2405 die Kugel seines Gegners ihn auf den Boden hinge-
3290 2371 5515 2549 streckt hatte und ### eine Marionette war auch
3308 2509 5452 2721 der Regimentsarzt, der den Tod feststellte, ein
3290 2693 5486 2854 hagerer, ältlichher Mann mit polnischem Schnurr-
3296 2825 5394 3066 bart. Der Himmel über uns war volkenlos, aber
3302 3017 5543 3207 von einem merkwürdigen matten Blau. Ich sah auf
3290 3150 5495 3362 die Uhr - es fehlten zehn Minuten auf acht. Das
3279 3296 5437 3489 Protokoll und die sonst üblichen Formalitäten
3290 3437 5452 3641 waren rasch erledigt. Eigentlich war ich froh,
