5912 4184
3061 605 5288 739 mit einem dunkelgrauen Anzug, wählte mit Bedacht
3073 780 5323 977 eine schwarzgestreifte Kravatte. Ich war am Ende
3073 905 5326 1083 nur auf meinen Geschmack, ja auf eine Intuition
3061 1051 5413 1289 angewiesen, denn für einen Besuch,wie er mir bevor-
3073 1207 5332 1401 stand,gab es begreiflicherweise keine allgemein
3073 1404 5382 1597 giltigen Vorschriften. Bedrückten Herzens machte
3092 1529 4087 1757 ich mich auf den Weg.
3660 1725 5404 1903 Seitab hinter dem Gasthof führte ein
3076 1835 5423 2075 abkürzender Pfad mit gelegentlichen Ausblicken auf
3079 2022 5357 2231 den See an etlichen kleineren Landhäusern vorbei
3073 2175 5448 2377 zu der weissen, für meinen Geschmack etwas zu gross-
3086 2331 5376 2571 artigen Villa, die Loiberger, natürlich mit eigenen
3111 2499 5292 2721 Angaben, für sich hatte erbauen lassen. Ich ging
3067 2674 5575 2870 übertrieben langsam, damit nicht gleich ein zu rascher
3086 2786 5410 3011 Item mich verriete, doch fühlte ich mich im ganzen
3076 2970 5588 3201 ziemlich ruhig oder wenigstens gefasst. Ich sagte mir,
3089 3151 5476 3348 dass ich einfach eine Pflicht zu erfüllen hatte, das
3079 3260 5472 3526 wollte ich in möglichst guter Haltung tun; von mei-
3073 3476 5401 3635 ner innerlichen Beteiligung durfte ich nicht mehr
3064 3607 5454 3778 merken lassen, als xxx gute gesellschaftliche Form
