5880 4184
3347 519 5463 837 an sich nicht bedeutungsvolles, Vergehen allzu
3335 677 5424 1019 sehwer gesühnt hatte und dessen Andenken von
3366 924 5452 1174 jeder Schuld freizusprechen sei. Agathen aber
3341 1137 5542 1320 gelang es tatsächlich ihn nicht mit einer Silbe
3338 1204 5489 1516 zu unterbrechen. Und erst als Mülling geendet,
3341 1390 5441 1603 wandte sie sich mit der Frage an ihn, ob schon
3324 1533 5472 1746 irgendwelche Verfügungen an Ort und Stelle ge-
3335 1707 5517 1906 trofien worden seien. Und als Mülling erwieder-
3330 1853 5528 2100 te, dass der Leichnam spätestens morgen Früh von
3324 2035 5536 2316 der Behörde freigegeben werden dürfte,sagte sie:
3324 2179 5486 2482 "Ich werde noch heute Abend zu ihm fahren. Mül¬
3304 2319 5441 2619 ling riet ihr ab, der heutige Abendzug käme in
3304 2487 5545 2743 der kleinen Garzisonsstadt erst nach Mitternacht
3288 2619 5536 2970 an, sie aber nickts beinahe wie befriedigt sagte
3276 2866 5393 3116 nur: „Ich will ihn noch heute Nacht sehen“ und
3265 3032 5430 3285 es war uns allen klar, dass sie sich noch heute
3268 3097 5331 3414 Nacht Eingang in die Totenkammer verschaffen
3254 3245 5483 3585 wollte. Nun trug sich Mülling an sie zu beglei-
3243 3420 5452 3667 ten, es seien allerlei Dinge zu besorgen und an-
3231 3577 5489 3832 zuordnen. Die unmöglich Agathe allein durchführen
