5832 4168
4917 350 5069 488 46
3321 477 5264 750 Betrug, es ist keine Lüge. Betrug und Läge
3324 703 5399 899 wäre es nur,wenn du nach dieser Stunde noch
3332 832 5347 1078 länger in diesem Hause bliebst und wieder
3346 998 5449 1243 einem Andern gehörtest." Es war xxx, als bekä-
3335 1125 5551 1370 me jener Reisetraum von früher Gewalt über mich
3343 1265 5000 1560 oder als bekäme ich Macht über ihn.
3622 1419 5394 1714 Agathe erblasste. Sie sah mich an und
3354 1582 5394 1866 iem fühlte, dass mein Antlitz ganz starr ge-
3374 1775 5474 2040 worden war. Sie berührte meinen Arm, als woll-
3371 1962 5441 2188 te sie mich beruhigen. "Wir wollen doch ver-
3393 2153 5402 2357 nünftig sein“, sagte sie. "Oder wir wollen es
3404 2244 5477 2525 wenigstens wieder werden. Ich liebe dich, ja,
3407 2412 5548 2682 aber ich gehöre nicht dir,so wenig wie du mir,
3390 2577 5510 2847 Wir wissen es ja beide. Es war nur ein Traum,
3409 2718 5399 2988 ein Wunder, ein Glück, unvergesslich, ja, aber
3418 2952 3823 3156 vorbei."
3677 3046 5488 3277 Ich schüttelte heftig den Kopf. Alles
3404 3181 5452 3412 was vor dieser Stunde war ist vorbei, diese
3418 3330 5535 3578 Stunde aber hat alles geändert. Du kannst dem
3421 3434 5474 3710 Andern nie wieder gehören, du gehörst mir al-
