5912 4104
3422 539 5489 743 im Vorübergehen glitt sie,wie zum Spass, mit
3419 696 5349 912 der Hand durch meine Haare, brachte sie in
3422 830 5470 1080 Unordnung und war wieder davon. Das fiel mir
3400 1010 5523 1203 weiter nicht auf. Denn in dieser Weise benahm
3400 1198 5531 1411 sie sich manchmal. Rrecht ungezwungen, aber im-
3402 1318 5484 1554 mer mit wundervoller Anmut;- wie sie auch die
3383 1470 5492 1725 meisten Freunde des Hauses selten beim Namen
3388 1669 5430 1865 oder gar mit einem Titel zu nennen pflegte,
3374 1823 5467 2042 sondern für jeden irgend eine Bezeichnung ge-
3374 1972 5571 2194 funden hatte, die keineswegs immer zu dessen Art
3355 2095 5501 2328 und Wesen passen mochte, ja, geradezu das Gegen-
3366 2261 5433 2485 teil oder überhaupt nichts ausdrückte. Mich,
3341 2412 5588 2637 zum Beispiel - und das hatte xxx einen gewissen
3349 2581 5439 2827 Sinn, denn ich sah damals noch jünger aus, als
3338 2710 5557 2948 ich mit meinen dreiundzwanzig Jahren war - nann-
3321 2864 5470 3105 te sie "das Kind“. Ich blieb ruhig auf meiner
3318 3060 5402 3282 Bank im Dunkel sitzen- und die Nacht klang um
3310 3226 5456 3453 mich-und wartete, dass die Beiden wieder an mir
3310 3346 5282 3599 vorüberkämen, was früher geschah, als ich es
3304 3517 5557 3801 eigentlich erwartet hatte. Und nun nickte Agathe
