5864 4136
2644 400 2947 529 4.10.30.
4991 400 5303 575 11 b
3259 703 5200 866 Wir verabschiedeten uns von Loiberger und
3285 860 5403 1043 schickten ihn zu Bette,wir beiden Andern aber
3285 972 5392 1169 spazierten in der schönen,warmen Sommernacht
3296 1166 5463 1326 noch ein Stündchen durch die kleine Stadt. Von
3290 1272 5443 1478 diesem nächtlichen Gang ist mir nichts ande-
3288 1461 5586 1649 res in Erinnerung geblieben als ein tiefschwarzer
3302 1638 5600 1807 Schlagschatten, den die Häuser auf dem Hauptplatz
3316 1727 5466 1967 auf das mondbeglänzte Pflaster warf und nichts
3333 1941 5495 2127 von unseren Gesprächen. Ich weiss nur, dass wir
3328 2061 5426 2250 von dem morgigen Quell überhaupt nichts gere-
3319 2261 3876 2450 det hatten.
3902 2367 5577 2587 Deutlich entsinne ich mich aber der
3325 2553 5515 2747 Wagenfahrt am nächsten Morgen
4874 2670 5452 2767 Hufgeklapper
3333 2739 5466 2890 ###ng, ja, noch tönt mir gleichsam das Geklapper
3342 2907 5492 3082 der Russenläge xxxx in den Ohren der Rosse
3359 3025 5617 3176 nach, die uns über die staubige Strasse zur Wald-
3385 3179 5472 3328 lichtung brachten. Loiberger sprach mit über-
3373 3288 5620 3513 triebener Wichtigkeit von einer gewissen, in Mit-
3379 3482 5572 3694 teleuropa neu eingeführten japanischen Strauch-
3370 3625 5529 3868 art, die er auch in seinem eigenen Garten anzu-
