5880 4152
3309 644 5452 889 von xxx allen meinen andern, früheren und spä-
3306 849 5230 1043 teren dadurch, dass ich von der Periperie
3312 1000 5426 1177 gleichsam in den Mittelpunkt rückte, dass ich
3317 1186 5384 1377 aus der Episodenfigur eine Hauptperson wurde
3323 1314 5523 1559 und dass bis zum heutigen Tage kein Mensch von
3312 1505 5606 1713 dieser sonderbaren Geschichte etwas erfahren hat.
3320 1636 5432 1850 Auch Ihnen mit Ihrem ewigen Lächeln hätte ich
3312 1850 5409 1995 nichts davon erzählt,-aber da Sie ja in Wirk-
3306 1984 5349 2214 lichkeit gar nicht existierens,so werde ich
3317 2138 5523 2380 Ihnen auch weiterhin die Ehre erweisen zu Ihnen
3317 2340 5523 2562 zu reden, jugger Mann, der immerhin so viel Takt
3337 2471 4663 2679 besitzt zu schweigen.
3725 2636 5475 2824 So ist es auch ziemlich gleichgültig.
3323 2810 5606 3041 wie und wo ich anfange. Ich erzähle die Geschich-
3337 2955 5563 3144 te, wie sie mir in den Sinn kommt und beginne bei
3323 3164 5563 3297 dem Augenblick, der mir zuerst in den Sinn kommt,
3323 3289 5432 3448 also in dem, da ich in Gesellschaft des Doktor
3317 3411 5486 3637 Mülling in den Zug stieg. Nämlich, um keinerlei
3309 3577 5489 3819 Miestrauen zu erregen, vor allem bei der jungen
