5912 4088
5289 378 5450 529 23
3132 489 5413 746 dert, vielleicht fiel ihm die Starrheit, der unver-
3132 715 5429 916 ständliche Ernst meiner Züge auf,
3126 836 5432 1046 und mit rasch er-
4287 993 4488 1102 sah
3145 990 5444 1207 künstelter Leichtigkeit, xxxx ich auf die Uhr
3145 1161 5484 1374 und bemerkte: "Ich hab der gnädigen Frau nur etwas
3132 1337 5444 1560 zu bestellen und wiederholte: "Ich werde warten."
3776 1510 5503 1715 Der Diener nickte,ging voraus, rückte
3135 1659 5487 1832 den scharlachroten Sessel ein wenig zur Seite, der
3132 1795 5611 2027 die Mitteltüre zum Salon verstellte, liess mich vorbei
3145 1981 5540 2173 wies mit einer unbestimmten Geste auf die verschie-
3145 2157 5562 2331 denen Sitzgelegenheiten ringeum,verschwand im Neben-
3129 2281 5562 2495 zimmer, wo der Tisch zu sehen war, blitzblank mit zwei
3126 2473 5531 2637 Gedecken,schloss die für hinter sich und liessmich
3123 2575 3500 2773 allein.
3736 2733 5562 2993 Wie ein in Haft Gesetzter vor schwerer
4302 2900 4921 3021 sommerlichen,
3129 2869 5534 3126 Einvernahme stand ich in dem aber kühl durch¬
3104 3061 5413 3271 schatteten Raum. Was mir zuerst ins Auge fiel in
3117 3219 5605 3463 ebenholzerner Schwärze/war das piano und in plötzlich
4760 3370 5094 3497 dunkte
3110 3352 5466 3646 aufsteigender Erinnerung sah ich Agathans Freundin
