5896 4136
3296 596 5500 870 Gattin Eduards, verliessen wir schon Montag Vor-
3285 773 5449 1061 mittag den Villenort am See, ja, wir trieben die
3310 1004 5469 1180 Vorsicht so weit am Schalter Billets bis Wien
3287 1169 5511 1349 zu nehmen, stiegen aber natürlich in dem Bahnhof
3276 1346 5363 1543 des Städtchens aus, wo am nächsten Morgen das
3265 1494 4471 1694 Duell stattfinden sollte.
3681 1662 5563 1865 Doktor Mülling war ein langjähriger, fast
3265 1796 5514 2044 gleichaltriger Freund Loibergers, fünfunddreissig
3270 1982 5463 2193 etwa. Was mich anbelangt, verdankte ich die Ehre
3265 2141 5377 2318 zum anderen Zeugen auserwählt zu sein ausser
3239 2304 5503 2521 meiner schon erwähnten allgemeinen Eignung dazu,
3245 2455 5463 2672 dem Umstand, dass ich meine Ferien in der glei-
3236 2617 5531 2843 chen Sommerfrische verbrachte wie Loiberger und
3233 2760 5500 3034 in seiner Villa ziemlich oft zu Gaste war. Son-
3213 2920 5494 3179 derlich sympathisch war er mir nicht, aber es war
3213 3034 5509 3319 ein geselliges Haus, viele angenehme Menschen ain-
3211 3265 5326 3479 gen aus und ein, es wurde musiziert, Teunis ge-
3191 3367 5477 3647 spielt, gemeinsame Ausflüge und Ruderpartien wur
3191 3556 5452 3821 den unternommen und endlich war ich dreiundzwan-
