5896 4120
5255 442 5421 630 15
3791 630 5642 831 Und nun erst, als wäre er von einem gege-
3312 764 5650 999 benen Wort entbunden, bemerkte Doktor Mülling: "Die
3309 871 5566 1139 Wahrheit zu sagen, ich habe es kommen gesehen, al-
3288 1028 5502 1249 lerdings hatte ich es schon im vorigen Jahr er-
3288 1185 5505 1447 wartet. Beide, sowohl unser Freund Loiberger als
3283 1336 5499 1580 Frau von Urpadinzky - Sie haben ja die Frau des
3254 1499 5505 1755 Rittmeisters nie gesehen, schade - benahmen sich
3265 1636 5450 1891 so unvorsichtig als nur möglich. Der ganze Ort
3271 1795 5520 2077 wusste von der Sache, nur der Rittmeister selbst,
3265 1935 5447 2208 obwohl er gar nicht selten aus seiner Garnison
3257 2083 5505 2382 zu Besuch nach St. Gilgen kam, hatte keine Ahnung.
3254 2246 5456 2530 Erst im Winter soll er anonyme Briefe erhalten
3239 2402 5424 2684 haben, dann ging er der Sache nach und endlich,
3248 2559 5464 2827 offenbar unter der ewigen Marter seiner Fragen,
3236 2710 5540 3024 scheint seine Frau gestanden zu haben. Dann mach-
3242 2841 4776 3068 te sich das Uebrige von selbst.“
3733 3010 4918 3193 "Unbegreiflich", sagte ich.
3753 3193 5514 3405 "Inwiefern unbegreiflich?" fragte Mül-
3210 3297 3501 3474 ling.
3739 3416 5560 3669 "Wenn man eine solche Frau hat wie Loi-
3204 3573 5456 3768 berger,- ich hielt es für die glücklichste Ehe.“
