5896 4136
3226 557 5520 815 gleich, so sehr man auch vorbereitet gewesen sein
3220 750 5486 990 mag." Dann sprachen wir beide von allerlei ande-
3226 935 5464 1150 ren Zweikämpfen,an denen wir als Sekundanten be-
3232 1067 5424 1261 teiligt gewesen waren, harmlosen und weniger un-
3232 1224 5501 1411 glücklichen,-keiner von uns hatte bisher ein töt-
3223 1408 5461 1577 liches Duell gesehen. Wir behandelten das heuti-
3223 1559 5507 1787 ge,so traurig beendete zuerst keineswegs sentimen-
3213 1740 5541 1900 tal, sondern eher vom ästhetisch-sportlichen Stand-
3213 1845 5397 2063 punkt. Loiberger, wie nicht anders zu erwarten
3216 2030 5507 2276 war, hatte sich famos gehalten, der Rittmeister war
3201 2205 5452 2423 minder ruhig und viel blässer gewesen, ja, man hat
3204 2337 5504 2534 deutlich gemerkt, dass vor dem ersten Kugelwechsel
3189 2485 5560 2728 seine Hand zitterte. Beide schossen zugleich, keine
3183 2663 5655 2897 Kugel traf; beim zweiten Gang war die Kugel des Ritt-
3186 2823 5510 3053 meisters hart an Loibergers Schläfe vorbeigegangen
3183 3007 5517 3198 und Loiberger hatte unwillkürlich nach der Stelle
3183 3143 5618 3382 hin gefasst und nachner gelächelt. Beim dritten Gang
3195 3260 5538 3515 aber,gleich nach dem Kommando,war er niedergesun
3180 3426 4982 3659 ken, noch ehe er selbst gefeuert hatte.
