5848 4088
5136 420 5325 628 41
3235 534 5405 774 Sie verschränkt die Arme. Sie ist sehr neugie-
3235 717 5390 968 rig, ob mich Eduard ins Wasser werfen wird. Wir
3266 896 5390 1076 versuchen uns gegenseitig unterzutauchen. Aga-
3255 1031 5353 1250 the ist gar nicht mehr neugierig. Sie treibt
3260 1222 5376 1422 auf dem Kahn davon. Es ist ja doch ein Motor-
3283 1359 5496 1585 boot, denke ich. Ich tauche immer tiefer. Warum,
3272 1505 5442 1710 warum, frage ich mich und ich will zu Loiberger
3266 1656 5382 1881 sagen: Es ist ja gar nicht der Mühe wert, dass
3272 1824 5510 2010 wir einander wegen einer solehen Frau umbringen.
3266 2001 5504 2184 Aber ich sage es nicht, am Ende würde er glauben,
3278 2133 5402 2324 dass ich mich fürchte. Und ich tauche wieder
3272 2330 5453 2498 empor. Und der Himmel ist so gross, wie ich ihn
3260 2492 5502 2649 noch niemals gesehen. Und wieder sinke ich hinab
3272 2592 5390 2772 und noch tiefer als vorher. Ich müsste ja gar
3260 2752 5527 2955 nicht, ich bin ja allein, der ganze See gehört mir.
4294 2906 4448 2998 Und,
3278 2918 5559 3132 Und der Himmel dazu. wieder tauche ich empor
3269 3063 5413 3260 aus Flut und Tod und Traum. Ja, so tief ich ge-
3278 3229 5419 3397 wesen, so unerbittlich kam ich wieder empor und
3255 3380 5422 3543 plötzlich war ich wach,-vollkommen wach,wacher
3266 3529 5436 3706 als je. Agathe aber schlief, jedesfalls lag sie
3255 3629 5544 3866 mit geschlossenen Augen da. Die Gardinen bewegten
1042 3811 1225 3963 P.S.
