5880 4120
3909 704 4619 862 Zuerst lag ich
3903 735 5545 946 Wir waren auf einen Wiesenhang bin-
3385 932 5545 1101 gestreckt; es war der gleiche, auf dem sie neu-
3360 1076 5624 1267 lich erstaan Eduards Seite gelegen war. Ich wun-
3365 1248 5565 1445 dere mich, dass Eduard da ist weiss nicht recht,
3385 1411 5503 1617 warum ich mich wundere sie so ruhig ist,ohne
3360 1583 5545 1769 Angst, irgend was Furchtbares ist ja geschehen..
3365 1732 5537 1923 ich weiss nicht was, denke auch nicht darüber
3337 1859 5503 2115 nach, aber ich weiss, dass wir fort müssen, flie-
3334 2076 5421 2242 hen und gleich. Dann sitzen wir in einem Ei-
3349 2169 5464 2371 senbahncoupée; das Fenster ist offen, die Vor-
3343 2337 5489 2566 hänge nicht befestigt, fliegen hinund her, zer-
3332 2535 5480 2690 rissene Bilder wechselnder Landschaften rasen
3343 2684 5602 2870 vorbei, Wälder, Wiesen, Zäune, Felsen, Kirchen, verein-
3326 2833 5528 3047 zelte Bäume, unbegreiflich und ohne jeden Zusam-
3306 2971 5571 3154 menhang. Rasch genug, niemand kann uns nach, nicht
3326 3120 5559 3371 einmal die Leute, die im gleichen Zug fahren; es
3306 3289 5385 3464 ist unfassbar, aber doch ist es so. Plötzlich
3284 3444 5351 3630 höre ich ihren Namen draussen rufen, xxx ich
3284 3551 5548 3847 weiss, es ist ein Telegraphenbote, der sie sucht.
