5864 4152
5307 529 5517 683 11a
3318 646 5301 842 manches Versöhnungsfrihstück stattgefunden
3323 828 5352 1027 hatte. Dies aber war die einzige Anspielung
3332 968 5380 1183 auf den Zweck unserer Anwesenheit;- im übri-
3337 1172 5531 1337 gen sprachen wir von der für den nächsten Sonn-
3337 1295 5363 1480 tag bevorstehenden Segelregatta,an der auch
3318 1452 5497 1648 Loiberger, der Sieger vom vorigen Jahr, teilneh-
3323 1606 5573 1830 men sollte,- von einem geplanten Zubau für seine
3337 1751 5251 1972 Villa, zu dem er.,vom Beruf Fabrikant, aber
3318 1927 5533 2146 Lilettant auf allen möglichen anderen Gebieten,
3323 2093 5545 2314 selbst den Grundriss entworfen hatte,-von einer
3343 2291 5413 2448 der Vollendung nahen Drahtseilbahn auf einen
3335 2397 5405 2585 nahen Gipfel, deren Trassierung Loiberger be-
3343 2590 5500 2767 mängelte,-von einem Prozess, den Doktor Mülling
3337 2733 5511 2915 für ihn zu führen und in dem beträchtliche Ver¬
3343 2873 5475 3060 mögenswerte auf dem Spiel zu stehen schienen,-
3332 3032 5464 3214 und von mancherlei anderem, bis Doktor Mülling
3343 3181 5455 3365 gegen elf Uhr mit lauem Lächeln bemerkte: "Es
3337 3329 5422 3500 wär vielleicht Zeit zu Bett zu gehen,schadet
3332 3502 5542 3679 nie bei solchen Gelegenheiten, wenn man gut aus-
3332 3648 5380 3866 geruht ist, auch nicht den Sekundanten." Wir
