5864 4184
5215 409 5378 610 49
3255 700 5395 894 wirkliche Angst in ihren Augen. "Was sagst du
3284 857 5520 1086 da? Wo verirrst du dich hin? Vo verirren wir uns
3258 1037 3531 1217 hin?“
3560 1191 5596 1403 Und in diesem Augenblick fühlte ich, dass sie
3278 1356 5471 1536 für ihn banzte), für ihn und nicht im geringsten
3267 1527 5459 1707 für mich, - dass er alles und dass ich nichts für
3278 1699 5410 1835 sie war.. Und in diesem Augenblick hörten wir
3267 1771 5566 1954 Schritte über den Gartenkies. Nur wenige Sekunden
3278 1940 5598 2160 noch blieben mir. Es war nicht möglich ihr in die-
3267 2073 5471 2288 sen wenigen Sekunden zu berichten,was ge-
3284 2256 5566 2416 schehen war und überdies noch mich zu rechtferti-
3290 2413 5610 2602 gen, dass ich bisher geschwiegen. Vor einigen Minu¬
3284 2552 5619 2767 ten noch hätte sie verstanden, hatte Sie vielleicht
3296 2718 5616 2889 verziehen. Ja, vielleicht hätte ich einen wahrhaften
3284 2866 5520 3049 einen unvergänglichen Sieg über den Toten davon-
3284 3026 5590 3180 getragen. Jetzt war ich der Gefallene, der Erschla-
3278 3183 5555 3368 gene, ja, in dieser Sekunde empfand ich mich selbst
3284 3336 5596 3482 gleichsam wie ein Gespanst und die Schritte draus-
3273 3514 5549 3711 sen im Garten - so sehr ich wusste, dass jeder an-
3270 3638 5407 3891 dere im nächsten Augenblick hier hereintreten
