5864 4184
2731 214 3180 542 30.10.50.
3255 458 5471 692 als gerade er kündigten für mich
3241 678 5526 889 in unbegreiflicher Weise das
3255 918 5413 1048 Nahen Eduard Loubergers an:wie er es in meinem
3893 1025 4475 1135 schritt
3267 1095 5407 1216 Traume getan xxxx er durch den Garten und über
3924 1199 4087 1286 G.F.P.
3241 1257 5526 1384 die Stufen zur Terrasse herauf. Aber wer immer es
3241 1416 5569 1633 sein sollte, unmöglich war es in den wenigen Sekun-
3255 1584 5506 1712 den, die mir blieben,Agathen zu sagen, was gesche-
3247 1767 5477 1929 hen war und überdies mich zu rechtfertigen, dass
3261 1917 5367 2108 ich bisher geschwiegen. Unmöglicher noch, was
3261 2082 5468 2274 auf dem Wege war herankommen lassen, ohne sie im
3261 2236 5506 2415 allergeringsten vorzubereiten. Doch nur das eine
3261 2363 5422 2552 Wort drängte sich auf meine Lippen: „Erschrick
3247 2560 5413 2722 nicht.“ Und während ich das Wort aussprach war
3238 2722 5497 2911 mir wahrhaftig nicht anders zumute, als müsste im
3235 2850 5407 3032 nächsten Augenblick ihr toter Gatte eintreten.
3241 3032 5509 3226 Zuerst sah sie mich mit einem unsichern Lächeln
3229 3180 5526 3339 an, als wollte sie mir zu verstehen geben, dass ich
3221 3334 5535 3571 mich nicht zu sorgen brauche und dass ihr niemand
