5880 4088
4850 441 5001 617 der
3318 528 5293 750 der zurückgekehrt und in ihr lag
3307 685 5431 944 Mann, den ich heute Morgens tot am Waldesrand
3307 904 5429 1120 hatte hinsinken sehen. Wirklicher als all das
3323 1085 5342 1272 war,was zwischen Agathe und mir hin und her
3312 1242 5426 1407 schwebte, war nicht, was sie sagte, doch der Ton
3326 1391 5331 1608 ihrer Stimme, war ihr Blick, ihr Wunsch,unser
3326 1499 3802 1713 Verlangen.
3767 1710 5513 1905 Das Mahl war zu Ende. Der Diener kam
3318 1862 4739 2057 nicht wieder, wir waren allein.
3911 1986 5388 2195 Agathe stand vom Tische auf, sie
3326 2146 5348 2341 trat auf mich zu, nahm meinen Kopf in beide
3312 2322 5353 2514 Hände und küsste mich auf die Lippen. Es war
3331 2419 5442 2644 kein glühender Kuss, er war sehr milde,er
3312 2622 5434 2817 eine Feierlie mehr Güte als Leidenschaft
3312 2809 5491 2985 war in ihm, er war geschwisterlich und doch be-
3318 2936 5461 3172 rauschend, er war Feierlichkeit und Wollust zu-
3318 3088 3683 3269 gleich.
3902 3231 5567 3413 Und von ihrem Arm umschlungen glitt
3315 3380 5050 3626 ich in einen Traum in hundert Träume.
