5912 4088
2851 237 3217 460 9.10.30.
5309 302 5467 475 24
3302 483 5500 747 An ebenholzener Schwärze beherrschte das Piano
3334 686 5464 900 den Raum und xxxx die Erinnerung
3328 882 5652 1031 eines ganz nahen Abends stieg lebendig in mir auf.
3619 961 4629 1072 Es mir ein den rechte
3314 1028 5535 1201 Ich sah Agathens schmale Finger über die Tasten
4213 1137 4732 1236 begleitete
3334 1169 5347 1380 schweeben. Agathe Freundin Aline
3320 1321 5611 1518 zu einem Schubertschen Lied. Ich sah ihre schma-
3305 1474 5359 1708 len Finger über die Tasten schweben, ja ich
3302 1655 5420 1831 glaubte beinahe Alinens Stimme zu hören: "Dir
3320 1793 5517 2007 Blumen und Kränze, Sylvia..." Später,während die
3290 1943 5526 2215 übrige Gesellschaft noch im Salon geblieben war,
3279 2115 5585 2365 sass ich draussen im Garten allein, von der lauen
3285 2280 5482 2488 Nachtluft, der Musik und wohl auch von dem Cham-
3285 2403 5467 2646 pagner, der bei den Gesellschaften im Hause Loi¬
3279 2561 5505 2819 berger kaum jemals fehlte, leicht benommen, ja be-
3249 2704 5470 2962 glückt. Vielleicht schlummerte ich sogar. Denn
3273 2868 5382 3123 wie mitten durch einen Traum spazierte Agathe
3249 3079 5426 3279 mit irgend einem Herrn an mir vorbei. Ich sass
3244 3185 5599 3434 im Dunkel, so bemerkten sie mich anfangs gar nicht.
3235 3305 5374 3575 Plötzlich aber entdeckte mich Agathe, und
