5896 4104
3193 487 5556 740 dass ich mich ernstlich versucht fühlte umzukehren,
3184 685 5456 896 noch ehe mich jemand erblickt, ja einfach davonzu-
3172 836 5459 1043 laufen und Doktor Mülling zu holen und ihm zu er-
3178 1001 5501 1242 klären, dass ich unmöglich allein Frau
3160 1160 5522 1380 Agathe die grauenvolle Nachricht zu überbringen im-
3148 1308 3704 1506 stande war.
3583 1482 5426 1714 Da trat aus dem Dunkel des Innenraume
3114 1614 5444 1852 hervor der Diener auf die Veranda und grüsste. Of-
3126 1777 5390 2023 fenbar hatte er meine Schritte von innen gehört.
3108 1861 5342 2158 Es war ein junger blonder Mensch in einer blau-
3105 2107 5525 2357 weissgestreiften Leinenjacke,ging ein paar Stufen hi
3075 2264 5384 2534 nab, so dass wir einander begegneten und er sagte:
3556 2408 5297 2685 "Die Herrschaften sind nicht zuhause.
3072 2546 5459 2832 Der gnädige Herr ist schon gestern fortgefahren, die
3048 2706 5342 2988 gnädige Frau ist noch am See unten."-Da ich nicht
3036 2829 5453 3136 Miene machte mich zu entfernen, fügte er hinzu: "Aber
3036 2994 5414 3289 wenn Herr von Eissler sich vielleicht gedulden wol-
3018 3169 5300 3472 len, -die gnädige Frau muss jeden Moment da sein.“
3502 3337 4413 3568 „Ich werde warten.“
3493 3508 5342 3749 Der Diener schien einigermassen verwun¬
