5848 4104
5060 411 5217 547 38
3225 541 5327 724 doch ein Traum. Ich träume, dass ich wach bin,
3240 675 5417 906 ich träume, dass meine Augen offen sind und rie-
3228 848 5350 1051 sengross zu den flatternden Gardinen starren.
3237 1077 5512 1282 Und ich höre Schritte, langsame Schritze von sechs
3245 1245 5521 1352 Männern, zwölf. Ich weiss, dass man jetzt die Bahre
3240 1410 5445 1552 mit dem Leichnam bringt und ich fliehe. Ich bin
3251 1584 5396 1702 auf der Terrasse draussen. Ich muss hinab über
3251 1725 5486 1919 die Stufen. Wo sind die Männer, wo ist die Bahre?
3271 1885 5402 2067 Ich sehe sie nicht. Ich weiss nur, dass sie mir
3271 2058 5437 2247 entgegenkommt und dass es mir unmöglich ist ihr
3277 2220 5402 2336 auszuweichen. Plötzlich aber stehe ich im Gar-
3277 2371 5448 2478 ten selbst ganz allein, aber es ist kein wirkli-
3289 2452 5359 2663 eher Garten, es ist einer wie aus einer Spiel-
3283 2652 5440 2814 zeugschachtel; es ist genau der Garten, den ich
3283 2773 5330 2979 vor vielen Jahren einmal zum Geburtstag ge-
3263 2941 5437 3118 schenkt bekam. Ich habe ja gar nicht gewusst,
3277 3086 5451 3338 dass man darin auch spazieren gehen kann. Auch
3283 3245 5477 3422 kleine Vogel sitzen auf den Bäumen. Die hab ich
3289 3378 5532 3645 damals nicht bemerkt. Und jetzt fliegen sie alle
3295 3538 5619 3816 weg, zur Strafe, weil ich sie bemerkt habe. Und beim
