5848 4152
5158 430 5315 597 44
3487 651 5446 870 rasch zu mir und sagte nichts anderes als:
3498 824 5356 1024 "Geh!" Ich blieb wie angewurzelt stehen,
3487 1004 5312 1189 völlig unfähig xxxxxxxx ihr zu
3487 1158 5454 1338 sagen, was ich sagen musste, ja unfähig auch
3487 1253 3925 1359 überhaupt
3475 1289 5518 1513 ein Wort zu reden. Welch
3469 1452 5528 1663 ein Feigling war ich!- Mich umbringen, nichts
3480 1601 5541 1802 anderes blieb mir übrig. Aber ich konnte ja
3469 1758 5526 1974 nicht einmal einen Schritt tun. Und nur ih-
3487 1928 5482 2105 ren Namen brachte ich jetzt wieder hervor,-
3477 2108 5516 2280 lauter,flehender als vorher. Sie fasste zart
3472 2252 5397 2437 meine Hand und sprach weiter: "Ich liebe
3487 2396 5510 2602 dich sehr, ich habe es nicht gewusst,wie sehr
3477 2553 5451 2746 ich dich liebe. Du musst es ja nicht glau¬
3467 2726 5534 2919 ben. Aber warum sollte ich es dir sagen, wenn
3480 2872 5436 3104 es nicht so wäre. Du sollst es nur wissen,
3475 3032 4121 3220 ehe du gehst."
3863 3104 5446 3356 "Wann sehe ich dich wieder?" fragte
3457 3346 5423 3511 ich. Ich sagte nicht: Eduard ist tot. Ich
3469 3472 5456 3657 sagte nicht: Verzeih mir. Ich sagte nich:
3467 3626 5464 3830 Ich war zu feig,um es dir gleich zu sagen.
1627 3644 1794 3812 G.C.P.
