5848 4104
5168 391 5325 592 40
3211 499 5310 744 schossen hat.' Es wundert mich gar nicht, dass
3211 706 5380 895 er das sagt, denn ich habe es ja wirklich getan.
3217 866 5302 1064 Sonderbar finde ich nur, dass er eine so dumme
3211 1038 5404 1199 Bemerkung macht. Er müsste doch wissen, dass es
3199 1172 5413 1411 ganz üblich ist nach einem Duell miteinander zu
3211 1356 3794 1560 frühstücken.
3762 1490 5541 1709 Wieder Schritte im Garten - die Bahre,
3199 1668 5535 1855 wie seltsam, der Tote zuerst und nachher die Bahre,
3193 1793 5410 1998 was für ein Snob er ist - und Trauermusik, Eine
3196 1971 5529 2170 Militärkapelle? Freilich, weil er einen Rittmeister
3205 2129 5494 2336 erschossen hat. Und Applaus? Natürlich, -er hat ja
3196 2278 5450 2490 die Regatta gewonnen. Ich springe rasch aus dem
3193 2453 5453 2642 Fenster, laufe so geschwind ich kann hinunter zum
3196 2578 5535 2785 See. Warum sind denn so wenig Leute da,- und nicht
3205 2770 5538 2957 einmal die Boote? Nur ein ganz kleiner Kahn und in
3196 2910 5474 3120 dem Kahn Agathe und ich. Agathe rudert. Nun kann
3187 3074 5433 3257 sie es plötzlich. Sie hat ja neulich gesagt, dass
3187 3220 5369 3412 sie gar nicht rudern kann. Und nun hat sie gar
3170 3371 5404 3543 die Regatta gewonnen. Jetzt plötzlich fühle ich
3190 3476 5439 3698 eine Hand am Halse, Eduards Hand. Die Ruder ent-
3176 3628 5354 3829 gleiten Agathen. Unser Kahn treibt nur so hin.
