5848 4184
5198 421 5369 616 54
3214 528 5244 796 spielten mit den Fransen des Shawls, und mit
3206 743 5453 941 keinem Zucken ihrer Lippen verriet sie sich oder
3206 952 5540 1132 mich, während Mülling erzählte.
3223 1074 5456 1249 Aline hatte sich auf den Stuhl am
3223 1246 5355 1440 Klavier sicken lassen und stützte den Kopf in
3235 1429 5413 1580 die Hände. In all seiner inneren Bewegung kam
3217 1539 5401 1780 Mülling die berufsmässige Gewohnheit zustatten
3235 1713 5485 1911 wohlgesetzt vor der Oeffentlichkeit zu reden. Er
3249 1905 5511 2041 berichtete den Verlauf der Angelegenheit von dem
3229 2059 5389 2239 Moment an, da wir beide, Doktor Mülling und ich,
3229 2204 5511 2398 Eduard am Bahnhof der kleinen Stadt erwartet hat-
3241 2361 5526 2576 ten, bis zu dem Augenblick, da Eduard am Waldesrand
3249 2523 5479 2735 tot hingesunken war und es war mir offenbar, dass
3235 2683 5369 2910 er seinen Bericht schon ein oder mehrere Male
3229 2834 5566 3098 zum Besten gegeben xxx
3223 3002 5491 3261 seit xxxx von ihm getrennt hatte, wir uns
3235 3174 5532 3412 am Tor seines Gasthofs getrennt hatten. Er sprach
3229 3304 5520 3569 im übrigen als hielte er ein Plaidoyer für jeman-
3235 3473 5424 3644 den, der ein längst abgetanes, vergessenes, schon
