5864 4104
5293 374 5463 565 26
3404 508 5528 767 mir zu,ohne dass sie doch meine Züge deutlich
3423 718 5394 936 zu erkennen imstande war. Das war oft ihre
3404 860 5561 1097 Art zum Gruss immer gleich ein paar
3402 1002 5523 1204 Mal rasch hintereinander zu nicken. So hatte
3423 1166 5588 1379 ich sie nicken gesehen, wenn sie/ in der Schwimm-
3402 1330 5397 1523 anstalt am Geländer lehnte in ihren blauen
3393 1521 5433 1673 Mantel gehüblt ; so auf Spaziergängen, wenn
3402 1657 5495 1889 ein Bekannter ihr begegnete ;nicht anders aber
3385 1802 5460 2053 nickte sie Blumen zu,ehe sie sie pflückte, so
3377 1979 5498 2198 grüsste sie eine Almhütte, ehe Sie eintrat; es
3377 2127 5457 2345 schien ihr eingeboren, also mehr als eine Ge-
3372 2271 5452 2501 wohnheit sich mit allen Menschen und Dingen,
3380 2484 5389 2626 zu denen sie in eine noch so gleichgültige,
3358 2591 5556 2779 flüchtige Beziehung trat, durch einen Gruss
3331 2763 5362 2948 gleichsam in ein persönliches Verhältnis s.
3355 2905 5457 3099 bekannt zu machen. Dieser ihrer Eigenart ward
3333 3052 5362 3254 ich mir jetzt erst so deutlich und zum er-
3342 3191 5449 3404 stenmale bewusst, während ich im sommerliche
3336 3333 5321 3535 dureschatteten Salon ihr Lommen erwartete.
3333 3494 5446 3787 und meine Finger ohne? Sinn mit den Fransen
