5896 4168
3213 734 4676 995 Redez-vous-Platz bestimmt war
3333 951 4811 1168 xxxsittigten xxx
3330 1130 5656 1302 Bei Gelegenheit einer kleinen Spazierfahrt besich-
3313 1206 5536 1504 tigten wir auch das Terrain, das als Rendezvous-
3304 1425 4187 1633 Platz bestimmt war
3318 1586 5621 1814 Wir besichtigten vor allem das Terrain, das zu dem
3301 1762 5557 1946 Renezvous-Platz für morgen bestimmt worden war.
3307 1928 5419 2122 Auf einer kleinen Spazierfahrt, die sich daran
3292 2113 5507 2280 schloss, sprach Mülling von seinen Reisen, längst
3295 2250 5539 2438 verflossenen Universitätsstudien,Studentenmensu-
3295 2411 5495 2604 ren,Professoren,Prüfungen, Villenbauten, Meister-
3289 2555 5504 2742 schaften im Rudersport und allerlei zufälligen,
3277 2730 5630 2912 gemeinsamen Bekannten. Ich stand damals vor meinem
3292 2877 5577 3061 letzten Staatsexamen. Mülling war ein schon recht
3289 2999 5501 3263 bekannter Anwalt. Von dem, was für morgen bevor-
3277 3187 5563 3348 stand,sprachen wir wie auf Verabredung kein Wort.
3283 3345 5519 3538 Von den Gründen des Zuells wusste Doktor Mülling
3274 3485 5539 3678 zweifellos mehr, als er mir anzuvertrauen für gut
3257 3593 3558 3842 fand.
