5848 4088
5297 334 5485 601 27
3293 525 5471 764 des indischen Shawls spielten, der als Klavier-
3302 697 3937 894 decke diente.
3715 857 5336 1090 Plötzlich hörte ich Frauenstimmen,
3319 1020 5426 1264 Schritte über den Kies, alles immer näher, dann
3313 1222 5426 1402 ein Frauenlachen, dann Schritte die Stufen hi-
3296 1354 5038 1526 nauf - und das Herz stand mir stille.
3864 1509 5370 1706 "Wer ist denn das " rief Agathe.
3285 1655 5539 1874 Und da sie mich erkannte ein wenig erschrocken.
3305 1829 5482 2043 Und da sie mich erkannte, fügte sie gleich hei-
3307 1956 5339 2183 ter hinzu: "Das Kind" und reichte mir die Hand.
3299 2175 5454 2341 Ich verbeugte mich tiefer, als ich es sonst ge-
3313 2304 5420 2501 wohnt war und küsste ihre Hand. Sie wandte
3299 2464 5426 2678 sich gleich zu Aline, die ein wenig hinter ihr
3291 2610 5451 2821 stand und meinte: "Nun bleibt Ihr gleich beide
3296 2737 5353 2979 zum Essen“. Und wieder zu mir: “Ich bin näm-
3305 2928 5468 3133 lich allein. Eduard ist seit gestern auf einer
3296 3077 5488 3307 Bergtour“. Und mit einem nicht ganz heitern La-
3302 3220 4333 3431 enen: “Wer’s glaubt”.
3838 3414 5384 3588 Indess hatte ich auch Alinen die
3274 3504 5359 3712 Hand geküsst und als ich meinen Blick wieder
