5848 4088
5076 438 5232 647 42
3333 524 5313 823 sich stärker in dem nachmittägigen Sommer-
3344 706 5438 959 wind, der um diese Stunde immer vom See heran-
3349 867 5589 1099 zuwehen pflegte. Es konnte ja noch nicht spät se
351 970 530 1163 P.S
3316 1029 5371 1244 sein. Nach dem Stand der Sonne kaum mehr als
3333 1213 5354 1372 vier, die Stunde also, in der Mülling mich im
3327 1347 5313 1562 Hotel aufsuchen wollte. War dies auch noch
3346 1509 5257 1690 Traum? Alles vielleicht? Auch das Luell?
3344 1665 5285 1827 Und Toibergers Tod? War es vielleicht Mor¬
3330 1815 5402 2019 gen und ich schlief ich in meinem Zimmer im
3316 1969 5382 2150 Hotel? Dies aber war gleichsam mein letzter
3307 2142 5399 2295 Fluchtversuch. Ich konnte nicht zweifeln, ich
3327 2290 5399 2482 war wach und hier lag Agathe und schlief-sie
3316 2429 5301 2638 wusste nichts. Nun hatte ich nur mehr die
3316 2605 5271 2814 Wahl auf und davon in dieser Sekunde noch
3321 2764 5366 2945 und mit mir ein Ende machen - oder reden, ohne
3321 2886 5396 3073 noch eine Sekunde zu zögern, Agathe aufwecken
3321 3073 5366 3260 und reden. Jeden Augenblick konnte die Nach-
3319 3238 5424 3413 richt da sein. Hörte ich nicht schon Schritte
3316 3394 5379 3561 im Garten? War es nicht fast ein Wunder, dass
3310 3511 5338 3770 wir noch nicht gestört worden waren? Und in
