5832 4104
5190 339 5349 482 43
3282 474 5297 720 jedem Fall,wenn in diesem Haus, wenn hier im
3282 657 5313 868 Ort noch keiner etwas wusste, blieb es nicht
3296 802 5355 980 ein unfassbarer Leichtsinnin diesem doch von
3282 1002 5234 1180 überallher zugänglichen Gemach, nun, da die
3299 1142 5346 1374 Zeit der allgemeinen Nachmittagsruhe vorbei
3296 1284 5459 1506 war, noch weiter zu verweilen? Ich selbst hatte
3581 1454 3857 1555 rasch
3301 1467 5407 1673 mich erhoben, mich von Agathen entfernt
3545 1618 4153 1714 als ich eben
3312 1662 5385 1820 nun, wollte ich Agathe an der Schulter berüh-
3301 1752 5401 1979 ren wollte, als hätte mein Blick und meine Ab¬
3307 1944 5404 2108 sicht sie erweckt, blintzelte sie,strich sieh
3312 2083 5434 2264 mit der Hand über die Stirn und in die Haare,
3312 2247 5341 2461 sah einem kleinen Mädchen ähnlich, das sich
3326 2442 5511 2612 den Schlaf aus den Augen reibt und sie sah mich
3312 2565 5511 2770 gewiss nicht anders als wie ein entschwindendes
3893 2696 4112 2811 Dann
3312 2727 5390 2913 Traumbild. Nun aber hörte sie meine Stimme,
3332 2861 5418 3104 denn unwillkürlich hatte ich ihren Namen ge-
3318 3022 5464 3184 flüstert jetzt beschattete sich ihr Antlitz
3337 3181 3488 3263 sie
3332 3184 5472 3362 sprang auf,strich sich das Kleid zurecht,
3334 3315 5450 3548 strich auch die Kissen glatt und legte sie in
3342 3471 5409 3687 flüchtiger Ordnung hin. Dann wandte sie sich
