6696 4232
5986 400 6142 559 16
3965 610 6227 791 Er macht sich fertig. Hoffnungsvollere Stimmung.
3977 766 4905 885 Verlässt das Zimmer.
3977 800 6206 928 Zum Offiziersdiener: "Bin Nachmittag wieder da."
3990 904 6279 1026 Offiziersdiener merkt, dass etwas nicht in Ordnung
3968 1001 4182 1123 ist.
3971 1090 6364 1239 56. Auf der engen Stiege kommt ihm Bogner entgegen.
3971 1221 6288 1316 Bogner: "Die Revision ist aufgeschoben. Also noch
3990 1297 4744 1404 bis morgen Zeit.
3990 1337 6264 1508 Willi : "Ich hab gestern alles verloren. Und noch
3971 1477 4252 1563 mehr.
3971 1505 6325 1624 Bogner: "Du gehst also jetzt doch zu deinem Onkel?
3990 1606 5391 1697 Willi: “Adieu”. An ihm vorbei.
3971 1648 5668 1801 Bogner ihm verzweifelt nachschauend.
3974 1792 6361 1966 57. Willi durch den Kasernhof,Tor, Strassen etc.
3971 1938 6419 2106 58. Willi an der Türe von Roberts Wohnung,klingelnd.
3996 2109 6389 2237 59. Robert Wilram in seinem Zimmer. In der Kleidung
3984 2222 6279 2350 etwas vernachlässigt. Gesichtsausdruck eines ver-
3996 2299 6035 2415 grämten Schauspielers. In einem Buch lesend.
3984 2378 6285 2479 Wirtschafterin kommt,bringt ihm eine Karte: Leut-
3996 2463 6044 2549 nant im 24. Infanterieregiment Wilhelm Kadda.
3990 2527 6276 2622 Rohert Wilram: “Ich empfange nicht”. Liest weiter.
3996 2604 6242 2708 Wirtschafterin  geht ab. Die Tür
3984 2689 5494 2784 öffnet sich und Willi tritt ein.
3984 2756 5949 2857 Robert Wilram erhebt sich, ziemlich empört.
3984 2830 6288 2930 Wirtschafterin flüchtig an der Türe zu sehen: Ich
3984 2909 5449 3037 kann nichts dafür.
3971 2940 5992 3110 Robert Wilram weist sie an zu verschwinden.
3984 3062 6273 3178 Willi: „Verzeih mir Unkel, ich konnte nicht anders.
3984 3147 5256 3260 Alles steht auf dem Spiel.
3990 3205 6224 3364 Robert Wilram zuerst noch empört, dann milder ge-
3977 3297 4341 3407 stimmt.
3996 3324 6252 3510 Willi: "Ich muss 12000 Gulden haben, oder ich bin
3990 3468 4417 3571 verloren.
3977 3489 5379 3632 Robert Wilram wehrt heftig ab,
3977 3599 5443 3755 Willi erzählt,was ihm begegnet.
4438 3748 6392 3898 60 a. Die Kartenpartie, aber einigermassen
