6776 4248
5705 534 6010 694 telle
4284 619 6239 773 19 b. Beim Militärschneider Lässt sich
4290 750 5571 871 eine neue uniform anmessen.
5554 770 5833 907 tiller.
4290 842 6458 989 19 c. Spezialitätentrafik. Kauft sich Havanna-
4284 973 4739 1107 zigarren.
4621 1045 4837 1146 and
4290 1064 6386 1235 19 d. Fährt in einem Fiaker mit einem
4271 1192 5479 1323 hübschen Mädel aufs Land.
4556 1284 4752 1376 war
4271 1290 6445 1448 19 6. In einem Restaurant mit dem hübschen Mä-
4287 1425 4477 1529 del.
4117 1490 4346 1611 Lilly
3901 1533 6412 1683 20. Am Farkgitter aus seinen Träumen erwachend.Sieht
3914 1647 6403 1808 auf die Uhr. Denkt nach, was man jetzt machen könnte.
4074 1749 4287 1847 2nd
3920 1775 5708 1949 21. Kauft in einer Konditorei Bonbons.
3914 1906 4958 2024 Satzt seinen Weg fort.
3907 1985 5476 2135 22. Vor der Villa Kessner. Will
3907 2116 6445 2250 Das Stubenmädchen: "Die Herrschaften sind leider ausge-
3920 2201 4850 2296 fahren. Helenenthal'
3914 2247 6367 2407 Willi: „Bitte mich zu empfehlen“. (lässt die zwei Dü-
3914 2351 4687 2486 ten Bonbons da).
3914 2486 6285 2604 23. Willi unschlüssig. Geht in den Park. Spaziert
3907 2591 6232 2686 herum. Verfolgt eine junge Dame über die Terrasse
3914 2669 6259 2797 des Kurhauses, die sich aber dort bei einer Gesell-
3920 2741 4804 2875 schaft niederlässt.
3914 2853 6275 2984 24. Im Lesezimmer des Kurhauses. Ein pensionierter
3901 2961 6314 3052 General hinter einer Zeitung,erwiedert Willis Gruss
3920 3059 4352 3187 unwirsch.
3914 3196 6422 3308 25. Willi spaziert weiter und findet sich endlich bei
3907 3291 5800 3409 dem Eingang ins Restaurant "Stadt Wien".
3901 3354 6412 3478 Der Fiäker des Konsul Schnabel steht vor dem Eingang.
3901 3511 6190 3616 26. Restaurationsgarten. Viel Publikum. An einem
3907 3586 6363 3678 Tisch die frühere Spielergesellschaft; Konsul Schna-
3920 3645 6547 3773 bel, Oberleutnant Wimmer, Dr.Flegmann,Regimentsarzt Tugut,
3897 3753 4330 3914 ursieising.
