6696 4232
4302 510 5154 693 auſsa d'hurbel a tell
3930 654 5631 765 Niemand ist menr am Spiel beteiligt.
3936 738 6039 843 Konsul Schnapel will ihm wieder Karten geben.
3954 807 6282 909 "illi!" Bedauere. Er hat nur mehr ein paar Gulden.
3954 888 6234 999 Er setzt sie und verliert. Hat nichts mehr. Bewe-
3960 969 6201 1083 gung. Aufbruchsstimmung. Willi versucht,sich von
3948 1020 6339 1173 Elrief Geld auszuleihen, dem er früher Geld geliehen
3936 1146 4242 1236 hatte.
3936 1203 5142 1320 Elrief zuckt die Achseln.
3945 1257 6249 1398 Konsul Schnabel stellt ihm seine Kasse zur Verfü-
3954 1344 6108 1497 gung. Wimmer er greift Willi der Schulter:
3954 1422 4809 1545 "Tu's nicht, Kasda.
3948 1494 6333 1602 Willi zögert,nimmt dann das Geld an,spielt. Schna-
3966 1614 5157 1692 bel wieder einen Schlager.
3954 1668 5562 1803 Willi hat verloren, will aufstehen.
3954 1746 4494 1875 Fugut: "Komm
3960 1803 5577 1914 Schnabel offeriert ihm wieder Geld.
3951 1860 6189 2007 Willi setzt sich nieder, lässt sich Karten geben,
3960 1965 6285 2091 verliert. Will wieder aufstehen. Die anderen Offi-
3945 2049 4626 2169 ziere: “Komm”!
3948 2115 5148 2253 Tugut schüttelt den Kopf.
3966 2166 6120 2301 Konsul Schnabel will sich gleichfalls erheben.
3972 2280 6342 2397 Willi ändert seinen Entschluss,wendet sich an Kon-
5106 2355 5367 2475 dellt
3942 2370 4590 2475 sul Schnabel.
3948 2406 6165 2592 Konsul Schnabel zögert, ihm dann neuerdings
3966 2520 4704 2640 Geldern Verfügung
3960 2571 6291 2706 Die anderen Offiziere empört versuchen Willi abzu-
3963 2673 5523 2772 halten, das Spiel fängt wieder an.
3960 2757 4995 2847 Willi verliert wieder.
3960 2817 5292 2910 Unruhe und Bewegung ringsum.
3966 2841 6267 2994 Willi gewinnt noch einmal, verliert gleich wieder.
3948 3000 6033 3087 Konsul Schnabel sieht auf die Uhr; halbarei.
3945 3018 6249 3204 Willi versucht ihn nach zum Weiterspielen zu ani-
3951 3153 4302 3246 mieren.
3948 3168 5808 3318 Konsil bleibt uneroittlich, erhebt sich,
3951 3285 6363 3474 89. Zwischenbild: Der Turm der Alserkirche mit
3966 3438 4866 3567 dem Zifferblatt 13.
3954 3489 6309 3615 Bogner in einem ärmlichen Kaffeehaus mit den Renn-
3960 3585 6315 3738 tiquetts in der Hand, In sichtlicher Verzweiflung.
3954 3735 6345 3882 40. Wieder Café Schopf. Willi bleibt sitzen mit er-
