6584 4520
5863 384 6032 526 25
3852 626 6008 825 weist sie ihn wieder ab. Sie soupieren weiter,
3852 714 6262 907 Stimmung wird heiter, überlustig. Endlich sehr wilde
3852 883 5001 1061 Umarmung. Zwischenbieder:
3864 946 6162 1140 89. Offiziersbursch mit Kameraden in der Kantine.
3870 1055 6168 1246 Er erzählt von seinem feschen Herrn, der ein Mädel
3876 1197 4499 1346 bei sich hat.
3867 1273 6144 1491 90. Café Schopf ; Wimmer, Tugut und Greising mit-
3889 1430 4941 1542 einander konferierend.
3889 1476 5071 1624 "Was wird er nur machen?"
3886 1512 6193 1730 Tugut: Morgen Früh fahr ich jedesfalls nach Wien.
3889 1624 6226 1857 91. Schnabel in einem vornehmen Restaurant, allein
3892 1841 4427 1962 soupierend.
3904 1899 6002 2114 92. Der Schauspieler Elrief und Frl.Rihoschel
3919 1999 6298 2168 während einer Theatervorstellung in einer Zwischen-
3913 2111 5670 2259 aktspause unter der Arena plaudernd.
4372 2201 4632 2289 neben,
3913 2216 6235 2389 93. Bogner unruhig durch die nächtlichen Strassen
3937 2262 6374 2470 gilend, vorbei auch an dem Kaserntor. Der wachhabende
3922 2419 5059 2534 Soldat,dem er auffällt.
3674 2452 5409 2631 94. Der nächtliche leere Kasernhof.
4865 2588 5842 2767 Schluss des 4.Aktes.
