6600 4520
3756 599 5738 776 67. Willi nimmt Abschied von seinem Onkel.
3744 708 5659 855 Robert Wilram verdüstert zurückbleibend.
3762 809 5973 1047 68. Willi über die Stiege, winkt einem Wagen.
3756 953 6031 1148 69. Willi vor einer Türe, auf der zu lesen steht!
3768 1145 4352 1249 Meldungsamt.
3787 1099 6098 1331 Willi im Bureauein Polizeibeamter ist beschäftigt
3781 1234 6193 1402 nachzusehen, gibt ihm einen Zettel, auf dem geschrie-
3802 1286 6181 1478 ben steht: "Leopoldine Wilram, geborene Lebus, verhei-
3799 1396 6141 1570 ratet,26 Jahre,Häuservermittlungen etc.IX. Zimmer-
3799 1539 4440 1649 manngasse 15.
3808 1527 5280 1710 Willi dankt und empfiehlt sich,
3805 1551 6187 1786 Willi vor dem Tor auf der Treppe des Hauses Zimmer-
3808 1683 6129 1872 manngasse. Vor der Türe. Auf der Tür ein Schild:
3542 1689 3753 1860 69a
3802 1811 5604 1948 Leopoldine Wilram, Häuservermittlungen.
3820 1857 6040 2012 Willi läutet. Stubenmädchen öffnet. Er gibt ihr
3808 1979 5469 2147 seine Karte, tritt in das Vorzimmer.
3817 2058 6269 2238 70. Leopoldine, kaum zu erkennen, Zwicker etc., sitzend
3829 2174 6065 2327 an einem langen Schreibtisch mit Akten etc. Sie
3839 2245 6205 2431 spricht mit einem Solizitator oder dergleichen, den
3829 2373 4987 2498 sie schlecht behandelt.
3848 2339 5875 2553 Stubsemädchen tritt ein, gibt ihr die Karte.
3848 2474 6104 2663 Sie sieht die Karte an, weiss zuerst nicht recht,
3894 2593 4996 2703 dann erinnert sie sich.
3851 2574 5720 2806 Karte: "Wilhelm Kasda etc. (wie früher)1
3900 2745 4776 2889 Leopoldine; Warten.
3857 2831 4684 2938 Stubenmädchen ab.
3848 2806 5985 3048 Leopoldine spricht weiter xxxx mit dem Andern.
3869 2953 5955 3173 71. Stubenmädchen bringt Willi den Bescheid.
3872 3093 6147 3246 Willi ungeduldig hin und her,betrachtet sich die
3894 3185 5723 3335 bureauhafte Ausstattung des Vorzimmers.
3900 3295 4742 3411 Türge öffnet sich.
3894 3264 6199 3481 Leopoldine tritt heraus, Willis Karte in der Hand,
3894 3435 5533 3561 der Besucher,den sie verabschiedet.
3890 3448 6199 3655 Sie wendet sich, fast ohne die Miene zu verziehen,
3894 3552 6056 3738 an Willi: "Bitte,Herr Leutnant”. Sie geht ins
3909 3668 5014 3848 Bureau, Willi folgt ihr.
