6504 4312
3663 622 3889 753 nis.
3675 640 5681 850 Bogner sichtlich erfreut, rasch zur Stiege.
3684 792 6052 972 4. Stiege zum Offizierstrakt.Bogner rasch hinauf.
3684 963 4398 1064 Vorzimmer etc.
3703 1039 6104 1259 5. Willi allein im Zimmer,Bogner erwartend: Herein!
3700 1185 4522 1292 Bogner tritt ein.
3697 1219 5418 1387 Willi streckt ihm die Hand entgegen.
3684 1335 5031 1451 Bogner ergreift sie zögernd.
3703 1429 4535 1515 Willi: Setz dich.
3703 1457 5504 1579 Off.-Diener bringt Kaffee, geht wieder.
3700 1569 4757 1667 Willi schenkt ein etc.
3715 1600 6165 1774 Bogner nach Aufforderung teilt den Anlass seines Be-
3721 1740 4251 1844 suches mit.
3764 1761 6043 1950 6 a Aermliches Heim Von Bogner. Seine Frau, das
3983 1877 4574 2005 kranke Kind.
3755 1947 6177 2155 6 b Bureau Bogners, bei der Kasse beschäftigt,inne-
3995 2057 6211 2209 rer Kampf, er nimmt einige Banknoten, und steckt
4020 2191 5415 2280 sie rasch in die Brieftasche.
3776 2188 6055 2432 6 c Heim Bogners. Essen für das Kind, Medizinen,
4014 2344 4263 2459 Arzt.
4062 2432 6168 2600 Bureau Bogners, Nachricht eventuell durch den
3767 2490 3953 2633 6 d
4035 2575 5254 2728 Chef, dass morgen Revision.
3745 2670 5879 2849 Bogner bittet Willi ihm 960 Gulden zu leihen.
3751 2795 5415 2904 Willi: Leider vollkommen unmöglich.
3736 2880 4970 2987 Bogner: Dein Onkel Hobert,
3745 2941 5278 3069 Willi: Kein Verkehr seit Jahren.
3733 3051 4282 3145 Nachdenken
3751 3075 6189 3212 Willi kommt auf eine Idee: Wir haben heute in Baden
3745 3154 5790 3331 eine Kartenpartie, vielleicht hab ich Glück.
5839 3191 6016 3328 l?
3764 3252 5297 3383 Bogner: Und ich gehe zum Hennen.
3758 3310 6180 3462 Willi: Warte morgen Früh um 1/8 bei der Alserkirche.
3758 3428 5388 3526 Bogner verabschiedet sich dankend.
3776 3428 6217 3636 Willi etwas übel gestimmt, beendet Toilette, wird bes-
3770 3584 5994 3703 ser gelaunt, geht nach Aufträgen für den Diener.
3901 3642 6196 3831 Willi über die Stiege, durch den Kasernhof, begeg-
3758 3733 6189 3947 nende salutierende Soldaten, Offiziere, vorbei an der
