6712 4264
4030 543 6335 772 bung, Ver deutlichung und oft durch den Kontrast
4050 764 6000 927 zur filmischen -Wirkung beitragen können.
4044 892 5311 1067 Wie z.B. 32, 34, 39,119 etc.
4044 1012 6220 1210 2. Zwischenbilder durch die Erzählungen,Mittei-
4055 1227 6200 1361 lungen der Hauptfiguren im Bilde festgehalten
4067 1421 6112 1516 werden, die also in eine nähere oder fernere
4053 1522 5391 1699 Vergangenheit zurückgreifen.
4067 1650 6303 1819 Es wäre natürlich in vielen Fällen sehr einfach
4055 1796 6106 1993 solche Bilder chronologisch an eine frühere
4087 1982 6120 2162 Stelle zu setzen, doch gerade dadurch würden
5340 2088 5900 2194 beabsichtigte
4067 2162 6158 2314 solche Bilder manchmal ihre eigentliche-Wir-
4067 2305 6212 2440 kung verlieren. Eine sogenannte Vorgeschichte
4087 2457 6301 2603 wird manchmal erst d'adurch interessant, dass
4076 2560 6209 2783 sie an einer späteren Stelle eingeführt wird,
4087 2751 6303 2926 wenn der Leser, resp.Zuschauer zu den betreffen-
4093 2914 6312 3054 den Personen schon eine Beziehung gefunden hat.
4098 3074 6229 3229 3. Als Zwischenbilder bezeichne ich auch die-
4093 3238 6303 3395 jenigen, durch die Erinnerungen oder Zukunitsge-
4090 3372 6220 3549 danken, also durchaus innere Vorgänge der han-
4098 3546 6323 3704 delnden Figuren deutlich gemacht x und lebendig
