6584 4344
3788 629 6087 837 Spiel. Auch Andere, die aber bald wieder agsschei-
3785 735 6075 878 den. Willi gewinnt ununterbrochen. Die Banknoten
3788 881 4768 987 häufen sich vor ihm.
4075 933 6046 1137 36 a. Willi sieht sich in einem Luxuszug
4075 1079 5235 1252 nach Monte Carlo reisen.
4078 1169 6231 1348 36 b. Am Spieltisch von Monte Carlo. Das Geld
4078 1297 5366 1437 häuft sich vor ihm Willi.
4082 1351 6295 1594 36 c. Willi sitzt mit einer grossartigen Koket
4098 1523 5707 1677 te in einem luxuriösen Restaurant.
4117 1661 6110 1814 36 d. Willi mit Fräulein Kessner einer
4104 1763 5385 1923 weissen Yacht auf dem Meer.
4110 1852 6244 2034 37 e. Willi im Park von Monte Carlo.Auf einer
4104 1955 6260 2130 Bank nächtlich liegt ein Erschossener. Es ist
4104 2114 4455 2236 Bogner.
3785 2130 6279 2360 Das Spiel geht weiter. Konsul Schnabel sieht auf die
3813 2274 6094 2437 Uhr. Schluss. Die Andern animieren ihn zu einer
3791 2427 4337 2539 neuen Bank.
3801 2411 6142 2632 Konsul Schnabel zögernd: (Punkt halb drei Schluss
3804 2568 6375 2747 Der Kellner bringt xxxx ein neues Spiel Karten.
3807 2574 4404 2692 ohne Pardon
3797 2664 6295 2830 Das Café ist ganz leer, nur die Spieler sind noch da.
3807 2740 6209 2916 Der Konsul legt eine Bank von 3000 Gulden auf. Das
3820 2874 4698 2993 Spiel geht weiter.
3832 2961 4465 3079 Willi: “Hopp”.
3829 3034 4794 3162 Allgemeine Bewegung,
3842 3069 5813 3210 Tugut: "Ist der Mensch verrückt geworden?
3829 3171 5187 3299 Konsul deckt seine Neun auf.
3861 3219 5311 3369 Widli zahlt seine 1500 hinüber.
4181 3341 5046 3449 Immer unbeweglich.
4181 3296 6279 3478 Kch werde vorsichtiger sein“. Er setzt 5 Gul
3845 3360 4130 3446 Monsu.
3858 3427 4133 3539 Willitz
3839 3421 6177 3567 den. Gewinnt. Er stzt setzt 10 Gulden, gewinnet. Er
3842 3535 4960 3666 setzt 50 Gulden, gewinnt
3861 3497 6250 3721 Willi: „Ich Narr“, Setzt wieder 2000 Gulden und ver-
3845 3676 6225 3826 Iiert. Setzt noch einmal 2000 Gulden und verliert.
