6632 4248
3874 572 4471 710 Zweiter Akt.
3884 716 6187 870 29. Rückfahrt mit dem Fiaker durch das Städtchen.
3884 806 5058 972 Ankunft im Café Schoph
3884 938 5566 1098 30. Aussteigen von Willißen der Et
4468 1073 4834 1199 des affes
3878 1113 5766 1270 31. Im Innern der Spieltisch wie früher.
3884 1208 6356 1322 Neben Konsul Schnabel sitzt Mizi Rihosehek kibitzend.
3884 1292 6141 1387 Manchmal mit Elrief sehr heftig kokettierend, was
3884 1368 6279 1473 Schnabel bemerkt, ohne sich weiter darum zu kümmern.
3881 1445 5535 1547 Schnabels Blick, wenn'Wilii eintritt.
3884 1531 5538 1621 Man macht Willi bereitwillig Platz.
3896 1553 6350 1710 Willitut, als wenn er gar nicht mehr mitspielen woll
5455 1679 6316 1851 (hill light een gattd
3884 1740 5181 1857 Das Spiel nimmt seinen Gang
3890 1802 6341 1925 Elrief: “Ich bin Blank.” Er steht auf, trinkt an einem
3890 1906 5384 1996 Nebentisch Cognac entfernt sich.
3896 1962 5584 2116 Auch Mizi Rihoschek erhebt sich.xxxk
3878 2106 6341 2232 32. Zwischenbild: Elrief und Mizi Rihoschek zärtlich
3896 2217 6338 2340 im Garten des Hestaurants. Sie steckt ihm vielleicht
3896 2294 4280 2429 Geld zu.
3884 2398 6273 2555 33. Spielpartie, Willi beteiligt sich am Spiel. Er
3878 2525 5434 2617 gewinn̄t anfangs,dann verliert er.
3878 2592 6291 2718 Die Ändern sind allmählig ausgeschieden,stehen zum
3887 2681 4139 2780 Teil.
3890 2749 6208 2854 Mizi Rihoschek erscheint wieder,richtet vor einem
3878 2829 5873 2934 Spiegel ihre Frisur, Zigarette, Billardoueut
3878 2884 6279 3007 Konsul Schnabel ruft sie mit einem Blick herbei, sie
3878 2986 5077 3093 setztesich wieder zu ihm,
3896 3060 6156 3155 Willi erregt, zählt sein Geld nachbetrachtet den
3878 3136 6279 3253 Tausender, dann: “Was geht mich der Bogner an“, lässt
3878 3238 5723 3358 sich vom Konsul den Tausender wechseln.
3884 3309 6310 3478 34. Zwischenbild: Die nächtliche Strasse vor dem Re-
3884 3429 6095 3530 staurant. Verspatete Ausflugler ziehen vorüber,
3878 3518 5498 3653 Eventuell ein Trupp von Studenten.
3881 3628 4871 3785 35. Die Spielpartie.
3878 3727 6291 3874 Elrief ist wieder gekommen, beteiligt sich wieden am
