6728 4296
4040 627 6319 882 bung. Ver deutlichung und oft durch den Kontrast
4046 831 6027 1057 zur filmischen Wirkung beitragen können.
4057 1006 5321 1222 Wie z.B. 32,34,39,119 etc.
4046 1168 6226 1386 2. Zwischenbilder durch die Erzählungen,Mittei-
4065 1318 6211 1508 lungen der Hauptfiguren im Bilde festgehalten
4065 1488 6138 1695 werden, die also in eine nähere oder fernere
4074 1627 5409 1837 Vergangenheit zurückgreifen.
4068 1758 6308 2013 Es wäre natürlich in vielen Fällen sehr einfach
4068 1899 6115 2140 solche Bilder chronologisch an eine frühere
4088 2087 6121 2302 Stelle zu setzen, doch gerade dadurch würden
5384 2189 5900 2291 beabsichtigte.
4077 2231 6152 2447 solche Bilder manchmal ihre eigentliche Wir-
4077 2387 6211 2617 kung verlieren. Eine sogenannte Vorgeschichte
4085 2560 6305 2744 wird manchmal erst d adurch interessant, dass
4068 2702 6226 2906 sie an einer späteren Stelle eingeführt wird,
4088 2838 6308 3090 wenn der Leser resp.Zuschauer zu den betreffen-
4088 3022 6319 3223 den Personen schon eine Beziehung gefunden hat.
4080 3198 6243 3351 3. Als Zwischenbilder bezeichne ich auch die-
4080 3323 6299 3524 jenigen, durch die Erinnerungen oder Zukunftsge-
4080 3484 6237 3725 danken, also durchaus innere Vorgänge der han-
4094 3634 6322 3873 delnden Figuren deutlich gemacht x und lebendig
