6696 4264
3977 723 4268 891 5. Akt.
3977 834 6333 987 95. Das Zimmer Willis. Morgendämmerung. Reste des
3980 966 5198 1077 Abendessens auf dem Tisch.
3986 1074 5108 1149 Willi schlafend im Bett.
3974 1140 6222 1234 Leopoldine vollkommen zum Fortgehen angekleidet,
3977 1204 5486 1300 steht daneben. Sie sieht ihn an.
3992 1300 6270 1375 Willi erwacht, kommt zur Erkenntnis der Situation.
3992 1357 6186 1474 Leopoldine streckt ihm abschiednenmend die Hand
3992 1465 4418 1555 entgegen.
4010 1453 5165 1639 Willi hält die Hand fest.
3980 1564 6195 1696 Leopoldine: “Ich muss gehen“. Sie setzt sich auf
3992 1681 4424 1786 das Bett.
4004 1735 6237 1855 Willi in immer klarerem Erfassen der Lage. Seine
3986 1819 6210 1927 unsicheren Blicke suchen unwillkürlich nach dem
3980 1912 4244 2008 Geld.
3992 1939 6345 2077 Leopoldine merktseine Unruhe.xxxxxnxxnxxxfr freut
3989 2059 4574 2158 sich darüber
4004 2107 6180 2218 Willi versucht sie wieder an sich zu ziehen, sie
3986 2197 6288 2302 küsst ihn noch eihmal, dann erhebt sie sich brüsk,
3986 2278 5498 2374 nimt Abschied, geht der Türe zu,
4010 2338 6417 2452 In-Willis Antlitz immer deutlicher: Wo ist das Geld?
3986 2434 5579 2536 Hat sie vergessen? Will sie nicht?
4355 2497 6384 2626 füre wendet sich Leopoldine plötzlich wieder
3998 2506 4367 2626 An der I
3998 2590 6342 2701 zurück: „ja richtig,bald hätte ich vergessen.“ Sie
3992 2653 6198 2746 nimmt aus ihrem Handtäschchen eine Banknote und
3992 2719 6378 2866 lässt sie auf den Tisch gleiten. Dann will sie wie-
4004 2812 4484 2938 der gehen.
4004 2839 6249 2989 Willi den Blick auf den Tausender geheftet. (Der
4001 2956 6210 3070 Tisch mit den Resten des Mahls und insbesondere
4004 3055 5432 3142 die Banknote in Grossaufnahme).
3998 3037 6240 3217 Willi tief enttäuscht,unschlüssig: "Leopoldine!"
3998 3196 6162 3292 Leopoldine an der Türe, schon die Klinke in der
4001 3259 6018 3376 Hand, bleibt stehen. Blick zu Willi fragend.
3998 3313 6249 3490 Willi: "Du hast mich missverstanden. Ich brauche
4016 3424 4964 3553 ja elftausenden
3998 3436 6279 3598 Leopoldine tut, als wenn sie nicht verstünde. End-
4004 3562 6384 3677 lich nickt sie:Ach so. Darauf hat das keinen Bezug.
3992 3659 5192 3758 Das ist für diese Nacht."
4004 3680 6384 3833 Willi aus dem Bett, beinahe starr. Sein Gesicht ver-
4016 3821 6312 3968 zerrt sich. Auf Leopoldine zu,nimmt sie beim Arm.
