6712 4232
4554 572 6177 744 verändert. Er wird genötigt u.s.w.
3963 738 6474 885 61. Robert Wilram wehrt heftig ab. Willi drängt.
3956 838 6164 945 Endlich sinkt er vor Robert Wilram in die Knie.
3956 913 6371 1035 Robert Wilram nötigt ihn sofort, aufzustehen und er¬
4006 1023 5805 1095 klärt neuerdings sehr energisch: Nein.
3988 1026 6443 1192 Willi scheint sich zu fügen. Sein Entschluss ein Ende
3969 1145 6471 1264 zu machen ist merkbar. Er schämt sich seiner früheren
4000 1229 6330 1345 Schwäche, stellt sich in Positur, nimmt Abschied vom
3981 1329 4253 1429 Onkel.
3963 1314 6324 1482 Robert imme bewegter. Wie Willi gehen will,ruft er
3994 1482 4507 1586 ihn zurück.
3981 1470 6314 1648 Willi bleibt an der Türe stehen, offenbar mit neuer
3975 1636 4394 1751 Hoffnung.
3975 1683 6380 1805 Rober Wilram:“ Halt mich nicht für hartherzig, aber
3994 1792 5070 1889 ich hab selber nichts.
4203 1780 6339 1930 Erstaunen,Unglauben, betrachtet das Mobiliar
3984 1864 4269 1977 Willin
3969 1914 6427 2039 die Bilder. Wilram folgt seinem Blick, dann reisst er
3981 1989 6252 2111 seine Laden auf, zeigt sein Portemonnaie; Das ist
3981 2102 4275 2208 alles.
3988 2080 6427 2252 Willi kann es nicht verstehen und will wieder gehen.
3994 2224 6277 2342 Robert Wilram hält ihn auf: „Du glaubst mir nicht.
3981 2311 4557 2443 Also hör zu.
