6728 4280
3499 663 3665 825 1.
3935 642 6321 867 Vorbemerkungen zu der Skizze eines Regiebuchs nach
3929 867 5705 1014 der Hovelle "Spiel im Morgengrauen”.
3929 987 6183 1167 Zum Verständnis dieser Skizze ist die vorherige
3935 1170 6321 1366 Lektüre meiner Novelle “Spiel im Morgengrauen“ un-
3941 1336 4502 1522 erlässlich.
3935 1423 6261 1633 Diese Skizze masst sich keineswegs an ein wirkli-
3938 1639 6297 1789 ches Regiebuch zu sein, sie ist die Anregung zu ei-
3953 1750 6270 1984 nem solchen. Der Gang der Handlung ist in Bildern
3947 1924 6312 2128 festgehalten und hält sich ziemlich genau nach dem
4382 2083 4535 2158 nach
3941 2110 5321 2278 Original der Hovelle selbst.
3938 2215 6189 2377 Die fortlaufenden Hauptbilder sind immer wieder
3947 2401 6228 2569 durch Zwischenbilder unterbrochen (die nicht im-
3944 2548 6351 2719 mer als solche bezeichnet werden, aber durch Hinein-
3953 2710 6231 2854 rücken der Zeilen im Manuscript kenntlich sind).
3953 2788 6315 3019 Dreierlei Arten solcher Zwischenbilder sind zu un-
3941 3019 4559 3202 terscheiden.
3947 3163 6342 3361 1. Solche, die zeitlich dem Gang der Haupthandlung
4364 3313 4562 3409 chen
3953 3355 6363 3496 konform sind, gewissermassen zur Handlung selbst ge-
3947 3514 6243 3695 hören, manchmal aber nur gewisse episodische Vor-
3947 3644 6267 3812 gänge bildlich zum Ausdruck bringen, die zur Bele-
