6584 4312
5450 429 5909 654 Willi 5
4067 588 6028 792 19 b. Beim Militärschneider. Pässt sich
4054 716 5338 852 eine neue worden anmessen.
5302 756 5573 881 Willi
4061 812 6256 1033 19 c. Spezialitätentrafik. Rauft sich Havanna-
4061 951 4523 1080 zigarren».
4315 1030 4529 1139 Will
4074 1070 6167 1215 19 d. Fährt in einem Fiaker mit einem
4067 1195 5269 1314 hübschen Mädel aufs Land.
4308 1264 4523 1396 Willi
4061 1274 6239 1456 19 ö. In einem Restaurant mit dem hübschen Mä-
4074 1423 4288 1545 del.
3800 1436 4037 1618 Willi
3701 1512 6206 1690 20. Am Parkgitter aus seinen Träumen erwachend.Sieht
3707 1628 6213 1809 auf die Uhr. Denkt nach, was man jetzt machen könnte.
3836 1730 4054 1859 Wille
3697 1750 5516 1935 21. Kauft in einer Konditorei Bonbons.
3697 1882 4774 2004 Satzt seinen Weg fort.
3691 1974 4935 2133 22. Vor der Villa Kessner.
3691 2109 6249 2251 Das Stubenmädchen: "Die Herrschaften sind leider ausge-
3714 2189 4648 2281 fahren. Helenenthal"
3721 2232 6160 2413 Willi: "Bitte mich zu empfehlen". (lässt die zwei Dü-
3727 2350 4490 2486 ten Bonbons da).
3701 2440 6094 2595 23. Willi unschlüssig. Geht in den Park. Spaziert
3714 2578 6041 2677 herum. Verfolgt eine junge Dame über die Terrasse
3721 2654 6071 2796 des Kurhauses, die sich aber dort bei einer Gesell-
3721 2733 4628 2885 schaft niederlässt.
3727 2816 6078 2984 24. Im Lesezimmer des Kurhauses. Ein pensionierter
3714 2961 6134 3064 General hinter einer Zeitung,erwiedert Willis Gruss
3727 3060 4173 3192 unwirsch.
3721 3166 6233 3318 25. Willi spaziert weiter und findet sich endlich bei
3714 3265 5599 3371 dem Eingang ins Restaurant "Stadt Wien".
3721 3285 6229 3463 Der Flaker des Konsul Schnabel steht vor dem Eingang.
3714 3489 6015 3618 26. Restaurationsgarten, Viel Publikum. An einem
3721 3552 6200 3668 Tisch die frühere Spielergesellschaft: Konsul Schna¬
3721 3615 6368 3773 bel, Oberleutnant Wimmer, Dr. Flegmann, Regimentsarzt Tugut.
5536 3724 6031 3895 Gicising.
