6680 4232
3940 544 6239 706 Spiel. Auch Ändere, die aber bald wieder agsschei-
3940 661 6211 770 den. Willi gewinnt ununterbrochen. Die Banknoten
3927 747 4897 878 häufen sich vor ihm.
4214 881 4497 1005 36 a.
4525 846 6150 1024 Willi sieht sich in einem Luxuszug
4194 983 5355 1103 nach Monte Carlo reisen.
4207 1107 6325 1224 36 b. Am Spieltisch von Monte Carlo. Das Geld
4210 1199 5307 1339 häuft sich vor ihm. xxx
4214 1329 6420 1469 36 c. Willi sitzt mit einer grossartigen Koket-
4207 1444 5788 1552 te in einem luxuriösen Restaurant.
4214 1606 6188 1704 36 d. Willi mit Fräulein Kessner einer
4204 1676 5482 1762 weissen Yacht auf dem Meer.
4207 1819 6319 1918 37 e. Willi im Park von Monte Carlo.Auf einer
4207 1883 6335 2003 Bank nächtlich liegt ein Erschossener. Es ist
4201 1975 4551 2099 Bogner.
3873 2045 4029 2156 38.
3873 2092 6325 2245 Das Spiel geht weiter. Konsul Schnabel sieht auf sie
3892 2210 6150 2309 Uhr. Schluss. Die Andern animieren ihn zu einer
3867 2286 4414 2391 neuen Bank.
3873 2344 6191 2461 Konsul Schnabel zögernd: Punkt halb drei Schluss
3880 2430 4474 2547 ohne Pardon.
3864 2493 6424 2620 Der Kellner bringt xxxxxxxx ein neues Spiel Karten.
3867 2595 6344 2693 Das Café ist ganz leer, nur die Spieler sind noch da.
3867 2681 6236 2795 Der Konsul legt eine Bank von 3000 Gulden auf. Das
3880 2754 4738 2846 Spiel geht weiter.
3880 2821 4439 2932 Willi:"Hopp"
3873 2884 4802 3008 Allgemeine Bewegung
3886 2932 5816 3094 Tugut: "Ist der Mensch verrückt geworden?
3880 3056 5196 3145 Konsul deckt seine_Neun auf.
3886 3139 5330 3260 Widli zahlt seine 1500 hinüber.
3876 3205 4220 3333 konsul"
4207 3205 5047 3314 immer unbeweglich.
4207 3231 6306 3390 ich werde vorsichtiger sein“. Er setzt 5 Gul-
3864 3269 4140 3387 Willi
3854 3333 6176 3434 den. Gewinnt. Er ntzt setzt 10 Gulden, gewinnet. Er
3867 3418 4961 3508 setzt 50 Gulden, gewinnt
3861 3476 6265 3590 Willi:“Ich Narr“, Setzt wieder 2000 Gulden und ver-
3845 3571 6211 3695 liert. Setzt noch einmal 2000 Gulden und verliert,
