6600 4456
4347 583 5968 803 verändert. Er wird genötigt u.s.w.
3745 772 6257 916 61. Robert Wilram wehrt heftig ab. Willi drängt.
3764 866 5978 1004 Endlich sinkt er vor Robert Wilram in die Knie.
3742 884 6166 1120 Robert Wilram nötigt ihn sofort aufzustehen und er-
3804 1060 5639 1160 klärt neuerdings sehr energisch: Nein.
3757 1076 6247 1239 Willi scheint sich zu fügen. Sein Entschluss ein Ende
3757 1142 6279 1311 zu machen ist merkbar. Er schämt sich seiner früheren
3776 1245 6153 1446 Schwäche, stellt sich in Positur, nimmt Abschied vom
3785 1386 4055 1490 Onkel.
3776 1355 6144 1543 Robert imme bewegter. Wie Willi gehen will,ruft er
3782 1521 4300 1631 ihn zurück,
3782 1490 6147 1687 Willi bleibt an der Türe stehen, ofienbar mit neuer
3776 1684 4231 1791 Hoffnung.
3770 1687 6204 1857 Robert Wilram;“ Halt mich nicht für hartherzig, aber
3789 1819 4886 1938 ich hab' selber nichts.
3804 1819 6182 2004 Willis Erstaunen,Unglauben,betrachtet das Mobiliar,
3798 1935 6251 2098 die Bilder. Wilram folgt seinem Blick, dann reisst er
3798 2017 6091 2161 seine Laden auf, zeigt sein Portemonnaie; Das ist
3804 2142 6269 2308 Willi kann es nicht verstehen und will wieder gehen.
3811 2161 4105 2252 alles.
3811 2264 6135 2402 Eobert Wilram hält ihn auf: "Du glaubst mir nicht.
3804 2384 4391 2515 Also hör zu.
