6568 4456
3734 580 6091 779 Schnabel reicht Willi die Hand: "Also morgen Mittag
3725 763 4213 881 zwölf Uhr.
3722 782 5765 938 Der Fiaker mit Konsul Schnabel fährt davon.
3741 909 6078 1083 50. Willi vorbei an der Wache, durchs Kasernhoftor.
3734 1007 6021 1156 Eine Kompagnie mit einem Kadetten an der Spitze
3750 1071 6189 1245 an Willi vorbei. Kadett kommandiert: "Rechts schaut!"
3747 1162 6047 1311 Willi dankt salutierend. Kompagnie ab. Willi vor-
3757 1229 6063 1400 bei an der Kantine. Salutierende Soldaten. Weiter
3750 1315 6211 1492 längs der Mauer zur Tür des Offizierstraktes. Stiege
3788 1387 6202 1562 hinauf. Vorzimmer. Offiziersdiener. Steht Habt Acht.
3785 1482 6085 1676 Herr Leutnant, melde gehorsamst, Kaffee ist gleich
5774 1562 6053 1707 seinen
3772 1619 4108 1736 fertig.
3776 1701 6082 1881 51. Willi ins Zimmer,versperrt die Türe,legt Rock
3769 1774 5958 1986 ab, wirftsich sonst angekleidet aufs Bett. Die
3757 1929 4726 2065 Augen fallen ihm zu
4206 1989 6287 2170 52 a. Vor den Augen Willis tanzen die Karten
4203 2132 4545 2290 vorbei.
3785 2236 6148 2401 Bursch bringt den Kaffee, rückt den Tisch ans Bett,
3798 2325 5866 2490 schenkt ein. "Melde gehorsamst,7 Uhr Schul!"
3801 2379 6009 2556 Willi: "Melden Sie mich marod. Um 9 aufwecken.”
3811 2515 4701 2632 Offiziersdiener ab.
3811 2585 5363 2721 Willi schliesst wieder die Augen.
3807 2620 6161 2787 Wieder die Karten in rasendem Flug an ihm vorüber.
3811 2677 6278 2867 Fräulein Kessner als Herz-Königin, Fräul ein Rihoschek
3811 2791 5939 2965 als Pique-Dame, Schnabel als Pique -Bub u.s.w.
3811 2936 6357 3142 53. Vor der Alserkirche Bogner hin und her in grosser
3817 3091 4305 3183 Aufregung.
3899 3088 6332 3263 Eventuell hat Willi dem Offiziersdiener aufgetragen
3836 3196 6186 3339 Bogner mitzuteilen, dass er,Willi, nichts ausgerich-
4881 3228 6224 3392 kommt der Offiziersdiener,
4878 3320 6116 3440 und Bogner geht ziemlich
3833 3294 4894 3491 testesseht seinen Zertag.
3845 3415 4707 3557 verzweifelt davon.
3852 3538 6367 3753 54. Willi schreckt aus dem Schlafe auf, da es geklopft
3852 3643 6291 3845 hat. Offiziersdiener tritt ein und ist dem Leutnant
