6680 4232
4037 623 6157 805 weist sie ihn wieder ab. Sie soupieren weiter
4037 714 6436 920 Stimmung wird heiter, überlustig. Endlich sehr wilde
4031 778 4441 926 Umarmung.
4489 838 4933 999 Der altenlei
4010 908 6321 1112 89. Ofriziersbursch mit Kameraden in der Kantine.
4022 1033 6324 1209 Er erzählt von seinem Feschen Herrn, der ein Mädel
4010 1087 4644 1239 bei sich hat.
4006 1203 6272 1458 90. Café Sch pf : Wimmer, Tugut und Greising mit-
4013 1330 5045 1458 einander konferierend.
4013 1397 5188 1531 "Was wird er nur machen?"
4006 1488 6312 1662 Tugut: Morgen Früh fahr ich jedesfalls nach Wien.
3973 1634 6306 1810 91. Schnabel in einem vornehmen Restaurant, allein
3973 1707 4526 1844 soupierend.
3985 1844 6081 2032 92. Der Schauspieler Elrief und Frl.Rihoschel
3976 1953 6379 2126 während einer Theatervorstellung in einer zwischen-
3967 2020 5726 2202 aktspause unter der Arena plaudernd.
3967 2141 6285 2345 93. Bogner unruhig durch die nächtlichen Strassen
3967 2266 6409 2457 eilend, vorbei auch an dem Kaserntor. Der wachhabende
3967 2324 5088 2457 Soldat.dem er auffällt.
3712 2360 3891 2503 94.
3949 2381 5443 2530 Der nächtliche leere Kasernhof.
4887 2588 5850 2761 Schluss des 4.Aktes.
