6584 4456
3760 593 6028 821 Er macht sich fertig. Hoffnungsvollere Stimmung.
3776 751 6037 970 Zum Offiziersdiener: "Bin Nachmittag wieder da.“
3770 809 4748 897 Verlässt das Zimmer,
3782 885 6083 1043 Offiziersdiener merkt, dass etwas nicht in Ordnung
3782 1046 3998 1170 ist.
3788 1091 6183 1283 56. Auf der engen Stiege kommt ihm Bogner entgegen.
3794 1180 6123 1386 Bogner: "Die Revision ist aufgeschoben. Also noch
3803 1328 4572 1438 bis morgen Zeit.
3800 1341 6080 1575 Willi : “Ich hab gestern alles verloren. Und noch
3797 1462 6202 1669 Bogner: "Du gehst also jetzt doch zu deinem Onkel?"
3806 1499 4165 1608 mehr.“
3812 1590 5232 1739 Willi: “Adieu”. In ihm vorbei.
3818 1681 5521 1848 Bogner ihm verzweifelt nachschauend.
3824 1806 6220 2006 57. Willi durch den Kasernhof, Tor,Strassen etc.
3827 1949 6272 2174 58. Willi an der Türe von Roberts Wohnung,klingelnd.
3836 2088 6262 2295 59. Robert Wilram in seinem Zimmer. In der Kleidung
3840 2177 6147 2399 etwas vernachlässigt. Gesichtsausdruck eines ver-
3858 2292 5925 2472 grämten Schauspielers. In einem Buch lesend.
3861 2313 6159 2532 Wirtschafterin kommt, bringt ihm eine Karte: Leut-
3846 2438 5925 2599 nant im 24.Infanterieregiment Wilhelm Kadda.
3864 2508 6171 2672 Robert Wilram: “Ich empfange nicht“. Liest weiter.
3861 2572 6135 2739 Wirtschafterin  geht ab. Die Tür
3876 2700 5375 2821 öfinet sich und Willi tritt ein.
3861 2730 5849 2900 Robert Wilram erhebt sich, ziemlich empört.
3861 2794 6196 2964 Wirtschafterin flüchtig an der Türe zu sehen: Ich
3861 2915 5670 3058 kann nichts dafür. macht ihr ein teichen
3870 2991 5913 3122 Robert Wilram weist sie an zu verschwinden.
3888 3046 6177 3213 Willi: "Verzeih mir Onkel, ich konnte nicht anders.
3876 3171 5162 3304 Alles steht auf dem Spiel.
3879 3198 6147 3353 Robert Wilram zuerst noch empört, dann milder ge-
3891 3314 6180 3548 Willi: "Ich muss 12000 Gulden haben, oder ich bin
3882 3356 4277 3453 stimmt.
3891 3526 4317 3618 verloren.
3882 3496 5314 3672 Robert Wilram wehrt heftig ab.
3891 3605 5366 3815 Willi erzählt, was ihm begegnet.
4381 3663 6323 3909 60 a. Die Kartenpartie, aber einigermassen
