6568 4520
4068 619 5656 797 mit rasch sich bewegendem Zeiger.
4081 729 5983 901 102 b. Couvert mit Adresse: Herrn k.u.k.
4084 804 5996 950 Leutnant des 99.Infanterieregiments Wil¬
4107 946 4716 1044 helm Kasda.
4113 966 5951 1112 Dokument: grosser weisser Bogen nur die
4107 1031 5925 1193 Worte zu sehen mit schlichtem Abschied
4090 1170 4645 1290 entlassen".
4113 1147 6090 1348 102 c. Willi in Zivilanzug aus dem Kasern-
4120 1326 6136 1501 102 d. Willi vor einem Stellenvermittlungs-
4120 1332 4690 1429 hof tretend.
4133 1439 5637 1578 bureau sich mit Andern drängend.
4133 1491 5987 1660 102 e. Willi ganz in der Art wie Bogner
4126 1578 5841 1728 einer der ersten Bilder im Kasernhof
4116 1640 6223 1812 auf einen Bescheid wartend. Offiziere an ihm
4133 1760 5513 1880 vorbei, die ihn nicht grüssen.
4136 1786 6158 1967 102 f. Willi in einer Gartenanlage,sehr ab-
4155 1890 5847 2045 gerissen, einen Revolver in der Hand.
4159 1945 6181 2123 Dieser Revolver in der Lade seines Schreib-
4149 2104 4535 2223 tisches.
3679 2142 6285 2389 103. Willi steht vor seinem Schreibtisch,öffnet die La-
3692 2230 6301 2457 de, nimnt den Revolver in die Hand: Es bleibt mir nichts
3695 2373 5533 2518 anderes übrig. Besser jetzt als später.
3708 2395 6213 2596 Ueber sein Pygama zieht er jetzt seinen Militärmantel
3705 2596 3873 2697 an.
3724 2580 6139 2843 104. Robert Wilram in seinem Zimmer,hin
3718 2758 5474 2911 und her oder am Schreibtisch sitzend.
3718 2823 6084 2975 Leopoldine tritt zu ihm herein. Wilrans Erstaunen.
3718 2872 6142 3056 Leopoldine: "Du hast japeinen saubern Neffen. Er war
3737 2969 6087 3141 bei mir. Ich habe mir das Geld für ihn verschafft,
3727 3044 6191 3293 Robert Wilram erstaunt, dann gerührt, fast beglückt.xx
3750 3108 4353 3219 bring es ihm.
3747 3261 4836 3387 Leopoldine geht wieder.
3747 3287 5604 3491 Wilram macht sich zum Fortgehen fertig.
3757 3387 6081 3624 105. Tugut am Badener Bahnhof ins Coupé steigend.
3760 3556 6317 3750 106. Konsul Schnabel in seinem Bureau. Fertig gepackte
3747 3640 6126 3870 Reisetasche etc. Er schreibt eben auf ein Couvert:
