6600 4520
4210 622 6109 797 64 c. Trauung Wilram und Leopoldine: sie
4210 757 6164 886 steigen als junges Ehepaar vor der Kirche
4216 862 4847 1016 in den Wagen.
4228 917 6124 1111 64 d. Beim Notar. Robert Wilram und Leo-
4247 1080 6155 1200 poldine. Robert unterschreibt eben etwas.
4219 1142 6084 1286 Dokument: (in Grossschrift sichtbar) "Ich
4241 1231 6087 1345 verschreibe meiner Gattin mein gesamtes
4241 1283 6180 1428 Vermögen im Betrage von.... Sie übernimmt
4235 1382 6044 1523 dagegen die Verpflichtung mir am 1.und
4235 1496 5906 1628 15. jeden Monats..... zu überweisen.
3684 1588 6155 1751 65. Willi: "Willst du mich deiner Frau Gemahlin nicht
3702 1708 4272 1846 vorstellen?"
3702 1760 6152 1896 Robert: "Wir wohnen nicht zusammen. Sie besucht mich
3699 1874 4709 1979 nur von Zeit zu Zeit.
3696 1957 4573 2099 ℥ⵥⴾⵔⵈⵜⴹⵛⵎⴼ
4259 2071 5229 2234 Willi erinnert sich:
4265 2130 6220 2268 66 a. Zuerst Wiederholung des Bildes 62 a
4275 2216 6177 2364 (Willi mit seinem Onkel bei den Volkssän
4275 2345 4505 2444 gern (
4265 2357 6235 2505 66 b. Willi trifft Leopoldine vor dem Ein-
4275 2450 6069 2588 gang des Lokals, geht mit ihr durch die
4275 2545 6060 2656 Strassen bis zu einem kleinen Gasthof.
4275 2579 6235 2736 ℥ⵥⴾⵔⵜⴶⵈⵛⵇⴼⵙⵟ�ⴷ� Skunxxxxxxx⟥
4275 2705 5567 2819 ζκακκὰκκαχ⊃καλακαταικηκαwaxx
4281 2788 6198 2899 66 c. Aermliches Hotelzimmer. Leopoldine
6072 2831 6414 3001 Leopoldine
4284 2871 4752 2997 schlafend.
4287 2914 6195 3068 Willi zum Fortgehen angezogen am Bett,
4281 3016 6180 3130 erwacht, will ihn nicht fortlassen. Echte
4293 3081 6124 3201 Zärtlichkeit ihrerseits. Willi: Dienst.
4281 3167 6177 3284 Küsst sie rasch noch einmal. An der Türe
4281 3265 6158 3354 fällt ihm etwas ein,er nimmt aus seinem
4296 3318 6149 3465 Portemonnaie eine Banknote und legt sie
4281 3413 5912 3555 unbemerkt von ihr aus die Kommode.
4299 3511 6337 3699 (Diese Erinnerungsbilder Willis vielleicht
4299 3638 6072 3770 besser erst nach seinem Fortgehen von
4299 3742 5016 3884 seinem Onkel ) )
