6696 4248
6066 434 6221 565 12
4026 595 4621 720 Dritter Akt.
3856 756 5077 896 44. Fiakerfahrt nach Wien.
4047 826 6397 972 Konsul Schnabel und Willi im xxxx offenen Wagen.
4041 987 6091 1087 Fahrt durch die Stadt, Viadukt,Reichsstrasse.
4053 1035 6397 1211 Schweigen zuerst. Ängstlich-unsichere Blicke Willis
4041 1157 4755 1269 auf den Konsul.
4047 1221 5177 1339 Gezwungene Konversation,
4053 1306 5341 1397 Schnabel: „Etwas kühl heute“.
4053 1381 6485 1488 Willi: "Morgenluft. Unsereins kennt das von den manö-
4047 1467 4460 1567 vern her.
4041 1530 4843 1643 Wieder Schweigen.
4041 1612 6331 1709 Konsul Schnabel freundlich:“Ich erwarte Ihre Zah-
4041 1682 6194 1810 lung Dienstag mittags 12 Uhr in meinem Bureau.
4053 1770 5037 1864 Gibt ihm seine Karte:
4041 1794 6255 1943 Honsul Schnapel,Wien 1.Helfersdorferstrasse 5.
4053 1934 5793 2025 Willi: Ich wollte Sie eben bitten.—
4041 1992 5411 2083 Ersucht Aufschub zu erhalten.
4047 2071 6285 2165 Honsul xxxx Schnabel immer freundlich, aber ent-
4041 2131 6309 2250 schieden abwehrend: "Ihre Eltern werden Sie nicht
4047 2244 4806 2329 in Stich lassen.
4053 2301 5666 2383 Willi:“Ich habe keine Eltern mehr.
4047 2377 5936 2484 Konsul Schnabel xxxx bedauernde Geste.
4047 2435 6482 2563 Willi: "Mein Vater war Überstleutnant. Meine Carrie-
4041 2535 4879 2632 re vorgezeichnet.
4041 2605 6391 2717 Konsul: "Meine nicht. War oft tief unten, sehr tief.
4053 2669 6315 2812 Wenn Ihre Herren Kameraden wüssten, wiexik tief.
4041 2775 5748 2866 Aber sie haben sich nicht erkundigt.
4056 2833 6209 2933 Willi, unsicher, weiss nicht, wie sich benehmen.
4053 2918 6309 3018 Willi:“Würden Herr Konsul nicht auf Ratenzahlung
4056 2991 6261 3136 eingehen? Oder einige Wochen warten? Mein Unkel
4053 3064 5948 3173 ein reicher Privatier würde garantieren.
4050 3149 5599 3279 Konsul Schnabel "Dienstag 12 Uhr.
4053 3243 4545 3340 Schweigen.
4053 3294 6346 3446 Fahrt in der Nacht. Reichsstrasse.An kleinen Häu-
4053 3404 4812 3501 sern vorbei, etc.
4041 3461 5672 3574 Dann vorbei an einer Strafanstalt.
4056 3534 5086 3665 Justizwache salutiert.
4053 3619 6118 3713 Blick Konsul Schnabels auf die Strafanstalt.
4333 3686 6458 3826 45.azwischenbild. Konsul Schnabel sieht sich
