6712 4232
3881 586 5894 774 lächelt sie wieder, nicht ohne Zärtlichkeit.
3884 756 6405 872 75. Willi auf der Strasse gehend,Restaurant,hoffnungs-
3884 872 6289 978 voller gestimmt, isst, trinkt, raucht in einer stillen
3891 931 6192 1063 Ecke, zahlt, geht, Ringstrasse. Vor einem Kaffeehaus
3884 1025 4602 1132 Zeitung lesend.
3891 1063 6405 1194 Während dieser Zeit häufig auf die Uhr sehend;in ange-
3881 1154 6326 1263 messenen Zwischenpausenersche nen die Zifferblätter-
3916 1229 6408 1348 (Die Zeiger schreiten abwechselnd langsam oder schnel
3897 1329 4511 1455 ler vorwärts)
3903 1455 6333 1583 76. Willi durch das Kasernentor.durch den Kasernhof,
3891 1549 5010 1662 Stiege hinauf, Vorzimmer.
3922 1571 6273 1721 Offiziersdiener salutiert überreicht ihm eine Karte:
3900 1715 5571 1787 Otto von Bogner, Piaristenstrasse 20.
3897 1762 6245 1881 Willi in sein Zimmer, wirft die Karte hin.(sie muss
3897 1862 4916 1975 später zu finden sein)
3916 1912 6311 2031 Willi zum Diener: "Schlafen lassen. Um J/8 kommt ein
3884 2010 4844 2110 Herr oder eine Dame.
3897 2075 5768 2198 Willi wirft sich in die Ecke des Divans.
4866 2191 5637 2361 Endedes 3.Aktes.
