6680 4232
3845 611 6129 814 Torwache. Alserstrasse. Die Kirche. Gottesdienst
3858 775 4910 862 eben vorbei. Menseken.
3855 817 5792 959 Willi nimt einen Fiaker (Fahrt zur Bahn)
3867 946 6232 1097 8. Halle des Südbahnhofs. Willi Billet lösend. Be-
3887 1010 6470 1219 gegnung mit einem Obersten. Oberst herahlassend.
3867 1145 4903 1287 Willi besser gestimmt.
4788 1219 5257 1335 renquere
3861 1281 6223 1412 9. Willi im Coupé. Publikum. Zwei junge Mädeln.die
3855 1374 5862 1535 mit ihm kokettieren und später aussteigen.
3874 1503 6239 1628 10. Ankunft in Baden. Platz vor dem Bahnhof. Willi
3867 1580 6200 1728 sieht auf die Uhr:,Für alle Fälle mach' ich einen
3874 1696 4826 1828 Desuch bei Kessners.
3887 1779 6371 1956 11. Villa Kassners. Die Familie im Garten. Herr Kese-
3887 1918 6358 2030 ner Geschäftsmann, ziemlich elegant. Frau Kessner noch
3890 1979 6284 2117 junge, hübsche xx Frau, die Xochter sehr anmatig. Ein
3880 2056 6245 2201 Besucher.Rechtsanwalt... Die Gesellschaft plaudert
3874 2159 4456 2268 miteinander.
3867 2214 6207 2358 Nach vorheriger Anmeldung durch das Stubenmädchen
3880 2317 5119 2416 tritt Willi i den Garten.
3884 2323 6329 2523 Die Damen begrüssen ihn herzlich Herr Kessner recht
3887 2471 5254 2590 kühl, ebenso der Rechtsanwalt.
3887 2584 6367 2703 12. Mittagessen Willis mit den Andern auf der Tarras-
4138 2654 6284 2777 Eventuell beim schwarzen Kaffee eine Dame mit
3568 2648 4064 2841 (Ia Garten) se
3893 2745 6425 2876 zwei Töchtern).A Willi muss sich leider verabschieden...
3890 2825 5901 2934 "Ich muss einen kranken Kameraden besuchen"
3887 2893 6219 3044 Man lässt ihn merken, dass man es für eine Ausrede
3880 3008 4134 3134 hält.
3890 3131 6329 3250 13. Willi tritt aus der Villa auf die Strasse. Even-
3887 3214 6306 3333 tuell : ein Fiaker mit zwei eleganten jungen Herren
3884 3288 5454 3446 fährt vor. Willi etwas agsagiert.
3864 3430 5862 3565 14. Willi recht vergnügt weiterspazierend.
4131 3491 6248 3623 15a Inneres Bild: Willi mit Fräulein Kessner
4170 3565 6345 3690 vor den Altar tretend oder beim Hochzeitsdiner
4154 3645 6393 3858 Eventueli von Kessner ein dickes Banknotenpaket
