6520 4280
3652 658 4407 937 gemacht werden.
3681 840 5979 1022 (z.B.wenn xl Leutnant Kasda den Oberleutnant Otto
3678 986 5931 1097 v.Bogner sich von der Kartenpartie erheben sieht
3688 1064 6025 1185 (2b). Oder wenn der Leutnant Kasda sich als Gewin-
3665 1133 5735 1309 ner in Zukunftsträumen wiegt (19a-d) u.s.w.)
3655 1299 6048 1455 Ob und in welchen Fällen solche Zwischenbilder,be-
3659 1439 6103 1579 sonders von der 2.und 3.Art,sich in der Geschwindig-
3665 1553 6090 1797 keit des Aplaufs und technisch von den Hauptbildern
3672 1745 6077 1888 zu unterscheiden haben, bleibt der Erwägung und Aus-
3659 1904 5123 2070 führung im Detail vorbehalten.
5527 1894 5898 2083 inlaufe
3675 2021 6152 2249 Von "Titeln" habe ich in der vorliegenden Skizze zum
3675 2204 6246 2353 grossen Teile abgesehen. Hier scheint mir ganz im All
3717 2353 6126 2555 gemeinen viel mehr Zurückhaltung geboten als geübt
3672 2513 6194 2731 zu werden pflegt und als Prinzip könnte gelten-lieber
3678 2692 5358 2819 3 Bilder mehr als 1 Titel zu viel.
3659 2793 6149 2988 Hingegen dürfte meines Erachtens von ganz ###
3681 2975 6214 3115 Ueberschriften, (wie z.B. "Zur gleichen Stunde“ - oder:
3701 3148 6171 3346 "Leutnant Kasda erinnert sich"- Ueber schriften,die
3665 3242 6139 3486 xxk bei dem denkschwächeren Publikum manches Miss-
3688 3418 6308 3642 verständnis auf die einfachste Weise beseitigen könnten
3672 3584 6129 3815 und niemals stören - öfter Gebrauch gemacht werden.
4404 3711 4827 3916 im pflegt
3681 3730 4528 3971 als es geschieht.
