6584 4520
5810 416 5982 570 24
3799 728 4191 879 Auftrag.
3812 786 5797 1005 Offiziersbursch eventuell mit "Menage“ ab.
3812 910 6121 1107 82. Willi zurück ins Zimmer, Leopoldine hat jetzt
3812 1027 5982 1175 erst ihren Hut abgenommen, wirft ihn mit kühnen
3821 1079 6124 1258 Schwung aufs Bett. Willi mit ihr zum Fenster hin,
3821 1196 5949 1351 versucht Zärtlichkeiten, die sie noch abwehrt.
3818 1295 6140 1486 83. Der Bursch in der Küche eines Wirtshauses,er-
3821 1375 6161 1563 hält Speisen ausgefolgt, schäkert mit einer Köchin.
3839 1452 6238 1662 erhält von einem Kellner eine Flasche etc., entfernt
3818 1610 4737 1764 sich mit dem allen.
3830 1702 5023 1900 Eventuell Zwischenbilder.
3845 1822 6257 2054 84. Bogner in seiner Wohnung. Seine Frau, sein Kind,
3842 1986 5227 2162 seine Unruhe, seine Aufregung.
3864 2088 6183 2273 85. Robert Wilram in dem Haus in der Zimmermanns-
3858 2171 6217 2350 gasse,an ihrer Wohnungstür,erfährt von dem Stuben-
3858 2254 6038 2415 mädchen, dass seine Frau nicht zuhause ist. Das
3858 2350 5992 2495 Mädchen kann keine weiteren Auskünfte geben.
3876 2439 5101 2600 Robert Wilram geht wieder.
3886 2541 6272 2720 86. Konsul Schnabel in seinem Bureau mit Geschäfts-
3882 2646 6056 2794 büchern,einschreibend. Blick auf den Kalender.
3886 2788 6118 2991 87. Der Offiziersbursch. durch den Kasernhof mit
3886 2936 4841 3062 Speisen und Getränk.
5637 2923 5893 3065 Htrew
3882 3007 6365 3189 88. Bei Willi. Willi und Leopoldine auf dem
3904 3115 6282 3281 Divan. Leopoldine weit weniger ablehnend. Eben wie
3916 3223 5276 3334 er sie küssen will klopit es,
3904 3272 5970 3414 Der Offiziersbursch mit dem Essen tritt ein.
3919 3318 6402 3509 Willi schickt ihn weg. Leopoldine deckt Tisch u.s.w.,
3932 3472 4586 3614 ganz Hausfrau.
3941 3460 6109 3651 Leopoldine und Willi soupieren miteinander. Er
3935 3599 5221 3728 füllt sich und ihr das Glas
3941 3620 6205 3845 sie stossen miteinander an. Kuss. Umarmung. Dann
