6728 4264
3938 600 6322 878 Vorbemerkungen zu der Skizze eines Regiebuchs nach
3944 839 5700 993 der Novelle "Spiel im Morgengrauen”.
3932 993 6189 1171 Zum Verständnis dieser Skizze ist die vorherige
3932 1144 6316 1370 Lektüre meiner Novelle „Spiel im Morgengrauen“ un-
3950 1337 4493 1454 erlässlich.
3935 1433 6267 1593 Diese Skizze masst sich keineswegs an ein wirkli-
3941 1602 6316 1820 ches Regiebuch zu sein, sie ist die Anregung zu ei-
3944 1783 6282 1967 nem solchen. Der Gang der Handlung ist in Bildern
3959 1928 6343 2124 festgehalten und hält sich ziemlich genau nach dem
4324 2046 4538 2145 nach
3956 2088 5302 2251 Original der Novelle selbst.
3944 2245 6201 2402 Die fortlaufenden Hauptbilder sind immer wieder
3959 2381 6243 2514 durch Zwischenbilder unterbrochen (die nicht im-
3965 2471 6370 2731 mer als solche bezeichnet werden, aber durch Hinein-
3950 2692 6249 2888 rücken der Zeilen im Manuscript kenntlich sind).
3971 2827 6340 3057 Dreierlei Arten solcher Zwischenbilder sind zu un-
3965 3039 4562 3162 terscheiden.
3959 3150 6346 3352 1. Solche, die zeitlich dem Gang der Haupthandlung
4360 3280 4620 3386 geken
3959 3313 6382 3488 konform sind, gewissermassen zur Handlung selbst ge-
3953 3485 6264 3588 hören, manchmal aber nur gewisse episodische Vor-
3977 3651 6307 3778 gänge bildlich zum Ausdruck bringen, die zur Bele-
