6696 4232
4001 629 4809 789 schlafften Zügen.
3989 746 6319 897 Konsul Schnabel zahlt dem Kellner die Zeche. Auch
4001 835 6267 1002 die der Andern. Wimmer lässt sich's nicht gefal-
4001 909 4803 1020 len, zahlt selbst.
4007 962 6372 1147 Tugut steht hinter Willis Sessel."Du kannst's doch
3980 1054 4682 1174 morgen zahlen?
4001 1153 6153 1304 "illi: "Selbstverständlich, Herr Regimentsarzt".
3998 1208 4473 1322 steht auf.
4001 1307 6307 1430 Schnabel tritt zu Willi: „Ihre Schuld beläuft sich
3989 1378 4803 1483 auf 11000 Gulden.
3976 1455 6344 1578 Kellner ist Schnabel beim Anlegen des Ueberziehers
3995 1538 4507 1637 behilflich.
3989 1603 6319 1745 Konsul zu Willi: „Darf ich Sie einladen mit mir in
3970 1698 5558 1785 meinem Wagen nach Wien zu fahren?
3989 1769 5777 1917 Wili nimt an,gewissermassen Hoffnung.
3986 1834 4679 1957 Verabschiedung.
5037 1865 5906 1979 andere pn atitire
4010 1923 6199 2044 Willi reicht den verschiedenen Leuten die Hand.
3973 1988 6208 2158 Tugut,Wimmer,Greising konferieren,schütteln den
3970 2056 4220 2173 Kopf.
3973 2145 6378 2287 Lonsul Schnabel verabschiedet sich von den Offizie-
3970 2241 4821 2340 ren, die kühl sind.
3980 2306 5521 2429 Wimmer reicht ihm nicht die Hand.
3961 2374 5943 2518 Konsul Schnabel böser, verächtlicher Blick.
3958 2457 5860 2592 Alle verlassen das Kaffeehaus. Ueber die
3964 2531 5139 2679 Terrasse auf die Strasse.
3946 2666 6421 2845 41. Auf der Strasse wartet der Fiaker. Die Offiziere
3943 2783 4775 2861 schlendern davon.
3964 2839 6236 2968 Schnabel lädt Willi ein in den Wagen zu steigen.
3946 2913 5552 3027 Kutscher hat die Pferde abgedeckt.
3949 2999 6168 3132 Mizi Rihoschek xxx am Wegen, nimt von Konsul
3952 3073 6233 3206 Schnabel Abschied. Er küsst sie und zieht sie in
3952 3156 5274 3271 fast obszöner Weise an sich.
3952 3237 5176 3335 Willi ist etwas befremdet.
3943 3295 6353 3443 Konsul zieht den Plaid über seine und Willis Knie.
3946 3382 4981 3486 Willi dankt beflissen.
3921 3462 6261 3563 Mizi Rihoschek, in Sekretär Weiss und Schauspieler,
3921 3533 5351 3650 Elrier eingenängt, gehen davon.
3921 3607 6251 3730 Der Wagen fährt an. Konsul creht sich noch einmal
3939 3696 6267 3813 um.winkt den Dreien einen Gruss zu. Sie erwiedern
3927 3788 6338 3918 inn. Wagen entfernt sich in die nächtliche Strasse.
3924 3859 4744 3980 Leere Landschaft.
