6520 4392
3662 614 5945 822 Torwache. Alserstrasse. Die Kirche. Gottesdienst
3662 765 4739 876 eben vorbei. Mensehen.
3651 793 5611 980 Willi nimmt einen Fiaker (Fahrt zur Bahn)
3669 923 6042 1095 8. Halle des Südbahnhofs. Willi Billet lösend. Be-
3669 1041 6297 1203 gegnung mit einem Übersten. Oberst herablassend. freundlich
3705 1156 4728 1307 Willi besser gestimmt.
4574 1192 4976 1325 Pussagicie
3676 1267 6049 1443 9. Willi im Coupe. Zwei junge Mädeln.die
3673 1343 5697 1537 mit ihm kokettieren und später aussteigen.
3680 1479 6064 1662 10. Ankunft in Baden. Platz vor dem Bahnhof. Willi
3691 1587 6035 1781 sieht auf die Uhr: Für alle Fälle mach ich einen
3698 1684 4653 1852 Desuen bei Kessners.
3691 1773 6196 1949 11. Villa Kassners. Die Familie im Garten. Herr Kess-
3698 1878 6214 2028 ner Geschäftsmann, ziemlich elegant. Frau Kessner noch
3734 1953 6135 2107 Junge, nübsche xx Frau, die Tochter sehr anmatig. Ein
3705 2039 6089 2211 Besucher Rechtsanwalt... Die Gesellschaft plaudert
3705 2168 4279 2294 miteinander.
3723 2190 6064 2366 Nach vorheriger Anmeldung durch das Stubenmädchen
3716 2301 4961 2416 tritt Willigit den Garten.
3716 2326 6196 2495 Die Damen begrüssen ihn herzlich. Herr Kassner recht
3726 2466 5112 2606 kühl, ebenso der Rechtsanwalt.
3744 2567 6225 2746 12. Mittagessen Willis mit den Andern auf der Terras-
3296 2675 6182 2908 im Garten se. Eventuell beim schwarzen Kaffee eine Dame mit
3744 2728 6290 2897 zwei Töchtern). Willi muss sich leider verabschieden.
3759 2815 5783 2947 "Ich muss einen kranken Kameraden besuchen"
3741 2894 6081 3073 Man lässt ihn merken, dass man es für eine Ausrede
3744 3041 3999 3159 hält.
3759 3095 6211 3292 13. Willi tritt aus der Villa auf die Strasse. Even-
3770 3199 6196 3367 tuell : ein Fiakex mit zwei eleganten jungen Herren
3752 3303 5320 3493 fährt vor. Willi etwas aggasiert.
3748 3428 5766 3594 14. Willi recht vergnügt weiterspazierend.
4006 3472 6139 3655 15a Inneres Bild: Willi mit Fräulein Kessner
4053 3551 6229 3730 vor den Altar tretend oder beim Hochzeitsdiner
4050 3622 6290 3870 Eventuell von Kessner ein dickes Banknotenpaket
