6696 4232
6010 412 6162 565 24
4007 678 4400 825 Auftrag.
4019 751 5967 913 Offiziersbursch eventuell mit "Menage" ab.
4013 898 6306 1054 82. Willi zurück ins Zimmer. Leopoldine hat jetzt
4007 992 6175 1099 erst ihren Hut abgenommen, wirft ihn mit kühnen
4013 1072 6291 1218 Schwung aufs Bett. Willi mit ihr zum Fenster hin.
4010 1163 6117 1270 versucht Zärtlichkeiten, die sie noch abwehrt.
4007 1295 6306 1417 83. Der Bursch in der Küche eines Wirtshauses, er-
4016 1402 6355 1518 hält Speisen ausgefolgt,schäkert mit einer Köchin,
4022 1438 6404 1579 erhält von einem Kellner eine Flasche etc., entfernt
4016 1560 4932 1689 sich mit dem allen.
4003 1664 5194 1851 Eventuell Zwischenbilder.
4019 1826 6416 1964 84. Bogner in seiner Wohnung. Seine Frau, sein Kind,
4019 1939 5381 2086 ### Unruhe,###e Aufregung.
4040 2028 6327 2205 85. Robert Wilram in dem Haus in der Zimmermanns-
4040 2141 6376 2278 gasse.an ihrer Wohnungstür,erfährt von dem Stuben-
4083 2223 6181 2348 dehen, dass seine Frau nicht zuhause ist, Das
4080 2315 6117 2422 tädchen kann keine weiteren Auskünfte geben.
4040 2416 5256 2538 Robert Wilram geht wieder.
4028 2532 6419 2663 86. Konsul Schnabel in seinem Bureau mit Geschäfts-
4043 2587 6196 2721 büchern,einschreibend. Blick auf den Kalender.
4046 2727 6263 2877 87. Der Offiziersbursch durch den Kasernhof mit
4028 2837 4990 2990 Speisen und Getränk.
5735 2886 6025 3026 in my
4046 2965 6474 3109 88. Bei Willi. Willi und Leopoldine zusammen auf der
4040 3063 6398 3206 Divan. Leopoldine weit weniger ablehnend. Eben wie
4037 3164 5405 3268 er sie küssen will klopit es.
4046 3234 6108 3347 Der Offiziersbursch mit dem Essen tritt ein.
4077 3289 6535 3457 Willi schickt ihn weg. Leopoldine deckt Tisch u.s.w.,
4058 3408 4718 3539 ganz Hausfrau.
4052 3417 6220 3585 Leopoldine und Willi soupieren miteinander. Er
4065 3561 5362 3652 füllt sich und ihr das Glas
4058 3594 6333 3738 Sie stossen miteinander an. Kuss. Umarmung. Dann
