6584 4520
5900 431 6065 571 26
3759 727 4092 907 5. Akt.
3777 849 6166 1047 95. Das Zimmer Willis. Morgendämmerung. Reste des
3774 980 5020 1118 Abendessens auf dem Tisch.
3799 1063 4913 1179 Willi schlafend im Bett.
3790 1075 6043 1255 Leopolaine vollkommen zum Fortgehen angekleidet,
3790 1215 5304 1353 steht daneben. Sie sieht inn an.
3790 1218 6117 1423 Willi erwacht, kommt zur Erkenntnis der Situation.
3805 1334 6025 1487 Leopoldine streckt ihm abschiednehmend die Hand
3811 1469 4620 1591 entgegen.
3811 1484 4996 1649 Willi hält die Hand fest.
3796 1527 6025 1744 Leopoldine: "Ich muss gehen". Sie seezt sich auf
3817 1713 6074 1875 Willi in immer klarerem Erfassen der Lage. Seine
3823 1713 4251 1808 das Bett,
3811 1808 6034 1948 unsicheren Blicke suchen unwillkürlich nach dem
3808 1927 6175 2135 Leopoldine merktseine Unruhe.
3811 1948 4058 2049 Geld
3817 2110 4404 2202 sich darüber
3836 2089 6031 2260 Willi versucht sie wieder an sich zu ziehen,sie
3823 2156 6144 2361 kusst ihn noch einmal, dann erhebt sie sich brüsk,
3820 2290 5338 2419 nimmt Abschied, geht der Türe zu.
3836 2269 6288 2495 In Willis Antlitz immer deutlicher: Wo ist das Geld?
3842 2431 5442 2577 Hat sie vergessen? Will sie nicht?
3836 2495 6254 2666 An der Türe wendet sich Leopoldine plötzlich wieder
3842 2562 6214 2727 zurück: “Ja richtig,bald hätte ich vergessen." Sie
3851 2635 6086 2809 nimmt aus ihrem Handtäschchen eine Banknote und
3857 2715 6245 2886 lässt sie auf den Tisch gleiten. Dann will sie wie-
3863 2864 4330 2971 der gehen.
3863 2822 6123 3035 Willi den Blick auf den Tausender geheftet. (Der
3863 2962 6086 3121 Tisch mit den Resten des Mahls und insbesondere
3875 3060 5323 3185 die Banknote in Grossaufnahme).
5503 3026 6132 3228 "Leopoldine!"
3884 3155 5448 3301 Willi tief entääuscht.unschlüssig
3884 3197 6049 3344 Leopoldine an der Türe, schon die Klinke in der
3869 3277 5912 3423 Hand, oleibt stehen. Blick zu Willi fragend.
3894 3280 6141 3521 Willi: "Du hast mich missverstanden. Ich brauche
3900 3457 4947 3588 ja elftausend, Gulden,“
3881 3472 6196 3655 Leopoldine tut, als wenn sie nicht verstünde. End-
3887 3548 6282 3723 lich nickt sie:Ach so. Darauf hat das keinen Bezug,
3878 3677 5081 3826 Das ist für diese Nacht.“
3890 3689 6297 3897 Willi aus dem Bett, beinahe starr. Sein Gesicht ver-
3900 3805 6205 4022 zerrt sich. Auf Leopoldine zu, nimmt sie beim Arm.
