6600 4520
5904 429 6076 576 22
3671 671 5717 846 lächelt sie wieder,nicht ohne Zärtlichkeit.
3690 760 6242 1024 75. Willi auf der Strasse gehend,Restaurant, hoffnungs-
3690 945 6108 1063 voller gestimmt, isst, trinkt, raucht in einer stillen
3697 1031 6038 1161 Ecke, zahlt, geht, Ringstrasse. Vor einem Kaffeehaus
3697 1136 4409 1250 Zeitung lesend.
3703 1126 6235 1330 Während dieser Zeit häufig auf die Uhr sehend;in ange-
3719 1263 6159 1393 messenen Zwischenpausenerscheinen die Zifierblätter.
3706 1314 6238 1498 (Die Zeiger schreiten abwechselnd langsam oder schnel¬
3706 1451 4339 1594 ler vorwärts)
3709 1502 6165 1677 76. Willi durch das Kasernentor, durch den Kasernhof,
3713 1667 4858 1775 Stiege hinauf, Vorzimmer.
3728 1648 6121 1848 Offiziersdiener, salutiert überreicht ihm eine Karte:
3738 1804 5430 1928 Otto von Bogner, Piaristenstrasse 20.
3741 1848 6105 2017 Willi in sein Zimmer, wirft die Karte hin.(sie muss
3732 1979 4769 2112 später zu finden sein)
3738 1947 6159 2166 Willi zum Diener: "Schlafen lassen. Um 1/2 8 kommt ein
3725 2106 4724 2249 Herr oder eine Dame."
3732 2144 5647 2360 Willi wirft sich in die Ecke des Divans.
4718 2284 5500 2485 Endedes 3.Aktes
