6648 4264
4013 525 6256 690 Leopoldine bleibt ruhig, macht sich los, will wie-
4022 648 5905 770 der gehen. Er verstellt ihr den Ausgang.
4025 722 6139 856 Leopoldine:“Ist das nicht genug? Von dir habe
4033 813 6101 933 ich damals noch weniger bekommen, zehn Gulden
4033 896 5571 996 und die waren auch schon zu viel.
4390 953 5337 1098 Willi erinnert sich.
4738 1041 5200 1150 Bunghld
4108 1093 6304 1232 96 a. Wiederholung der Bilder 66 c: Das ärmli-
4384 1201 6350 1295 che Hotelzimmer. Leopoldine schlafend, Wil-
4376 1292 6216 1372 li am Bett zum Fortgehen angezogen, will
4396 1361 6307 1469 ihn nicht fortlassen.Zärtlichkeit. An der
4384 1423 6113 1526 Türe nimmt er aus seinem Portemonnaie
4379 1506 6261 1615 eine Banknote, legt sie unbemerkt von ihr
4367 1575 5137 1689 auf die Kommode.
4128 1694 6295 1823 96 b. Leopoldine allein im ärmlichen Hotelzim-
4353 1823 6150 1914 mer.traurig,dass Willi gegangen,steht
4367 1905 6161 1985 auf, merkt jetzt erst, dass die Banknote
4364 1988 6150 2094 auf der Kommode liegt,ist beschämt,er-
4367 2045 6204 2156 niedrigt, ist empört. Das wird sie Willi
4370 2125 5126 2239 nicht vergessen.
3988 2202 6079 2376 97. Willi: „Das habe ich nicht wissen können."
3988 2330 4758 2465 Leopoldine geht.
3985 2485 6144 2619 98. Leopoldine über die Stiegen herunter, durch
3991 2587 6016 2690 den Kasernhof, anscheinend vergnügt.
3979 2701 6256 2841 99. Willi in seinem Zimmer,erbittert und verzwei-
3979 2793 6261 2927 felt, zum Fenster, als wollte er Leopoldine zurück-
3991 2867 4279 2975 rufen.
4079 3029 6093 3141 C. Leopoldine durch das Kasernentor auf die
3976 3098 5249 3229 Strasse.Die Strasse weiter.
3968 3215 6184 3383 101. Willi hin und her,wechselnde Stimmung: Was
3971 3337 6267 3466 soll ich tun? Nimmt die Banknote in die Hand, zer-
3971 3412 6042 3531 knittert sie. Dies schon früher, bevor er zum
3965 3486 6179 3614 Fenster geht. Er wollte die Banknote Leopoldine
3968 3563 4695 3677 nachschleudern.
3974 3645 4684 3762 Willi: Was tun?
4496 3708 4943 3837 Ernissentlich
4284 3777 6059 3965 102.a. Schnabel in seinem Bureau. Uhr,
