6504 4296
6030 251 6266 398 10
3594 425 4330 661 toujours.
3783 706 6185 838 Vorbemerkungen zu der Skizze eines Regiebuchs nach
3789 880 5533 1059 der Hovelle "Spiel im Morgengrauen".
3777 991 6033 1146 Zum Verständnis dieser Skizze ist die vorherige
3789 1149 6177 1308 Lektüre meiner Novelle "Spiel im Morgengrauen" un-
3812 1380 4363 1487 erlässlich.
3800 1448 6135 1613 Dieß Skizze masst sich keineswegs an ein wirkli-
3812 1610 6183 1775 ches Regiebuch zu sein, sie ist die Anregung zu ei-
3800 1772 6171 1924 nem solchen. Der Gang der Handlung ist in Bildern
3830 1924 6218 2089 festgehalten und hält sich ziemlich genau nach dem
3848 2077 5171 2283 Original, der Novelle selbst.
3866 2226 6090 2400 Die fortlaufenden Hauptbilder sind immer wieder
3854 2388 6138 2562 durch Zwischenbilder unterbrochen (die nicht im-
3860 2493 6266 2705 mer als solche bezeichnet werden, aber durch hinein-
3860 2672 6171 2861 rücken der Zeilen im Manuscript kenn’lich sind).
3860 2834 6242 3004 Leierlei Arten solcher Zwischenbilder sind zu un-
3878 3082 4480 3184 terscheiden.
3884 3163 6269 3325 1. xxx l.he. die zeitlich dem Gang der Haupthandlung
3890 3298 6281 3486 konform xxx, gewissermassen zur Handlung selbst ge¬
3881 3477 6183 3636 hören, manchmal aber nur gewisse episodische Vor-
3896 3573 6251 3806 gänge bildlich zum Ausdruck bringen, die zur Bele-
