<?xml version="1.0" encoding="UTF-8" standalone="yes"?>
<PcGts xmlns="http://schema.primaresearch.org/PAGE/gts/pagecontent/2013-07-15" xmlns:xsi="http://www.w3.org/2001/XMLSchema-instance" xsi:schemaLocation="http://schema.primaresearch.org/PAGE/gts/pagecontent/2013-07-15 http://schema.primaresearch.org/PAGE/gts/pagecontent/2013-07-15/pagecontent.xsd">
    <Metadata>
        <Creator>prov=READ-COOP:name=TrHtr:version=2.1.0:model_id=51170:date=28_07_2023_04:54</Creator>
        <Created>2023-05-10T11:18:27.979+02:00</Created>
        <LastChange>2023-07-28T04:54:41.154+02:00</LastChange>
        <TranskribusMetadata docId="1428142" pageId="55385589" pageNr="56" tsid="131318893" status="IN_PROGRESS" userId="64420" imgUrl="https://files.transkribus.eu/Get?id=IDYCIMLKFZSAYPAVJVMKNGOU&amp;fileType=view" xmlUrl="https://files.transkribus.eu/Get?id=YPZHJXONBEQMZXMORNVABYQS" imageId="44660488"/>
    </Metadata>
    <Page imageFilename="1428142_0056.jpg" imageWidth="6680" imageHeight="4232">
        <ReadingOrder>
            <OrderedGroup id="ro_1711822655322" caption="Regions reading order">
                <RegionRefIndexed index="0" regionRef="tr_2"/>
                <RegionRefIndexed index="1" regionRef="tr_1"/>
            </OrderedGroup>
        </ReadingOrder>
        <TextRegion id="tr_2" custom="readingOrder {index:0;}">
            <Coords points="4333,684 6368,684 6368,2003 4333,2003"/>
            <TextLine id="tr_2_tl_1" custom="readingOrder {index:0;}">
                <Coords points="4333,760 4883,806 6253,751 6253,682 6155,652 4336,685"/>
                <Baseline points="4351,764 4381,764 4470,769 4560,769 4649,764 4739,764 4828,764 4918,758 5007,758 5097,752 5187,752 5276,746 5366,746 5455,746 5545,746 5634,740 5724,740 5813,734 5903,734 5992,734 6082,740 6171,734 6261,734"/>
                <TextEquiv>
                    <Unicode>ganz jugendlich als Sträfling mit anderen</Unicode>
                </TextEquiv>
            </TextLine>
            <TextLine id="tr_2_tl_2" custom="readingOrder {index:1;}">
                <Coords points="4333,869 6073,855 6168,842 6172,767 4336,760"/>
                <Baseline points="4351,829 4387,835 4476,841 4566,847 4655,841 4745,841 4834,835 4924,835 5013,835 5103,829 5193,835 5282,829 5372,829 5461,829 5551,829 5640,823 5730,823 5819,823 5909,817 5998,817 6088,817 6177,817"/>
                <TextEquiv>
                    <Unicode>Sträflingen im Gefängnishof umhergehen.</Unicode>
                </TextEquiv>
            </TextLine>
            <TextLine id="tr_2_tl_3" custom="readingOrder {index:2;}">
                <Coords points="4316,924 6276,934 6296,832 4316,849"/>
                <Baseline points="4333,913 4423,919 4512,919 4602,919 4691,913 4781,907 4870,901 4960,895 5049,907 5139,907 5228,901 5318,907 5407,901 5497,901 5586,901 5676,895 5766,895 5855,895 5945,895 6034,889 6124,889 6213,889 6303,877"/>
                <TextEquiv>
                    <Unicode>45 b. Konsul Schnabel erhält im Gefängnis-</Unicode>
                </TextEquiv>
            </TextLine>
            <TextLine id="tr_2_tl_4" custom="readingOrder {index:3;}">
                <Coords points="4326,1013 6191,1029 6191,908 4326,950"/>
                <Baseline points="4345,996 4405,996 4494,996 4584,996 4673,996 4763,996 4852,984 4942,990 5031,984 5121,978 5210,984 5300,978 5389,972 5479,972 5569,972 5658,972 5748,978 5837,972 5927,961 6016,972 6106,972 6195,966"/>
                <TextEquiv>
                    <Unicode>bureau als entlassener Sträfling seine</Unicode>
                </TextEquiv>
            </TextLine>
            <TextLine id="tr_2_tl_5" custom="readingOrder {index:4;}">
                <Coords points="4320,1101 4353,1111 4385,1091 4418,1095 4477,1121 4536,1088 4562,1101 4628,1085 4720,1095 4720,1046 4674,1039 4644,1013 4618,1029 4598,1016 4513,1016 4454,1036 4405,1016 4320,1013"/>
                <Baseline points="4339,1074 4428,1074 4518,1074 4608,1068 4697,1074 4727,1074"/>
                <TextEquiv>
                    <Unicode>Papiere.</Unicode>
                </TextEquiv>
            </TextLine>
            <TextLine id="tr_2_tl_6" custom="readingOrder {index:5;}">
                <Coords points="4316,1180 5854,1137 6162,1216 6299,1160 6299,1029 4320,1098"/>
                <Baseline points="4339,1152 4428,1152 4518,1152 4608,1146 4697,1146 4787,1146 4876,1140 4966,1140 5055,1140 5145,1140 5234,1134 5324,1134 5413,1134 5503,1134 5592,1128 5682,1128 5771,1128 5861,1128 5951,1128 6040,1122 6130,1128 6219,1122 6309,1122"/>
                <TextEquiv>
                    <Unicode>45 c. Schnabel in schäbiger Kleidung, Stel-</Unicode>
                </TextEquiv>
            </TextLine>
            <TextLine id="tr_2_tl_7" custom="readingOrder {index:6;}">
                <Coords points="4339,1255 4461,1272 4556,1255 4628,1291 4693,1259 4736,1275 4874,1239 4959,1242 4959,1190 4929,1180 4339,1180"/>
                <Baseline points="4357,1241 4428,1235 4518,1229 4608,1223 4697,1223 4787,1223 4876,1229 4966,1223"/>
                <TextEquiv>
                    <Unicode>lung suchend.</Unicode>
                </TextEquiv>
            </TextLine>
            <TextLine id="tr_2_tl_8" custom="readingOrder {index:7;}">
                <Coords points="4320,1308 6024,1327 6358,1291 6358,1219 5067,1190 4323,1268"/>
                <Baseline points="4339,1301 4399,1307 4488,1313 4578,1307 4667,1301 4757,1301 4846,1301 4936,1301 5025,1301 5115,1295 5204,1289 5294,1289 5384,1289 5473,1289 5563,1289 5652,1283 5742,1283 5831,1277 5921,1277 6010,1271 6100,1271 6189,1277 6279,1277 6368,1277"/>
                <TextEquiv>
                    <Unicode>45 d. Schnabel als Kohlenschipper auf einem</Unicode>
                </TextEquiv>
            </TextLine>
            <TextLine id="tr_2_tl_9" custom="readingOrder {index:8;}">
                <Coords points="4320,1386 4346,1383 4402,1409 4461,1399 4500,1413 4539,1399 4559,1409 4582,1396 4693,1393 4693,1321 4634,1331 4598,1318 4503,1340 4467,1318 4431,1340 4320,1308"/>
                <Baseline points="4339,1378 4428,1378 4518,1378 4608,1384 4697,1378 4703,1378"/>
                <TextEquiv>
                    <Unicode>Dampfer</Unicode>
                </TextEquiv>
            </TextLine>
            <TextLine id="tr_2_tl_10" custom="readingOrder {index:9;}">
                <Coords points="4323,1481 6322,1455 6322,1377 6201,1360 4326,1413"/>
                <Baseline points="4345,1450 4357,1456 4446,1456 4536,1456 4625,1456 4715,1456 4805,1450 4894,1444 4984,1438 5073,1450 5163,1450 5252,1444 5342,1438 5431,1432 5521,1438 5610,1438 5700,1438 5789,1432 5879,1432 5968,1432 6058,1432 6148,1426 6237,1426 6327,1420"/>
                <TextEquiv>
                    <Unicode>45 e. Schnabel in Amerika landend. In den</Unicode>
                </TextEquiv>
            </TextLine>
            <TextLine id="tr_2_tl_11" custom="readingOrder {index:10;}">
                <Coords points="4339,1563 4562,1550 4605,1580 4647,1547 4838,1560 4933,1531 5205,1567 5244,1547 5244,1462 4818,1504 4661,1462 4582,1491 4526,1458 4339,1481"/>
                <Baseline points="4357,1528 4446,1522 4536,1522 4625,1528 4715,1528 4805,1528 4894,1522 4984,1522 5073,1522 5163,1522 5252,1522"/>
                <TextEquiv>
                    <Unicode>Strassen New Yorks.</Unicode>
                </TextEquiv>
            </TextLine>
            <TextLine id="tr_2_tl_12" custom="readingOrder {index:11;}">
                <Coords points="4320,1635 5791,1645 6014,1583 6319,1645 6355,1511 4320,1550"/>
                <Baseline points="4339,1605 4393,1611 4482,1611 4572,1605 4661,1599 4751,1599 4840,1599 4930,1599 5019,1599 5109,1599 5198,1593 5288,1593 5378,1593 5467,1587 5557,1587 5646,1587 5736,1587 5825,1587 5915,1587 6004,1581 6094,1581 6183,1575 6273,1575 6362,1563"/>
                <TextEquiv>
                    <Unicode>46 f. Schnabel als Kellner in einem schäbi-</Unicode>
                </TextEquiv>
            </TextLine>
            <TextLine id="tr_2_tl_13" custom="readingOrder {index:12;}">
                <Coords points="4333,1717 5224,1678 5464,1714 5772,1691 5772,1613 4333,1662"/>
                <Baseline points="4351,1695 4434,1689 4524,1683 4614,1683 4703,1677 4793,1677 4882,1677 4972,1677 5061,1677 5151,1671 5240,1671 5330,1665 5419,1659 5509,1659 5598,1665 5688,1665 5777,1671"/>
                <TextEquiv>
                    <Unicode>gen amerikanischen Restaurant.</Unicode>
                </TextEquiv>
            </TextLine>
            <TextLine id="tr_2_tl_14" custom="readingOrder {index:13;}">
                <Coords points="4339,1799 5441,1757 5814,1845 6122,1750 6358,1773 6358,1678 4339,1711"/>
                <Baseline points="4357,1766 4399,1760 4488,1760 4578,1760 4667,1760 4757,1760 4846,1760 4936,1754 5025,1754 5115,1754 5204,1748 5294,1748 5384,1742 5473,1736 5563,1736 5652,1742 5742,1736 5831,1736 5921,1731 6010,1731 6100,1731 6189,1731 6279,1731 6368,1731"/>
                <TextEquiv>
                    <Unicode>45 g. Schnabel in einem vornehmen Hotel als</Unicode>
                </TextEquiv>
            </TextLine>
            <TextLine id="tr_2_tl_15" custom="readingOrder {index:14;}">
                <Coords points="4333,1862 4369,1852 4389,1862 4408,1849 4474,1875 4490,1855 4520,1855 4572,1881 4644,1849 4700,1855 4697,1793 4579,1786 4543,1803 4484,1780 4448,1799 4415,1776 4330,1783"/>
                <Baseline points="4351,1832 4440,1832 4530,1838 4619,1838 4709,1844 4715,1838"/>
                <TextEquiv>
                    <Unicode>Kellner“</Unicode>
                </TextEquiv>
            </TextLine>
            <TextLine id="tr_2_tl_16" custom="readingOrder {index:15;}">
                <Coords points="4333,1930 6231,1914 6234,1826 4333,1858"/>
                <Baseline points="4351,1916 4357,1916 4446,1916 4536,1916 4625,1916 4715,1916 4805,1910 4894,1910 4984,1910 5073,1904 5163,1904 5252,1898 5342,1904 5431,1904 5521,1898 5610,1898 5700,1898 5789,1892 5879,1886 5968,1886 6058,1886 6148,1886 6237,1886"/>
                <TextEquiv>
                    <Unicode>45 h. Schnabel als wohlhabender Mann auf</Unicode>
                </TextEquiv>
            </TextLine>
            <TextLine id="tr_2_tl_17" custom="readingOrder {index:16;}">
                <Coords points="4356,2019 6096,2019 6227,1993 6227,1914 4356,1940"/>
                <Baseline points="4375,1993 4446,1993 4536,1993 4625,1987 4715,1987 4805,1987 4894,1993 4984,1987 5073,1981 5163,1981 5252,1975 5342,1975 5431,1975 5521,1975 5610,1975 5700,1975 5789,1969 5879,1969 5968,1969 6058,1963 6148,1963 6237,1969"/>
                <TextEquiv>
                    <Unicode>einem Dampfer nach Europa zurückfahrend.</Unicode>
                </TextEquiv>
            </TextLine>
        </TextRegion>
        <TextRegion id="tr_1" custom="readingOrder {index:1;}">
            <Coords points="3885,2074 6530,2074 6530,3776 3885,3776"/>
            <TextLine id="tr_1_tl_1" custom="readingOrder {index:0;}">
                <Coords points="3864,2163 4248,2212 4674,2147 5572,2147 5572,2088 5421,2048 4680,2098 4215,2055 4038,2127 3867,2088"/>
                <Baseline points="3885,2148 3975,2154 4064,2154 4154,2154 4243,2154 4309,2148 4351,2148 4417,2148 4506,2142 4596,2136 4685,2142 4775,2142 4864,2142 4954,2136 5043,2130 5133,2130 5222,2124 5312,2130 5401,2124 5491,2130 5580,2130"/>
                <TextEquiv>
                    <Unicode>46. Willi bittet um 8 Tage Aufschub.</Unicode>
                </TextEquiv>
            </TextLine>
            <TextLine id="tr_1_tl_2" custom="readingOrder {index:1;}">
                <Coords points="3867,2235 6326,2239 6329,2117 3867,2173"/>
                <Baseline points="3885,2226 3915,2232 4005,2238 4094,2232 4184,2232 4273,2226 4363,2226 4452,2226 4542,2220 4631,2220 4721,2220 4810,2214 4900,2220 4990,2214 5079,2214 5169,2208 5258,2208 5348,2202 5437,2202 5527,2202 5616,2196 5706,2196 5795,2196 5885,2196 5974,2196 6064,2196 6154,2190 6243,2190 6333,2190"/>
                <TextEquiv>
                    <Unicode>Konsul Schnabel:“Nein. Dienstag Abend fahre ich nach</Unicode>
                </TextEquiv>
            </TextLine>
            <TextLine id="tr_1_tl_3" custom="readingOrder {index:2;}">
                <Coords points="3884,2330 6181,2340 6244,2206 3887,2252"/>
                <Baseline points="3903,2304 3921,2309 4011,2309 4100,2298 4190,2304 4279,2304 4369,2309 4458,2304 4548,2304 4637,2298 4727,2298 4816,2292 4906,2292 4996,2292 5085,2292 5175,2292 5264,2286 5354,2286 5443,2280 5533,2274 5622,2274 5712,2274 5801,2274 5891,2274 5980,2268 6070,2274 6159,2274 6249,2274"/>
                <TextEquiv>
                    <Unicode>Amerika zurück. Entweder um 12 Uhr Mittag das Geld</Unicode>
                </TextEquiv>
            </TextLine>
            <TextLine id="tr_1_tl_4" custom="readingOrder {index:3;}">
                <Coords points="3881,2402 4094,2452 5500,2379 5598,2438 5657,2425 5660,2301 3884,2350"/>
                <Baseline points="3897,2387 3969,2393 4058,2387 4148,2387 4237,2393 4327,2393 4417,2393 4506,2387 4596,2387 4685,2381 4775,2381 4864,2369 4954,2369 5043,2369 5133,2363 5222,2363 5312,2363 5401,2363 5491,2363 5580,2357 5670,2357"/>
                <TextEquiv>
                    <Unicode>oder Anzeige an das Regimentskomando.</Unicode>
                </TextEquiv>
            </TextLine>
            <TextLine id="tr_1_tl_5" custom="readingOrder {index:4;}">
                <Coords points="4339,2537 6227,2530 6290,2507 6290,2383 5686,2468 4343,2481"/>
                <Baseline points="4357,2518 4417,2524 4506,2524 4596,2524 4685,2524 4775,2524 4864,2524 4954,2518 5043,2518 5133,2518 5222,2518 5312,2512 5401,2506 5491,2506 5580,2506 5670,2506 5760,2500 5849,2506 5939,2506 6028,2506 6118,2500 6207,2495 6297,2489"/>
                <TextEquiv>
                    <Unicode>47 a. Willi sieht sich vor dem Offiziers-</Unicode>
                </TextEquiv>
            </TextLine>
            <TextLine id="tr_1_tl_6" custom="readingOrder {index:5;}">
                <Coords points="4333,2622 6017,2612 6158,2593 6158,2514 4333,2586"/>
                <Baseline points="4351,2608 4375,2608 4464,2608 4554,2608 4643,2602 4733,2602 4822,2596 4912,2590 5001,2590 5091,2596 5181,2590 5270,2596 5360,2596 5449,2590 5539,2584 5628,2584 5718,2584 5807,2584 5897,2584 5986,2578 6076,2578 6165,2578"/>
                <TextEquiv>
                    <Unicode>ehrenrat. Der Vorsitzende hat eben ein</Unicode>
                </TextEquiv>
            </TextLine>
            <TextLine id="tr_1_tl_7" custom="readingOrder {index:6;}">
                <Coords points="4346,2691 6172,2684 6194,2602 4346,2612"/>
                <Baseline points="4363,2686 4411,2686 4500,2686 4590,2686 4679,2680 4769,2674 4858,2668 4948,2668 5037,2668 5127,2674 5216,2668 5306,2668 5395,2668 5485,2662 5575,2668 5664,2662 5754,2662 5843,2662 5933,2662 6022,2662 6112,2656 6201,2656"/>
                <TextEquiv>
                    <Unicode>Dokument verlesen,zuckt die Achseln,die</Unicode>
                </TextEquiv>
            </TextLine>
            <TextLine id="tr_1_tl_8" custom="readingOrder {index:7;}">
                <Coords points="4369,2786 6467,2792 6512,2665 4369,2704"/>
                <Baseline points="4387,2757 4458,2757 4548,2757 4637,2757 4727,2757 4816,2751 4906,2751 4996,2751 5085,2751 5175,2751 5264,2745 5354,2739 5443,2745 5533,2745 5622,2745 5712,2739 5801,2739 5891,2739 5980,2739 6070,2739 6159,2739 6249,2721 6339,2715 6428,2715 6518,2715"/>
                <TextEquiv>
                    <Unicode>Offiziere entfernen sich alle, nur einer (</Unicode>
                </TextEquiv>
            </TextLine>
            <TextLine id="tr_1_tl_9" custom="readingOrder {index:8;}">
                <Coords points="4362,2858 6165,2868 6231,2763 4366,2786"/>
                <Baseline points="4381,2841 4440,2835 4530,2841 4619,2835 4709,2835 4799,2835 4888,2835 4978,2829 5067,2829 5157,2829 5246,2829 5336,2829 5425,2823 5515,2823 5604,2823 5694,2823 5783,2817 5873,2817 5963,2817 6052,2817 6142,2817 6231,2817"/>
                <TextEquiv>
                    <Unicode>reicht ihm die Hand so bleibt allein im</Unicode>
                </TextEquiv>
            </TextLine>
            <TextLine id="tr_1_tl_10" custom="readingOrder {index:9;}">
                <Coords points="4362,2953 4415,2973 4471,2953 4552,2973 4608,2950 4644,2969 4700,2953 4733,2973 4779,2956 4805,2976 4933,2966 4933,2858 4710,2865 4680,2845 4585,2878 4523,2851 4487,2874 4362,2865"/>
                <Baseline points="4381,2912 4470,2918 4560,2918 4649,2912 4739,2912 4828,2912 4918,2918 4936,2912"/>
                <TextEquiv>
                    <Unicode>Saal stehen.</Unicode>
                </TextEquiv>
            </TextLine>
            <TextLine id="tr_1_tl_11" custom="readingOrder {index:10;}">
                <Coords points="3881,3094 6440,3084 6444,2969 3884,2966"/>
                <Baseline points="3897,3079 3945,3085 4035,3085 4124,3079 4214,3079 4303,3074 4393,3074 4482,3068 4572,3074 4661,3068 4751,3068 4840,3062 4930,3062 5019,3062 5109,3062 5198,3056 5288,3056 5378,3050 5467,3050 5557,3056 5646,3056 5736,3056 5825,3050 5915,3050 6004,3044 6094,3044 6183,3044 6273,3044 6362,3044 6452,3038"/>
                <TextEquiv>
                    <Unicode>48. Weiterfahrt. Vorbei an der Spinnerin am Kreuz.</Unicode>
                </TextEquiv>
            </TextLine>
            <TextLine id="tr_1_tl_12" custom="readingOrder {index:11;}">
                <Coords points="3877,3182 6391,3160 6391,3074 6204,3051 3881,3094"/>
                <Baseline points="3897,3163 3981,3163 4070,3163 4160,3157 4249,3157 4339,3151 4428,3145 4518,3145 4608,3145 4697,3145 4787,3145 4876,3139 4966,3133 5055,3139 5145,3133 5234,3139 5324,3133 5413,3133 5503,3133 5592,3133 5682,3127 5771,3127 5861,3127 5951,3127 6040,3127 6130,3127 6219,3127 6309,3121 6398,3115"/>
                <TextEquiv>
                    <Unicode>Meuerlicher Versuch Willis Aufschub zu erlangen. Höf-</Unicode>
                </TextEquiv>
            </TextLine>
            <TextLine id="tr_1_tl_13" custom="readingOrder {index:12;}">
                <Coords points="3890,3255 5352,3241 5447,3232 5450,3163 3890,3176"/>
                <Baseline points="3909,3241 3933,3241 4023,3241 4112,3241 4202,3229 4291,3229 4381,3229 4470,3229 4560,3229 4649,3223 4739,3223 4828,3217 4918,3217 5007,3217 5097,3211 5187,3217 5276,3211 5366,3211 5455,3211"/>
                <TextEquiv>
                    <Unicode>liche Ablehnung durch den Konsul.</Unicode>
                </TextEquiv>
            </TextLine>
            <TextLine id="tr_1_tl_14" custom="readingOrder {index:13;}">
                <Coords points="3890,3323 6204,3343 6526,3291 6526,3186 3890,3251"/>
                <Baseline points="3909,3312 3933,3312 4023,3318 4112,3318 4202,3306 4291,3306 4381,3306 4470,3306 4560,3300 4649,3300 4739,3282 4828,3294 4918,3294 5007,3294 5097,3288 5187,3288 5276,3288 5366,3288 5455,3288 5545,3288 5634,3288 5724,3282 5813,3282 5903,3282 5992,3282 6082,3282 6171,3282 6261,3276 6350,3276 6440,3276 6530,3265"/>
                <TextEquiv>
                    <Unicode>Konsul Schnabel: "Ich werde Sie bei Ihrer Kaserne abset-</Unicode>
                </TextEquiv>
            </TextLine>
            <TextLine id="tr_1_tl_15" custom="readingOrder {index:14;}">
                <Coords points="3917,3409 3943,3402 3949,3409 3956,3402 3979,3409 4005,3409 4012,3402 4054,3405 4067,3392 4087,3409 4110,3409 4110,3330 4041,3330 4031,3340 4015,3330 3982,3346 3917,3333"/>
                <Baseline points="3933,3390 4023,3390 4112,3390 4118,3390"/>
                <TextEquiv>
                    <Unicode>zen.</Unicode>
                </TextEquiv>
            </TextLine>
            <TextLine id="tr_1_tl_16" custom="readingOrder {index:15;}">
                <Coords points="3890,3494 5847,3474 6414,3435 6414,3366 5188,3307 3894,3402"/>
                <Baseline points="3909,3450 3915,3450 4005,3456 4094,3450 4184,3444 4273,3438 4363,3444 4452,3438 4542,3438 4631,3432 4721,3426 4810,3426 4900,3432 4990,3426 5079,3420 5169,3420 5258,3420 5348,3414 5437,3414 5527,3414 5616,3414 5706,3414 5795,3414 5885,3408 5974,3408 6064,3408 6154,3408 6243,3402 6333,3396 6422,3396"/>
                <TextEquiv>
                    <Unicode>Frühe r Morgen. Ringstrasse. Vorbeimarschierendes Re-</Unicode>
                </TextEquiv>
            </TextLine>
            <TextLine id="tr_1_tl_17" custom="readingOrder {index:16;}">
                <Coords points="3890,3586 4271,3520 4520,3559 4946,3507 5241,3553 5273,3422 3890,3491"/>
                <Baseline points="3909,3539 3939,3533 4029,3533 4118,3527 4208,3527 4297,3515 4387,3515 4476,3515 4566,3509 4655,3509 4745,3509 4834,3509 4924,3503 5013,3503 5103,3497 5193,3497 5282,3497"/>
                <TextEquiv>
                    <Unicode>giment. Willi wendet sich ab.</Unicode>
                </TextEquiv>
            </TextLine>
            <TextLine id="tr_1_tl_18" custom="readingOrder {index:17;}">
                <Coords points="3897,3704 5536,3684 5539,3540 3900,3628"/>
                <Baseline points="3915,3682 3933,3682 4023,3682 4112,3676 4202,3670 4291,3670 4381,3670 4470,3670 4560,3664 4649,3664 4739,3658 4828,3653 4918,3653 5007,3653 5097,3647 5187,3647 5276,3641 5366,3641 5455,3647 5545,3653"/>
                <TextEquiv>
                    <Unicode>49. Der Wagen hält vor der Kaserne.</Unicode>
                </TextEquiv>
            </TextLine>
            <TextLine id="tr_1_tl_19" custom="readingOrder {index:18;}">
                <Coords points="3910,3792 5690,3736 6188,3861 6231,3618 3910,3704"/>
                <Baseline points="3927,3766 3999,3760 4088,3766 4178,3760 4267,3760 4357,3760 4446,3754 4536,3754 4625,3754 4715,3754 4805,3748 4894,3742 4984,3736 5073,3730 5163,3730 5252,3730 5342,3730 5431,3730 5521,3730 5610,3730 5700,3724 5789,3724 5879,3724 5968,3724 6058,3724 6148,3724 6237,3724"/>
                <TextEquiv>
                    <Unicode>Willi steigt aus, gibt dem Kutscher ein Trinkgeld.</Unicode>
                </TextEquiv>
            </TextLine>
        </TextRegion>
    </Page>
</PcGts>
