6680 4232
3909 579 6264 728 Schnabel reicht Willi die Hand: „Also morgen Mittag
3915 690 4387 785 zwölf Uhr.
3912 760 5925 864 Der Fiaker mit Konsul Schnabel fährt davon.
3915 848 6238 997 50. Willi vorbei an der Wache, durchs Kasernhoftor.
3909 984 6112 1073 Eine Kompagnie mit einem Kadetten an der Spitze
3902 1054 6336 1162 an Willi vorbei. Kadett kommandiert: „Rechts schaut!"
3909 1133 6207 1222 Willi dankt salutierend. Kompagnie ab. Willi vor-
3909 1219 6207 1310 bei an der Kantine. Salutierende Soldaten. Weiter
3909 1288 6327 1383 längs der Mauer zur Tür des Offizierstraktes. Stiege
3896 1513 4273 1649 fertig.'
6042 1598 6210 1687 in
3893 1624 6207 1779 51. Willi ins Zimmer, versperrt die Türe, legt Rock
3909 1766 6080 1880 ab, wirftsich sonst angekleidet aufs Bett. Die
3902 1823 4855 1950 Augen fallen ihm zu.
4327 1931 6390 2092 52 a. Vor den Augen Willis tanzen die Karten
4308 2057 4659 2165 vorbei.
3909 2212 6248 2317 Bursch bringt den Kaffee, rückt den Tisch ans Bett,
3909 2291 5947 2380 schenkt ein. "Melde gehorsamst,7 Uhr Schul';
3909 2348 6283 2459 Willi: "Melden Sie mich marod. Um 9 aufwecken."
3896 2447 4820 2554 Offiziersdiener ab.
3896 2507 5447 2617 Willi schliesst wieder die Augen.
3694 2583 6238 2709 Wieder die Karten in rasendem Flug an ihm vorüber.
3896 2674 6355 2792 Fräulein Kessner als Herz-Königin, Fräulain Rihoschek
3893 2750 6014 2848 als Pique-Dame, Schnabel als Pique -Bub u.s.w.
3893 2839 6425 2988 53. Vor der Alserkirche Bogner hin und her in grosser
3893 2972 4390 3083 Aufregung.
3988 3023 6406 3174 Eventuell hat Willi dem Offiziersdiener aufgetragen
3874 3121 6235 3222 Bogner mitzuteilen, dass er.Willi, nichts ausgerich-
4937 3203 6270 3352 11 kommt der Offiziersdiener,
3887 3209 4960 3368 tette hebt seinen Mutter
4998 3292 6165 3459 und Bogner geht ziemlich
3877 3361 4754 3516 verzweifelt davon.
3893 3529 6381 3703 54. Willi schreckt aus dem Schlafe auf, da es geklopft
3864 3624 6292 3785 hat. Offiziersdiener tritt ein und ist dem Leutnant
