6584 4360
5891 367 6053 539 12
3823 602 4440 774 Dritter Akt.
3678 740 4897 933 44. Fiakerfahrt nach Wien.
3856 786 6231 1011 Konsul Schnabel und Willi im xxxx offenen Wagen.
3871 963 5945 1114 Fahrt durch die Stadt, Viaaukt, Reichsstrasse.
3889 1017 6240 1240 Schweigen zuerst, ängstlich-unsichere Blicke Willis
3651 1168 4611 1306 zum auf den Konsul.
3889 1195 5045 1376 Gezwungene Konversation.
3889 1282 5222 1439 Schnabel: “Etwas kühl heute”.
3901 1294 6312 1550 Willi: "Morgenluft. Unsereins kennt das von den manö
3898 1490 4334 1598 vern her.
3889 1574 6204 1725 Konsul Schnabel freundlich:“Ich erwarte Ihre Zan-
3895 1523 4714 1674 Wieder Schweigen.
3907 1652 6080 1824 lung Dienstag Mittags 12 Uhr in meinem Bureau.
3913 1779 4924 1908 Gibt ihm seine Karte:
3904 1773 6134 1975 Honsul Schnabel,Wien 1.Helfersdorferstrasse 5.
3925 1908 5541 2053 Willi: Ich wollte Sie eben bitten.
3931 2011 5304 2125 Ersucht Aufschub zu erhalten.
3925 1999 6192 2206 Honsul xxxx Schnabel immer freundlich, aber ent¬
3934 2083 6201 2303 schieden abwehrend: "Ihre Eltern werden Sie nicht
3931 2248 4762 2360 in Stich lassen."
3937 2261 5617 2423 Willi:“Ich habe keine Eltern mehr.“
3931 2339 5836 2501 Konsul Schnabel xxxx bedauernde Geste.
3949 2405 6366 2613 Willi: "Mein Vater war Oberstleutnant. Meine Carrie-
3955 2552 4759 2679 re vorgezeichnet.
3955 2528 6330 2736 Konsul: "Meine nicht. War oft tief unten, sehr tief.
3952 2640 6225 2817 Wenn Ihre Herren Kameraden wüssten, wiexx tief.
3955 2739 5692 2893 Aber sie haben sich nicht erkundigt.
3973 2805 6140 2959 Willi, unsicher, weiss nicht wie sich, benennen.
3964 2881 6243 3076 Willi: "Würden Herr Konsul nicht auf Ratenzahlung
3973 2962 6192 3136 eingehen? Oder einige Wochen warten? Mein Unkel
3979 3046 5866 3215 ein reicher Privatier würde garantieren.
3982 3160 5556 3305 Konsul Schnabel: "Dienstag 12 Uhr.
3985 3260 6291 3437 Fahrt in der Nacht. Reichsstrasse. An kleinen Häu-
3985 3278 4497 3374 Schweigen.
3979 3398 4768 3540 sern vorbei, etc.
3982 3443 5617 3600 Dann vorbei an einer Strafanstalt.
4006 3558 5054 3678 Justizwache salutiert.
3997 3540 6074 3756 Blick Konsul Schnabels auf die Strafanstalt.
4262 3615 6411 3853 45.a Zwischenbild. Konsul Schnabel sieht sich
