6520 4296
3911 652 6248 914 bung. Ver deutlichung und oft-durch den Kontrast -
3905 861 5849 1097 zur filmischen Wirkung beitragen können.
3885 1056 5174 1263 Wie z.B. 32,34,39,119 etc.
3905 1211 6067 1403 2. Zwischenbilderderch die Erzählungen.Mittei-
3911 1379 6053 1566 lungen der Hauptfiguren im Bilde festgehalten
3908 1536 5960 1737 werden,die also in eine nähere oder fernere
3914 1694 5253 1894 Vergangenheit zurückgreifen.
3908 1842 6137 2034 Es wäre natürlich in vielen Fällen sehr einfach
3917 1932 5954 2185 solche Bilder chronologisch an eine frühere
3917 2142 5963 2343 Stelle zu setzen, doch gerade dadurch würden
5229 2241 5596 2366 be obrichtig
3911 2322 5998 2497 solche Bilder manchmal ihre eigentliche Wir-
3917 2471 6035 2651 kung verlieren. Eine sogenannte Vorgeschichte
3923 2622 6137 2823 wird manchmal erst d adurch interessant,dass
3917 2759 6059 2965 sie an einer späteren Stelle eingeführt wird,
3931 2922 6143 3128 wenn der Leser, resp.Zuschauer zu den betreffen-
3931 3073 6166 3271 den Personen schon eine Beziehung gefunden hat.
3917 3227 6064 3428 3. Als Zwischenbilder bezeichne ich auch die-
3937 3393 6146 3608 jenigen, durch die Erinnerungen oder Zukunftage-
3923 3588 6096 3766 danken,also durchaus innere Vorgänge der han-
3940 3699 6190 3914 delnden Figuren deutlich gemacht x und lebendig
