6568 4376
5778 350 5933 519 11
3793 624 5930 762 42. Zwischenbila. Das Kafieehaus. Der einsame
3808 720 5922 872 Spieltisch. Kellner der letzte Ordnung macht.
3813 804 6077 940 Ausschalten des Lichtes, zieht sich den Ueberzie-
3813 889 6082 1027 her an,verlässt das Kaffeehaus, geht dann allein,
3822 965 5848 1135 eine Eigarette rauchend, über die nächtliche
3819 1073 4208 1211 Strasse.
3822 1166 6060 1338 43. Die leere Terrasse vor dem Café Schopf. Ein
3824 1279 5670 1439 verspätetes Liebespaar, das vorbeikomnt.
4375 1383 5363 1575 Schluss des 2. Aktes.
