6744 4296
3796 631 4527 914 gemacht werden.
3805 794 6115 1012 (z.B.wenn " Leutnant Kasda den Oberleutnant Otto
3809 953 6063 1086 v.Bogner sich von der Kartenpartie erheben sieht
3822 992 6154 1161 (2b). Oder wenn der Leutnant Kasda sich als Gewin-
3805 1103 5884 1259 ner in Zukunftsträumen wiegt (19a-d) u.s.w.)
3805 1249 6170 1438 Ob und in welchen Fällen solche Zwischenbilder, be-
3796 1379 6225 1590 sonders von der 2.und 3.Art,sich in der Geschwindig-
3799 1535 6225 1721 keit des Aplaufs und technisch von den Hauptbildern
3815 1737 6212 1867 zu unterscheiden haben, bleibt der Erwägung und Aus-
3809 1838 5243 2059 führung im Detail vorbehalten.
5890 1890 6326 2056 vorläufig
3809 2026 6307 2189 Von "Titeln" habe ich in der vorliegenden Skizze zum
3805 2166 6411 2345 grossen Teile abgesehen. Hier scheint mir ganz im Aller-
3857 2322 6255 2537 gemeinen viel mehr Zurückhaltung geboten als geübt
3812 2465 6333 2667 zu werden pflegt und als Prinzip könnte gelten lieber
3812 2644 5493 2826 3 Bilder mehr als 1 Titel zu viel.
3812 2787 6307 2976 Hingegen dürfte meines Erachtens von ganz
3825 2921 6346 3096 Ueberschriften,wie z.B. "Zur gleichen Stunde“ - oder:
3848 3070 6336 3321 "Leutnant Kasda erinnert sich"- Ueber-schriften,die
3805 3243 6264 3438 xxx bei dem denkschwächeren Publikum manches Miss-
3835 3402 6446 3623 verständnis auf die einfachste Weise beseitigen könnten
3825 3588 6264 3727 und niemals stören - öfter Gebrauch gemacht werden,
4417 3698 4645 3799 chen
3828 3698 5012 3955 als es zu geschient. pflegt.
