6696 4232
3957 562 5950 752 67. Willi nimmt Abschied von seinem Onkel.
3963 699 5852 824 Robert Wilram verdüstert zurückbleibend.
3963 801 6180 962 68. Willi über die Stiege, xxx winkt einem Wagen.
3963 956 6226 1133 69. Willi vor einer Türe, auf der zu lesen steht!
3944 1084 4535 1205 Meldungsamt.
3963 1139 6282 1271 Willi im Bureauein Polizeibeamter ist beschäftigt
3970 1235 6347 1333 nachzusehen, gibt ihm einen Zettel, auf dem geschrie-
3970 1297 6364 1422 ben steht: „Leopoldine Wilram, geborene Lebus, verhei-
3973 1382 6325 1497 ratet, 26 Jahre, Häuservermittlungen etc.IX. Zimmer-
3963 1471 4587 1583 manngasse 15.
3973 1501 5435 1642 Willi dankt und empfiehlt sich.
3730 1576 6370 1750 69 a Willi vor dem Tor auf der Treppe des Hauses Zimmer-
3967 1704 6282 1813 manngasse. Vor der Türe. Auf der Tür ein Schild:
3970 1777 5756 1905 Leopoldine Wilram,Häuservermittlungen.
3973 1855 6193 1967 Willi lautet. Stubenmädchen öffnet. Er gibt ihr
3973 1931 5618 2062 seine Karte, tritt in das Vorzimmer.
3980 2039 6426 2187 70. Leopoldine, kaum zu erkennen, Zwicker etc., sitzend
3963 2154 6180 2272 an einem langen Schreibtisch mit Akten etc. Sie
3973 2213 6338 2358 spricht mit einem Solizitator oder dergleichen, den
3963 2308 5100 2420 sie schlecht behandelt.
3980 2338 5996 2489 Stubsemädchen tritt ein, gibt ihr die Karte.
3957 2443 6219 2594 Sie sieht die Karte an, weiss zuerst nicht recht,
4006 2555 5096 2663 dann erinnert sie sich.
3957 2597 5816 2748 Karte: “Wilhelm Kasda etc. (wie früher) 1
4006 2689 4890 2817 Leopoldine:Warten.
3973 2781 4775 2877 Stubenmädchen ab.
3973 2831 6091 2978 Leopoldine spricht weiter xxxx mit dem Andern.
3963 2955 6045 3100 71. Stubenmädchen bringt Willi den Bescheid.
3970 3051 6233 3218 Willi ungeduldig hin und her,betrachtet sich die
3970 3156 5812 3277 bureauhafte Ausstattung des Vorzimmers.
3973 3241 4827 3326 Türre Öffnet sich.
3973 3290 6269 3435 Leopoldine tritt heraus, Willis Karte in der Hand,
3970 3379 5618 3477 der Besucher,den sie verabschiedet.
3973 3455 6275 3583 Sie wendet sich, fast ohne die Miene zu verziehen,
3970 3540 6101 3652 an Willi: "Bitte,Herr Leutnant”. Sie geht ins
3973 3612 5064 3770 Bureau, Willi folgt ihr.
