6584 4536
5857 416 6013 578 31
3917 746 6166 949 115. Regimenten, das von der Uebung kommend, durch
3905 766 4191 905 Ruxix
3917 884 5771 1085 das Tor in den Kasernhof einmarschiert.
3929 1008 6160 1176 116. Bogner verlässt das Zimmer, hinab, Kasernhof
3935 1123 5801 1300 längs der Mauer, dem Regiment begegnend.
3941 1223 6034 1432 117. Zimmer Willis. Der Bursch an der Leiche
3964 1365 5132 1509 Willis wie Wache stehend.
3950 1421 6036 1571 Robert Wilram sieht jetzt erst die Reste des
3953 1515 5332 1668 Æbendessens,die zwei Gedecke.
4810 1553 5541 1712 Winnungsbild:
4239 1651 6225 1795 118 a. wie 62 a.: Das vorstädtische Volks-
4236 1707 6072 1881 sängerlokal. Robert und Willi an einem
4241 1783 6078 1963 kleinen Tisch, Clown auf dem Podium, Leo¬
4247 1863 6101 2066 poldine als Blumenmädel tritt zu Robert
4256 1925 6151 2113 und Willi, Robert kauft ihr Blumen ab und
4256 2025 6066 2175 sie kokettiert mit dem Leutnant Willi.
4256 2116 6140 2255 118 h. Wiederholung des Bildes 104: Leo-
4268 2181 6031 2343 poldine in das Zimmer Wilrans tretend
4271 2264 5972 2452 und ihm das Geld für Willi bringend.
3947 2387 6314 2585 118. Robert mit Blick auf den Tisch, zum Burschen:
3970 2482 6187 2662 "Der Herr Leutnant hat gestern noch Damenbesuch
3970 2632 6175 2803 Bursch: "Damenbesuch? O nein. Ein Herr Kamerad."
3973 2641 4351 2750 gehabt?"
3953 2715 6319 2880 Robert Wilramn beruhigt sich, sein Verdacht schwin-
3961 2886 6143 3083 Bursch steht öplötzlich stramm: Die Kommission.
3976 2880 4165 2980 det.
3970 3018 6101 3201 119. Das marschierende Regiment im Kasernhof.
3979 3172 6199 3360 120. Die Kommission; zwei Offiziere, ein Auditor
4006 3242 6367 3454 treten ein. Die Öffiziere salutieren vor dem toten
3988 3422 4289 3543 Willi.
5011 3522 5320 3658 Ende
