6696 4232
4399 617 6282 767 64 c. Trauung Wilram und Leopoldine: sie
4399 767 6328 865 steigen als junges Ehepaar vor der Kirche
4405 822 5028 957 in den Wagen.
4411 963 6264 1061 64 d. Beim Notar. Robert Wilram und Leo-
4411 1064 6319 1150 poldine. Hobert unterschreibt eben etwas,
4405 1132 6230 1221 Dokument: (in Grossschrift sichtbar)“Ich
4405 1212 6227 1301 verschreibe meiner Gattin mein gesamtes
4411 1288 6325 1383 Vermögen im Betrage von.... Sie übernimmt
4399 1353 6190 1472 dagegen die Verpflichtung mir am 1.und
4399 1436 6061 1571 15. jeden Monats...... zu überweisen.
3844 1571 6282 1681 65. Willi: "Willet du mich deiner Frau Gemahlin nicht
3844 1663 4368 1770 vorstellen?
3828 1736 6288 1871 Robert: "Wir wohnen nicht zusammen. Sie besucht mich
3844 1825 4831 1923 nur von Zeit zu Zeit.
3831 1899 4702 2021 Ätttt xxx
4399 2018 5341 2163 Willi erinnert sich:
4399 2095 6328 2218 66 a. Zuerst Wiederholung des Bildes 62 a
4399 2202 6331 2341 (Willi mit seinem Onkel bei den Volkssän-
4399 2279 4641 2380 gern (
4390 2344 6365 2479 66 b. Willi trifft Leopoldine vor dem Ein-
4411 2448 6172 2521 gang des Lokals.geht mit ihr durch die
4393 2518 6156 2601 Strassen bis zu einem kleinen Gasthof.
4393 2589 6322 2693 täxstäxäyttännta.
4390 2678 5675 2798 ζακκακαζκατκαλαλκαικαται καὶ
4399 2739 6270 2850 66 c. Aermliches Hotelzimmer. Leopoldine
4393 2825 4868 2933 schlafend.
6166 2825 6347 2945 For
4405 2859 6295 2997 Willi zum Fortgehen angezogen am Bett,eie
4390 2988 6261 3077 erwacht, will ihn nicht fortlassen. Echte
4390 3071 6227 3160 Zärtlichkeit ihrerseits. Willi: Dienst.
4390 3138 6258 3242 Küsst sie rasch noch einmal. An der Türe
4393 3215 6245 3304 fällt ihm etwas ein,er nimmt aus seinem
4393 3279 6218 3411 Portemonnaie eine Banknote und legt sie
4390 3377 5985 3494 unbemerkt von ihr auf die Kommode.
4371 3475 6408 3638 (Diese Erinnerungsbilder Willis vielleicht
4365 3610 6141 3736 besser erst nach seinem Fortgehen von
4371 3690 4997 3813 seinem Onkel
