6728 4264
3811 575 4551 841 gemacht werden.
3827 679 6121 929 (z.B.wenn X Leutnant Kasda den Oberleutnant Otto
3821 861 6082 1001 v. Bogner sich von der Kartenpartie erheben sieht
3840 936 6179 1069 (2b). Oder wenn der Leutnant Kasda sich als Gewin-
3811 1001 5896 1205 ner in Zukunftsträumen wiegt (19a-d) u.s.w.)
3821 1173 6195 1332 Ob und in welchen Fällen solche Zwischenbilder, be-
3824 1316 6251 1478 sonders von der 2.und 3.Art,sich in der Geschwindig¬
3837 1468 6260 1611 keit des Aplaufs und technisch von den Hauptbildern
3847 1563 6254 1836 zu unterscheiden haben, bleibt der Erwägung und Aus-
3830 1806 5266 1959 führung im Detail vorbehalten.
5857 1764 6244 1940 vorläufig.
3847 1855 6322 2105 Von "Titeln" habe ich in der vorliegenden Skizze zum
3843 2050 6416 2245 grossen Teile abgesehen. Hier scheint mir ganz im All-
3898 2190 6296 2401 gemeinen viel mehr Zurückhaltung geboten als geübt
3850 2368 6371 2567 zu werden pflegt und als Prinzip könnte gelten lieber
3869 2557 5533 2752 3 Bilder mehr als 1 Titel zu viel.
3856 2690 6348 2888 Hingegen dürfte meines Erachtens von ganz
3869 2839 6381 3008 Ueberschriften,wie z.B. "Zur gleichen Stunde" - oder:
3911 3005 6342 3177 "Leutnant Kasda erinnert sich"- Ueber-schriften,die
3882 3148 6306 3343 bei dem denkschwächeren Publikum manches Miss-
3889 3310 6494 3502 verständnis auf die einfachste Weise beseitigen könnten
3889 3427 6319 3681 und niemals stören - öfter Gebrauch gemacht werden,
4454 3613 4698 3700 chen
3898 3616 5078 3830 als es geschient plagt.
