6600 4456
295 990 475 1153 G.F.P.
300 1322 475 1439 en lis
283 1419 452 1554 1787
3817 667 4933 844 Erinnerst du dich noch?
4177 793 6000 961 62 a. Vorstädtisches V-olkssängerlokal.
4203 890 6157 1039 Zwei Volkssänger auf dem P trdium, die Duett
4215 1004 5788 1113 singen. Applaudierendes Publikum.
4215 1033 6163 1179 Robert Wilram und sein Neffe Willi,um et-
4215 1142 6040 1262 wa 6 Jahre jünger, treten ein, nehmen an
4217 1242 5522 1336 einem kleinen Tische Platz,
4215 1279 6089 1408 Neue Programmnummer. Auf dem Podium ein
4240 1371 6206 1494 Clown, der auf Gläsern spielt oder derglei-
4243 1494 4489 1585 chen.
4240 1474 6129 1665 Leopoldine, ein Blumenmädel, erscheint, war
4229 1588 6220 1725 früher schon bei anderen Tischen zu sehen,
4235 1660 6100 1788 tritt jetzt an den Tisch von Robert und
4235 1757 6011 1886 Willi. Robert kauft ihr Blumen ab,sie
4235 1780 6215 1960 kokettiert mit dem Leutnant,geht dann wie-
4238 1940 5310 2049 der zu anderen Leuten.
4249 2054 4506 2203 xxxx
3823 2080 6120 2309 63. Willi, in dessen Antlitz sich eine Erinnerung
3843 2269 4272 2401 spiegelt.
4315 2332 6129 2486 64 a. Eleganteres Variétélokal, Robert
4312 2446 5634 2592 Wilram allein in einer Loge,
4309 2524 6246 2644 Leopoldine viel eleganter als im vorheri-
4315 2612 6189 2735 gen Bild, als Blumenverkäuferin,tritt in
4318 2698 6157 2815 die Loge, Erkennen. Robert lädt sie ein,
4315 2775 6355 2890 sie setzt sich an seinen Tisch,geht wieder,
4323 2818 6272 2970 kommt zurück, er macht ihr den Hof, sie ist
4326 2904 6246 3042 spröde, verschwindet, er sucht nach ihr in
4320 2990 6361 3110 den Logengängen etc., findet sie nicht mehr.
4323 3084 6286 3259 64.b. Begegnung Robert und Leopoldine auf
4326 3230 6300 3348 der Strasse. Sie gehen miteinander in ein
4332 3308 6272 3411 Restaurant, eventuell Cabinet particulier.
4338 3376 6240 3508 Robert versucht zärtlicher zu werden, sie
4332 3451 6149 3582 gibt bis zu einem gewissen Grade nach,
4338 3557 5156 3702 läuft dann davon.
