6616 4536
3982 707 5545 892 läutet an der Tür. Niemandöfinet.
3996 770 6119 977 Der Bursch kommt herauf, öffnet die Türe, beide
4001 947 4733 1063 in den Vorraum.
4012 925 6039 1129 Bursch: "Herr Leutnant hat gebeten nicht vor
4009 1082 4981 1209 12 wakxxxxx wecken.
4015 1093 6036 1284 Tugut sieht auf die Uhr,schüttelt den Kopf,
4004 1232 4967 1381 Bogner komt herauf.
4023 1273 5346 1452 Bogner und Tugut schweigend.
4026 1336 6058 1513 Nach einigem Zögern reicht Tugut Bogner die
4026 1502 4274 1607 Hand.
4012 1532 5003 1662 Tugut: "Sie wissen-?"
4029 1568 6072 1773 Bogner:“ Ich glaube,er hat sich das Geld ver-
4062 1687 6249 1903 Tugut ungeduldig und doch besorgt,klopft an die
4048 1712 4509 1847 schafft."
4062 1806 6202 1983 Türe immer wieder. Nichts rührt sich. Man ver-
4048 1875 6191 2065 sucht die Türe aufzumachen. Tugut schickt den
3921 2007 5625 2151 Bürschenr um den Regimentsschlosser.
4067 2038 5674 2203 Tugend und Bogner unruhig wartend.
4084 2101 6196 2286 Bursch kommt dem Regimentsschlosser. Die Türe
4081 2237 4898 2422 wird aufgesperrt.
4098 2344 6235 2524 113. Am Kasernhoftor. Robert Wilram eilig kom-
4089 2430 5583 2651 mend, rasch durch den Kasernhof.
4103 2560 6213 2750 114. Zimmer Willis. Willi in der Ecke des Di-
4117 2629 6229 2830 vans lehnend, tot, herabgesunkener Arm,Revolver
4120 2814 4567 2919 am Boden.
4128 2816 5815 2982 Tugut und Bogner treten vor ihn hin,
4117 2899 5636 3054 Der Offiziersbursch fassungslos,
4125 2955 6334 3128 Robert Wilram tritt ein. Versteht zuerst nicht,
4147 3029 6066 3211 tritt vor Willi hin mit einem Couvert. Er
4139 3084 6307 3283 zieht die Bankoten heraus. Tugut wehrt weitere
4139 3181 6359 3363 Annäherung ab: "###
4156 3283 6221 3449 Alles hat zu bleiben wie es war.
4150 3369 6133 3515 Vorher flüchtige Untersuchung durch Tugut.
4150 3449 6196 3598 Zum Burschen: "Sie sind dafür veranwortlich.
4164 3554 6238 3766 Bogner zu sich: „Woher hat er die 1000 Gulden
4164 3587 4705 3697 Tugut geht.
4161 3730 4523 3885 gehabt?
