6504 4312
3678 626 4700 823 Spiel im Morgengrauen
3684 740 4310 850 für den Film.
3684 921 5959 1087 1. Kasernhof,Kamine rückwärts,dürftig, ein Baum,
3696 967 6103 1145 Sonntag-Morgen, Sich entfernende Soldaten, eventuell
3702 1133 4166 1240 Offiziere.
3696 1142 6165 1302 Offiziersdiener des Leutnant Willi Kasda im Gespräch
3702 1246 6069 1385 mit Otto von Bogner, etwas ramponiert, ge-
3702 1286 6115 1455 wesener Ofiizier. Diener: Der Herr Leutnant schläft
3709 1412 4986 1572 noch. (Nicht ohne Devotion)
3721 1507 4574 1630 Bogner insistiert.
3715 1553 5176 1685 Offiziersdiener gibt nach, geht.
3715 1587 6115 1799 Bogner mit aufgestelltem Kragen hin und her,deutit-
3709 1756 4335 1897 ohre Erregung.
3709 1851 5526 2011 2. Im Offizierszimmer von Willi Kasda.
3727 1968 4728 2066 Willi noch schlafend.
3721 2011 5023 2161 Heruntergezogene Jalousien.
3727 2069 6082 2223 Offiziersdiener nach vorherigem Klopfen tritt ein.
3736 2155 6039 2349 Etwas ängstlich zu Willis Bett. Versucht ihn auf-
3739 2299 4166 2398 zuwecken.
3730 2327 5676 2468 Willi erwacht allmählig,höchst ärgerlich.
3739 2398 5772 2539 Offiziersdiener gibt ihm die Karte Bogners.
3752 2493 5013 2613 Willi: Jalousien aufziehen.
3733 2542 6033 2689 Off.Diener zieht, Licht im Zimmer, Meublement wird
3752 2692 6088 2852 Willi,bewegt,unschlüssig,gibt endlich dem Off-Die-
3733 2683 4197 2784 deutlich.
3758 2791 5563 2935 ner den Auftrag Bogner hereinzuführen.
3764 2861 6039 3006 Willi erhebt sich rasch,macht flüchtig Toilette.
4049 2916 6223 3082 Jetzt eventuell inneres Bild für Willi: Bogner
3865 2996 6085 3144 26. in Oberleutrantsuniform, xxx bei einer
4031 3079 6168 3224 Kartenpartie, von der er sich als Verlierender
4089 3177 6149 3316 erhebt. Die Spielgenossen, die ihm mitleidig
4043 3254 6146 3402 nachsehen. ¼Auf der Visitekarte Bogners ###
4049 3309 6174 3475 l: Beamter der Elektrizitätsgeselischaft,
5059 3411 5363 3515 twinted
4040 3454 4304 3561 Lux.
3773 3451 5532 3663 Willi zum Fenster, an den Hof sehend.
5201 3567 5498 3675 erregt
3770 3598 6109 3795 3. Kasernhof. Bogner wie früher hin und her. Off.
3767 3687 6155 3917 Diener tritt zu ihm, bringt ihm Willis Einverständ-
