6696 4232
6075 473 6244 632 15
4001 712 5476 848 beim Anziehen etwas behilflich.
3995 810 6359 943 Willi: Was soll ich tun? Ich muss bei Onkel Robert
3995 904 5328 1002 Wilram einen Versuch machen.
3989 972 6359 1079 Hin und her in grosser Erregung, dann sitzt er eine
3995 1076 6341 1176 Weile auf dem Bett, die Hände vor den Augen, Erinne-
3995 1149 4947 1247 rungen an den Onkel.
4412 1280 6247 1404 55 a. Robert Wilram in jüngeren Jahren,
4412 1392 6268 1478 etwa 10 Jahre vorher, aus dem Friedhofs-
4418 1466 6398 1545 tor tretend mit Willi als Kadettenschüler.
4412 1513 6140 1610 Robert:“Sei unbesorgt,ich werde dich
4400 1602 5186 1711 nicht verlassen.
4406 1664 6297 1767 55 b. Robert Wilram in seinem Zimmer vor
4418 1735 6341 1844 illustrierten Werken, sein Neffe Willi be-
4424 1850 6208 1921 sucht ihn. Robert Aquarelle oder der-
4412 1894 6347 1998 gleichen ihm zeigend. Sie gehen miteinan-
4412 1998 6123 2080 der weg. Spaziergang im Volksgarten.
4412 2074 6315 2151 55 c. Robert und Willi zusammen in einem
4406 2136 5620 2252 Theater auf Pärkettsitzen
4424 2196 6247 2320 55 d. Robert und Willi in einem Vergnü-
4435 2293 6412 2397 gungslokal. Dasselbe, das in einem späteren
4412 2379 6188 2473 Bild auftaucht, aber weniger dezidiert
4418 2447 5614 2541 und noch ohne Leopoldine.
4412 2485 6321 2633 55 e. Willi bei der Türe von
4412 2600 6247 2698 Roberts Wohnung anklingelnd, das Stuben-
4400 2677 6217 2781 mädchen öffnet: „Herr Wilram ist leider
4400 2745 5919 2852 nicht zuhause." Willi befremdet.
4406 2849 6347 2934 55 f. Willi in seinem Offizierszimmer,er-
4397 2928 6353 3014 hält einen Brief: "Leider bin ich gezwun-
4412 2996 6129 3085 gen, lieber Willi, wegen grundlegender
4418 3058 6265 3171 Veränderung meiner Verhältnisse weitere
4412 3144 6347 3242 Zuwendungen selbst an nächststehende Per-
4406 3206 6211 3310 sonen einzustellen." Willis Erstaunen.
4415 3310 5877 3422 Er muss sich aber darein fügen.
3936 3422 6211 3552 Jetzt nimmt Willi die Hände vom Gesicht fort und
3954 3531 5739 3614 befindet sich wieder in der Gegenwart,
3948 3605 6253 3688 Es bleibt mir nichts übrig. ich muss es versuchen.
3948 3670 6235 3794 Und Bogner?- Ich werde den Onkel gleich um 12000
3948 3759 4302 3880 bitten.
