6568 4456
3852 652 5326 837 beim Anziehen etwas behilflich.
3861 755 6216 913 Willi: Was soll ich tun? Ich muss bei Onkel Robert
3861 881 5182 995 Wilram einen Versuch machen.
3861 854 6216 1083 Hin und her in grosser Erregung, dann sitzt er eine
3873 1001 6219 1166 Weile auf dem Bett, die Hände vor den Augen.Erinne-
3873 1125 4827 1283 rungen an den Onkel.
4302 1183 6140 1377 55 a. Robert Wilram in jüngeren Jahren.
4296 1310 6134 1459 etwa 10 Jahre vorher, aus dem Friedhofs-
4296 1401 6289 1515 tor tretend mit Willi als Kadettenschüler.
4296 1456 6016 1612 Robert: “Sei unbesorgt, ich werde dich
4302 1583 5080 1694 nicht verlassen.
4302 1597 6201 1747 55 b. Robert Wilram in seinem Zimmer vor
4313 1682 6219 1838 illustrierten Werken, sein Neffe Willi be-
4310 1771 6110 1926 sucht ihn. Robert Aquarelle oder der-
4322 1800 6245 1997 gleichen ihm zeigend. Sie gehen miteinan-
4322 1950 6019 2064 der weg. Spaziergang im Volksgarten.
4325 1941 6234 2135 55 c. Robert und Willi zusammen in einem
4325 2079 5558 2234 Theater auf Parkettsitzen.
4337 2096 6184 2293 55 d. Robert und Willi in einem Vergnü-
4337 2182 6328 2367 gungslokal. Dasselbe, das in einem späteren
4337 2290 6102 2446 Bild auftaucht, aber weniger dezidiert
4328 2402 5520 2563 und noch ohne Leopoldine,
4349 2414 6242 2604 55 e.  Willi bei der Türe von
4331 2557 6184 2672 Roberts Wohnung anklingelnd, das Stuben-
4337 2619 6149 2784 mädchen öffnet: "Herr Wilram ist leider
4349 2707 5867 2842 nicht zuhause." Willi befremdet.
4363 2769 6278 2916 55 f. Willi in seinem Offizierszimmer,er-
4354 2845 6284 3001 hält einen Brief: "Leider bin ich gezwun-
4375 2939 6066 3068 gen, lieber Willi, wegen grundlegender
4375 2995 6207 3148 Veränderung meiner Verhältnisse weitere
4354 3074 6295 3215 Zuwendungen selbst an nächststehende Per-
4375 3180 6172 3303 sonen einzustellen." Willis Erstaunen.
4354 3283 5843 3391 Er muss sich aber darein fügen,
3908 3321 6178 3559 Jetzt nimmt Willi die Hände vom Gesicht fort und
3908 3479 5711 3626 befindet sich wieder in der Gegenwart.
3902 3521 6225 3711 Es bleibt mir nichts übrig, ich muss es versuchen.
3917 3609 6190 3785 Und Bogner? - Ich werde den Onkel gleich um 12000
3920 3779 4272 3902 bitten.
379 3867 702 3982 G.C.H.F.P
