6584 4328
3697 657 6049 858 Dr.Flegmann "Das Spiel ist und bleibt ein Laster."
3722 753 6033 945 Wimmer: "Nur wenn man verliert und nicht bezahlen
3712 933 4053 1032 kann. - "
4595 858 6139 1088 "Dann ist es kein Laster, sondern
3725 982 4478 1097 Konsul Schnabel:
3715 1010 5240 1178 ein Betrug, nur eine feigere Art,
3718 1109 5522 1258 Willi hat sich sehen zu ihnen gesetzt:
3725 1153 6201 1326 Elrief kommt, jetzt auch und setzt sich an den Tisch
3718 1289 4955 1432 Heitere Laune, ma n trinkt.
3725 1292 6105 1469 An einem anderen Tische die Familie Kesser mit Be-
4614 1354 6101 1543 Willi bemerkt sie nicht. Willi
3740 1438 6235 1645 sieht auf die Uhr: "Ich muss leider nach Wien fahren."
3734 1456 4515 1587 kannten sichtbar
3740 1525 6201 1726 Konsul Schnabel: "Mein Wagen bringt Sie an die Bahn."
3740 1695 4912 1794 Willi verabschiedet sich.
3737 1680 6216 1859 An Kessers Tisch vorbei. Man begrüsst ihn. Er bleibt
3762 1803 5993 1965 stehen, unterhält sich eine Weile mit den Damen,
3771 1828 6222 2058 Vom andern Tisch, insbesondere Konsul Schnabel, blickt
3808 1952 5327 2110 man zu ihm hin. (Nicht wesentlich)
3802 1977 6216 2209 muss sich.endlich verabschieden. Küsst den Da-
3762 2163 4385 2309 men die Hand.
3771 2188 6207 2414 27. Willi vor der Türe, zum Fiaker (der zu ihm etwas
3787 2312 6170 2522 herablassend ist): “G'schwind zur Bahn, Sie bekommen
3787 2436 4766 2615 ein gutes Trinkgeld."
3802 2535 6154 2742 28. Fahrt durch das abendliche Städtchen zur Bahn.
3793 2625 6163 2823 Im Augenblick, wo er ankommt, fährt eben der Zug da-
3796 2736 6225 2956 Eine Weile scheint Willi unschlüssig, dann zum Kut -
3815 2814 4022 2897 von.
3808 2894 5001 3055 scher:“Ins Café Schop “.
4664 2993 5494 3173 Ende des 1.Aktes.
