6696 4200
4202 598 4964 760 im Morgengrauen
3912 604 4095 760 Spie
3927 714 4565 842 für den Film.
3921 882 6164 1062 1. Kasernhof,Kamine rückwärts,dürftig, ein Baum,
3927 976 6322 1114 Sonntag-Morgen, Sich entfernende Soldaten.eventuell
3924 1111 4565 1205 Offiziere. d
3939 1117 6389 1269 Offiziersdiener des Leutnant Willi Kasda im Gespräch
3921 1224 6270 1349 mit Otto von Bogner,etwas ramponiert,ge-
3939 1303 6319 1431 wesener Offizier. Diener: Der Herr Leutnant schläft
3930 1394 5205 1538 noch. (Nicht ohne Devotion)
3933 1489 4787 1590 Bogner insistiert.
3933 1535 5404 1648 Offiziersdiener gibt nach, geht,
3933 1568 6313 1736 Bogner mit aufgestelltem Kragen hin und her,deutli-
3933 1718 4580 1855 che Erregung.
3945 1831 5736 1959 2. Im Offizierszimmer von Willi Kasda.
3939 1950 4931 2047 Willi noch schlafend.
3933 2035 5224 2115 Heruntergezogene Jalousien.
3945 2041 6289 2194 Ofriziersdiener nach vorherigem Klopfen tritt ein.
3945 2163 6243 2288 Etwas ängstlich zu Willis Bett. Versucht ihn auf-
3957 2261 4375 2365 zuwecken.
3951 2261 5883 2429 Willi erwacht allmählig, höchst ärgerlich.
3964 2365 6099 2496 Offiziersdiener gibt ihm die Karte Bogners. X
3948 2478 5224 2584 Willi: Jalousien aufziehen.
3957 2520 6225 2679 Off.Diener zieht, Licht im Zimmer, Meublement wird
3964 2655 4394 2749 deutlich.
3957 2676 6295 2822 Willi, bewegt, unschlüssig.gibt endlich dem Off-Die-
3957 2798 5758 2899 ner den Auftrag Bogner hereinzuführen.
3961 2838 6225 3012 Willi erhebt sich rasch, macht flüchtig Toilette.
4037 2926 6405 3085 1   Jetzt eventuel inneres Bild für Willi: Bogner
4232 2993 6267 3124 in Oberleutnantsuniform, eventuell bei einer
4229 3091 6350 3192 Kartenpartie, von der er sich als Verlierender
4296 3167 6319 3292 erhebt. Die Spielgenossen, die ihm mitleidig
4229 3243 6334 3356 nachsehen. "Auf der Visitekarte Bogners even
4229 3323 6350 3439 tueli: Beamter der Elektrizitätsgesellschaft,
5352 3402 5660 3512 hiniale
4235 3420 4476 3524 Lux).
3961 3463 5700 3634 Willi zum Fenster, auf den Hof/sehend.
5446 3561 5681 3652 irrest
3957 3634 6292 3735 3. Kasernhof. Bogner wie früher hin und her. Off.-
3954 3695 6301 3823 Diener tritt zu ihm, bringt ihm Willis Einverständ-
