6568 4328
4042 529 5080 737 ausser Schmabel u. Willi
3738 605 5450 820 Niemand ist xxx am Spiel beteiligt.
3744 734 5881 912 Konsul Schnabel will ihm wieder Karten geben.
3763 813 6112 962 "illi: "Bedauere". Er hat nur mehr ein paar Gulden.
3773 886 6083 1054 Er setzt sie und verliert. Hat nichts mehr. Bewe-
3773 978 6042 1136 gung. Aufbruchsstimmung. Willi versucht, sich von
3763 1048 6191 1203 Elrief Geld auszuleihen, dem er früher Geld geliehen
3773 1200 4067 1294 hatte.
3766 1200 4944 1389 Elrief zuckt die Achseln.
3779 1291 6096 1453 Konsul Schnabel stellt ihm seine Kasse zur Verfü-
3798 1342 6339 1516 gung. Wimmer ###greitt Willi bei der Schulter: (die Hand
5175 1443 5523 1554 auf die
3339 1402 3627 1589 + legt
3798 1491 4637 1601 "Tu's nicht,Kasda.
3798 1507 6184 1665 Willi zögert,nimmt dann das Geld an,spielt. Schna-
3792 1630 5013 1750 bel wieder einen Schlager.
288 1586 465 1738 :- 6
3798 1681 5409 1852 Willi hat verloren,will aufstehen.
3766 1807 4358 1924 Lugut: “Komm“
3798 1801 5450 2003 Schnabel offeriert ihm wieder Geld.
3792 1890 6051 2051 Willi setzt sich nieder, lässt sich Karten geben,
3826 1946 6159 2143 verliert. Will wieder aufstehen. Die anderen Offi-
3820 2111 4469 2222 ziere: "Komm"!
3814 2162 4998 2279 Tugut schüttelt den Kopf.
3814 2168 5982 2358 Konsul Schnabel will sich gleichfalls erheben.
3823 2282 6219 2469 Willi ändert seinen Entschluss,wendet sich an Kon-
4893 2390 5121 2507 stellt
3814 2421 4447 2541 sul Schnabel
3814 2431 6055 2646 Konsul Schnabel zögert, ihm dann neuerdings
3826 2579 4706 2697 Geld hin Verfugung.
3833 2548 6191 2754 Die anderen Offiziere empört, versuchen Willi abzu-
3839 2700 5396 2839 halten, das Spiel fängt wieder an.
3861 2804 4884 2905 Willi verliert wieder.
3842 2867 5168 2985 Unruhe und Bewegung ringsum,
3861 2890 6150 3064 Willi gewinnt noch einmal, verliert gleich wieder.
3833 2975 5944 3133 Konsul Schnabel sieht auf die Uhr: halbarei.
3855 3051 6162 3241 Willi versucht ihn noch zum Weiterspielen zu ani-
3852 3228 4200 3317 mieren.
3855 3184 5706 3402 Konsil bleibt uneroitulich,erhebt sich.
3852 3317 6270 3538 39. Zwischenbild: Der Turm der Alserkirche mit
3874 3453 6207 3678 Bogner in einem ärmlichen Kaffeehaus mit den Renn-
3858 3497 4776 3602 dem Zifferblatt 13.
3877 3586 6232 3770 tiquetts in der Hand. In sichtlicher Verzweiflung.
3871 3662 6270 3969 40. Wieder Café Schop, Willi bleibt sitzen mit er-
