6584 4328
3772 622 4376 738 Zweiter Akt.
3785 744 6107 890 29. Rückfahrt mit dem Fiaker durch das Städtchen.
3785 834 4999 1002 Ankunft im Café Schop.
3797 918 5767 1152 30. Aussteigen von demgté.
4382 1077 4756 1198 des latés
3803 1102 5687 1264 31. Im Innern der Spieltisch wie früher.
3800 1177 6303 1354 Neben Konsul Schnabel sitzt Mizi Rihoschek kibitzend.
3797 1285 6076 1432 Manchmal mit Elrief sehr heftig kokettierend, was
3816 1366 6213 1572 Schnabel bemerkt, ohne sich weiter darum zu kümmern.
3810 1457 5475 1587 Schnabels Blick, wenn Wilii eintritt.
3810 1538 5487 1675 Man macht Willi bereitwillig Platz.
3822 1584 6300 1727 Willi tut, als wenn er gar nicht mehr mitspielen woll-
3822 1659 6107 1880 Das Spiel nimmt seinen Gang. O Willi leiht ihm Geld)
3825 1734 3981 1833 te.
3831 1808 6300 1967 Elrief: “Ich bin plank.” Er steht auf, trinkt an einem
3819 1936 5357 2045 Nebentisch Cognackentfernt sich.
3838 1973 5587 2145 Auch Mizi Rihoschek erhebt sich,
3841 2129 6309 2294 32. Zwischenbild: Elrief und Mizi Rihoschek zärtlich
3847 2197 6300 2412 im Garten des Restaurants. Sie steckt ihm vielleicht
3844 2334 4242 2471 Geld zu,
3860 2409 6262 2599 33. Spielpartie, Willi beteiligt sich am Spiel. Er
3860 2546 5413 2680 gewinnt anfangs, dann verliert er.
3863 2577 6281 2745 Die Ändern sind allmählig ausgeschieden,stehen zum
3863 2736 4112 2835 Teil.
3863 2745 6200 2898 Mizi Rihoschek erscheint wieder, richtet vor einem
3853 2832 5864 2988 Spiegel ihre Frisur,Zigarette, Billardoueu.
3869 2864 6284 3050 Konsul Schnabel ruft sie mit einem Blick herbei, sie
3875 3010 5086 3137 setztesich wieder zu ihm,
3866 3022 6163 3200 Willi erregt, zählt sein Geld nachbetrachtet den
3875 3128 6290 3290 Tausender, dann: "Was geht mich der Bogner an", lässt
3884 3253 5739 3386 sich vom Konsul den Tausender wechseln.
3894 3312 6346 3498 34. Zwischenbild: Die nächtliche Strasse vor dem Re-
3894 3436 6138 3579 staurant. Verspätete Ausflügler ziehen vorüber,
3894 3520 5512 3657 Eventuell ein Trupp von Studenten.
3912 3679 4896 3800 35. Die Spielpartie.
3894 3663 6321 3894 Elrief ist wieder gekommen, beteiligt sich wieden am
