6616 4232
4303 630 5847 769 mit rasch sich bewegendem Zeiger.
4310 746 6182 836 102 b. Couvert mit Adresse: Herrn k.u.k.
4303 823 6188 939 Leutnant des 99.Infanterieregiments Wil-
4303 878 4850 994 helm Kasda.
4310 965 6127 1065 Dokument: grosser weisser Bogen nur die
4297 1052 6098 1164 Worte zu sehen mit schlichtem Abschied
4303 1122 4831 1222 entlassen".
4310 1190 6268 1315 102 c. Willi in Zivilanzug aus dem Kasern-
4303 1270 4869 1370 hof tretend.
4310 1325 6301 1467 102 d. Willi vor einem Stellenvermittlungs-
4297 1422 5799 1521 bureau sich mit Andern drängend.
4290 1502 6288 1611 102 e. Willi ganz in der Art wie Bogner in
4303 1589 6021 1682 einer der ersten Bilder im Kasernhof.
4287 1660 6365 1782 auf einen Bescheid wartend. Offiziere an ihm
4290 1737 5661 1843 vorbei, die ihn nicht grüssen.
4290 1782 6333 1917 102 f. Willi in einer Gartenanlage, sehr ab-
4290 1891 5976 1981 gerissen, einen Revolver in der Hand.
4297 1972 6320 2087 Dieser Revolver in der Lade seines Schreib-
4310 2046 4676 2155 tisches.
3827 2148 6407 2290 103. Willi steht vor seinem Schreibtisch, öffnet die La-
3840 2277 6407 2386 de, nimt den Hevolver in die Hand: Es bleibt mir nichts
3840 2351 5645 2438 anderes übrig. Besser jetzt als später.
3827 2396 6313 2541 Ueber sein Pycama zieht er jetzt seinen Militärmantel
3834 2505 4004 2608 an.
4126 2512 4403 2669 ( 3:-) -
3827 2624 6223 2776 104. Robert Wilram in seinem Zimmer.hin
3827 2708 5571 2817 und her oder am Schreibtisch sitzend.
3837 2795 6169 2901 Leopoldine tritt zu ihm herein. Wilams Erstaunen.
3827 2879 6211 3014 Leopoldine: "Du hast japeinen saubern Neffen. Er war
3837 2962 6156 3091 bei mir. Ich habe mir das Geld für ihn verschafft,
3843 3039 4438 3139 bring es ihm.
3827 3113 6272 3216 Robert Wilram erstaunt, dann gerührt, fast beglückt, xx
3808 3168 4905 3281 Leopoldine geht wieder.
3821 3245 5657 3393 Wilram macht sich zum Fortgehen fertig.
3808 3374 6121 3544 105. Tugut am Badener Bahnhof ins Coupé steigend.
3814 3538 6352 3689 106. Konsul Schnabel in seinem Bureau. Fertig gepackte
3795 3650 6172 3766 Reisetasche etc. Er schreibt eben auf ein Couvert:
