6680 4232
3921 692 6455 842 72. Bureau. Leopoldine setzt sich an den Schreibtisch.
3933 810 6228 899 "Womit kann ich dienen, Herr Leutnant? Bitte Platz
3914 883 4437 979 zu nehmen."
3962 947 6248 1081 sestzt sich. (Sessel neben dem Schreibtisch.)
3962 1017 6372 1125 Mhr Herr Gemahl weiss nichts von meinem Besuch. Ich
3924 1132 6330 1234 befinde mich in einer verzweifelten Situation. Ich
3914 1192 5444 1300 bænötige dringend 12000 Gulden."
3914 1237 6216 1358 Leopoldine beinahe belustigt, schüttelt den Kopf.
3927 1310 6490 1447 Willi erzählt nun die Geschichte seines Spielverlustes.
3940 1422 6248 1517 (Bilder wie vorher in seiner Erzählung zu Wilram.
3914 1492 6407 1613 Wie er geendet hat, schüttelt sie den Kopf: Vollkommen
3914 1571 4762 1689 unmöglich.
3914 1635 6212 1753 Willi spricht noch einmal seine Verzweiflung aus.
3911 1728 6260 1846 Leopoldine nimmt den Zwicker ab, näher zu ihm, jetzt
3921 1810 6302 1916 erst gibt sich in ihren Mienen die Erinnerung kund.
3914 1881 5145 1989 Willi fasst neue Hoffnung.
3911 1944 6400 2059 Leopoldine näher bei ihm, er nimmt ihre Hand,beschwört
3911 2027 6337 2132 sie von neuem. Sie streichelt seine Hana wie in Zer-
3905 2120 6314 2212 streutheit, weicht dann plötzlich wieder von ihm zu-
3921 2174 6397 2317 rück, ist wieder vollkommen Geschäftsfrau: "Nein, nein!"
3914 2270 5145 2372 Willi beschwört von neuem,
3914 2314 6228 2448 Leopoldine scheint wieder zu überlegen; “Ich werde
3902 2413 6228 2521 mit meinem Advokaten sprechen. Um 18 Uhr wirst du
3905 2502 4689 2614 Nachricht haben.
3911 2544 6219 2671 Er will danken. Sie wehrt ab, verabschiedet ihn,er
3905 2655 5036 2735 küsst ihr die Hand, geht.
3921 2703 6101 2853 Leopoldine allein zurückbleibend, sehaut ihm im
3914 2808 5094 2945 Geiste Nach. Einweisen
4523 2913 6273 3047 73 a. Bild wie Willi die Banknote auf
4514 3028 6302 3127 die Kommode des Hotelzimmers legt (wie
4514 3111 6056 3216 früher im Erinnerungsbild Willis.
4514 3172 6302 3280 Sie liegt im Bett,blickt auf die Bank-
4507 3261 6308 3376 note, zuckt zusammen,verbirgt
4510 3350 5840 3484 ihr Gesicht in ihren Händen.
4514 3436 4937 3573 Räxxxxxx
3847 3529 6270 3710 74. Leopoldine im Bureau, steht da wie früher. In der
3850 3634 6216 3796 Erinnerung verfinstert sich ihr Gesicht. Dann aber
