6600 4376
3778 626 4609 755 schlafften Zügen.
3778 608 6116 825 Konsul Schnabel zahlt dem Kellner die Zeche. Auch
3790 736 6055 899 die der Andern. Wimmer lässt sich's nicht geral-
3799 868 4631 994 len, zahlt selbst.
3814 887 6193 1062 Tugut steht hinter Willis Sessel."Du kannst's doch
3814 1022 4533 1148 morgen zahlen?"
3821 1037 5963 1178 "illi:“Selbstverständlich,Herr Regimentsarzt“.
3802 1185 4284 1307 teht auf.
3814 1169 6144 1430 Schnabel tritt zu Willi: "Ihre Schuld beläuft sich
3814 1329 4631 1448 auf 11000 Gulden.
3821 1316 6180 1553 Kellner ist Schnabel beim Anlegen des Ueberziehers
3821 1507 4361 1608 behilflich.
3833 1485 6171 1672 Konsul zu Willi: "Darf ich Sie einladen mit mir in
3821 1608 5410 1771 meinem Wagen nach Wien zu fahren?
3833 1660 5637 1841 Wili nimmt an, gewissermassen Hoffnung.
3845 1758 5499 1903 Verabschiedung.  An den zum Abschied
3845 1811 6061 1976 Willi reicht den verschiedenen Leuten die Hand.
3839 1896 6079 2102 Tugut, Wimmer, Greising konferieren, schütteln den
3842 2032 6248 2243 -onsul Schnabel verabschiedet sich von den Offizie-
3839 2047 4100 2154 Kopf.
3842 2182 4720 2311 ren, die kühl sind.
3848 2219 5419 2375 Wimmer reicht ihm nicht die Hand.
3851 2295 5846 2437 Konsul Schnabel böser, verächtlicher Blick.
3864 2363 5772 2504 Alle verlassen das Kaffeehaus. Ueber die
3870 2492 5051 2636 Terrasse auf die Strasse.
3882 2572 6346 2765 41. Auf der Strasse wartet der Fiaker. Die Offiziere
3873 2756 4707 2851 schlendern davon.
3879 2722 6233 2934 Schnabel lädt Willi ein in den Wagen zu steigen
3873 2866 5499 2989 Kutscher hat die Pferde abgedeckt.
3894 2888 6113 3072 Mizi Rihoschek -an Wagen, nimmt von Konsul
3894 2983 6187 3158 Schnabel Abschied. Er küsst sie und zieht sie in
3903 3075 5229 3222 fast obszöner Weise an sich.
3900 3176 5152 3277 Willi ist etwas befremdet.
3922 3170 6325 3373 Konsul zieht den Plaid über seine und Willis Knie.
3919 3339 4956 3446 dankt beflissen.
3907 3323 6239 3529 Mizi Rihoschek, in Sekretär Weiss und Schauspieler
3900 3474 5340 3597 Elrief eingenängt, gehen davon.
3916 3483 6236 3682 Der Wagen fährt ab. Konsul dreht sich noch einmal
3913 3587 6239 3750 um, winkt den Dreien einen Gruss zu. Sie erwiedern
3916 3649 6325 3827 inn. Wagen entfernt sich in die nächtliche Strasse.
3925 3799 4750 3943 Leere Landschaft.
