6600 4520
3892 669 4468 828 Vierter Akt.
3727 738 6003 1009 77. Willi in seinem Zimmer schlafend, Divanecke.
3724 887 6137 1108 78. Leopoldine hübsch, sommerlich gekleidet, Strasse,
3736 1037 6140 1177 dann durch das Kasernhoftor, längs der Mauer weiter.
3746 1090 6056 1311 Begegnender Offizier, der ihr nachsieht und wieder
3749 1230 4356 1373 verschwindet.
3736 1326 6078 1498 79. Leopoldine über die Offiziersstiege an Willis
3755 1473 4328 1585 Tür läutend.
3743 1463 6234 1644 Der Bursch öfinet. Grosse Augen. Leopoldine: Melden
3758 1622 5265 1722 Die mich bei dem Herrn Leutnant.
3761 1691 5312 1797 Offiziersbursch: Er schläft noch.
3771 1697 5804 1937 Leopoldine schiebt ihn weg, hinein zu Willi.
3768 1862 5536 2033 80. Willi schlafend in der Divanecke,
3777 1921 6062 2114 Leopoldine bleibt vor ihm stehen, lächelt ihn an.
3765 2005 6190 2177 Erst nach einigen Sekunden erwacht Willi, orientiert
3786 2114 6069 2270 sich dann, steht rasch auf, ist sichtlich angenehm
3786 2173 6290 2351 überrascht von dem veränderten Aussehen Leopoldinens,
3799 2245 6156 2426 begrüßt sie, küsst ihr die Hand, ist voll Hoffnung.
3814 2370 5315 2519 „Wollen Sie nicht Platz nehmen?"
3796 2407 6031 2572 Leopoldine: "Nur einen Moment, hab' wenig Zeit. "
3793 2475 6078 2647 Sie interessiert sich für das Zimmer, beguckt das
3799 2550 6228 2743 Mobiliar, benimmt sich ganz wie eine Dame bei gesell
3802 2640 6224 2815 schaftlichem Besuch. Sie erhebt such und will wie-
3805 2796 4294 2902 der gehen.
3814 2809 6050 2955 In Willis Augen Enttäuschung und auch ein wenig
3821 2862 6199 3033 Angst. Er denkt: Wo hat sie denn das Geld? Er will
3821 2989 4948 3129 sie zum Bleiben nötigen.
3811 3014 6299 3207 Leopoldine: "Du wirst an einem so schönen Sommerabend
3817 3151 5122 3282 was Besseres zu tun haben."
3827 3210 5592 3338 Willi: "Nichts. Ich bin immer allein."
3827 3257 6019 3422 Leopoldine: "Ich muss nachhause zum Nachtmahl."
3845 3363 5639 3503 Willi: "Willst du nicht hier söpieren?"
3845 3428 6171 3612 Leopoldine zuerst ablehnend, endlich, ohne dass sie
3842 3500 6262 3702 noch ausdrücklich zugestimmt hat, verlässt Willi das
3839 3652 4182 3786 Zimmer.
3849 3702 6234 3908 81. Willi im Vorzimmer beim Burschen, gibt ihm einen
