6584 4520
3694 651 6249 892 72. Bureau. Leopoldine setzt sich an den Schreibtisch.
3707 790 6021 965 Womit kann ich dienen, Herr Leutnant? Bitte Platz
3707 924 6071 1114 Willi se-tzt sich. (Sessel neben dem Schreibtisch.)
3701 952 4243 1063 zu nehmen. “
3713 981 6182 1177 "Ihr Herr Gemanl weiss nichts von meinem Besuch. Ich
3729 1095 6138 1285 befinde mich in einer verzweifelten Situation. Ich
3726 1209 5246 1358 bænötige aringend 12000 Gulden."
3774 1225 6030 1435 Leopoldine beinahe belustigt, schüttelt den Kopf.
3770 1292 6306 1514 Willi erzählt nun die Geschichte seines Spielverlustes.
3761 1393 6087 1590 (Bilder wie vorher in seiner Erzählung zu Wilram)
3745 1444 6243 1688 wie er geendet hat, schüttelt sie den Kopf: Vollkommen
3761 1638 6033 1822 Willi spricht noch einmal seine Verzweiflung aus.
3755 1631 4592 1771 unmöglich. drückt.
3755 1682 6116 1898 Leopoldine nimmt den Zwicker ab,näher zu ihm, jetzt
3755 1800 6160 1974 erst gibt sich in ihren Mienen die Erinnerung kund.
3764 1930 4986 2047 Willi fasst neue Hoffnung.
3761 1907 6268 2130 Leopoldine näher bei ihm, er nimmt ihre Hand,beschwört
3780 2003 6221 2215 sie von neuem. Sie streichelt seine Hand wie in Zer-
3764 2095 6186 2307 streutheit, weicht dann plötzlich wieder von ihm zu-
3780 2149 6278 2368 rück, ist wieder vollkommen Geschäftsfrau: "Nein, hein!"
3793 2317 5002 2434 Willi beschwört von neuem.
3793 2326 6113 2514 Leopoldine scheint wieder zu überlegen "Ich werde
3780 2403 6122 2606 mit meinem Advokaten sprechen. Um j 8 Uhr wirst da
3793 2564 4561 2669 Nachricht haben.
3796 2561 6122 2752 Er will danken. Sie wehrt ab,verabschiedet ihn,er
3799 2698 4926 2834 küsst ihr die Hand, geht.
3808 2675 6002 2907 Leopoldine allein zurückbleibend, schaut ihm im
3815 2860 5103 2996 Geiste nach. Erinnerungen:
4443 2901 6179 3104 73 a. Bild wie Willi die Banknote auf
4437 3028 6233 3167 die Kommode des Hotelzimmers legt (wie
4437 3091 5979 3269 früher in Erinnerungsbild Willis
4434 3190 6224 3348 Sie liegt im Bett, blickt auf die Bank-
4431 3240 6246 3415 note, zuckt zusammen,verbirgt
4443 3386 5792 3517 ihr Gesicht in ihren Händen.
4456 3478 4869 3605 Räxxxxxx
3808 3507 6246 3729 74. Leopoldine im Bureau, steht da wie früher. In der
3802 3631 6186 3808 Erinnerung verfinstert sich ihr Gesicht. Dann aber
