6584 4536
3888 647 6201 846 An das Landesergänzungs-Bezirkskommando Nr.4, Wien
3882 793 4895 897 I. Zu Handen des...
3894 894 6100 1060 107. Willi in seinem Zimmer, findet die Visite-
3894 965 5982 1135 karte von Bogner, die er gestern hingeworfen.
3903 1025 6157 1215 kurzes Nachdenken,er nimmt wieder den Tausender,
3894 1129 6080 1268 den er früher in die Ecke geschleudert, glättet
3903 1203 6115 1366 ihn sorgfältig,gibt ihn in ein Couvert,schreibt
3917 1277 5976 1437 auf das Couvert die Adresse: (Grossaufnahme)
3900 1384 6014 1518 Herrn (zögernd) Oberleutnant Otte von Bogner,
3923 1437 6083 1628 Wien VIII. (genauere Adresse). Dann öffnet er
3911 1538 4930 1669 die Türe zum Vorraum.
3920 1663 6011 1868 108. Der Offiziersbursch schlafend auf einem
3935 1803 4785 1898 Sessel (Stockerl).
3935 1809 6050 1969 Willi weckt ihn auf. Der Bursch steht stramm.
3938 1868 6326 2070 Willi gibt ihm das Couvert mit Auftrag. nicht von 12n
5741 1954 6290 2112 Mittag wecken:
3947 2043 4511 2147 Bursch geht.
3956 2091 5076 2242 Willi zurück ins Zimmer.
3938 2183 6166 2394 109. Willi in seinem Zimmer nimmt ein Blatt Pa-
3965 2263 6160 2441 pier schreibt darauf: Testament. Ueberlegt eine
3956 2376 6071 2513 Weile, zuckt die Achseln: Wozu? ich hab ja ei-
3953 2400 6175 2602 gentlich keinen Menschen. Er geht im Zimmer auf
3956 2513 6086 2676 und ab. Endlich setzt er sich in die Ecke des
3953 2608 5898 2750 Divans,setzt den Revolver an die Schläfe.
3971 2747 6184 2905 110.Bogner in seinem Zimmer, den Revolver in der
3965 2890 4229 2988 Hand.
3974 2925 5198 3065 Es klopft. Bogner öfinet.
3971 2967 5952 3133 Der Bursch von Willi bringt ihm den Brief.
3977 3035 6210 3214 Bogner öffnet den Brief, findet die Banknote, ist
3995 3095 6246 3315 beglückt, gibt dem Burschen Zigarren, rasch davon.
3986 3276 6166 3454 111. Bogner im Bureau, allein, öffnet die Kasse,
4004 3401 5007 3525 legt das Geld hinein.
4004 3418 6264 3594 Gleich darauf kommt der Chef und zwei Herren, die
3986 3540 5851 3707 die Kasse revidieren. Alles in Ordnung.
3989 3668 6264 3894 112. Tugut durch das Kasernhoftor, Stiege hinauf,
