6680 4232
4097 572 4697 707 Vierter Akt.
3917 725 6169 906 77. Willi in seinem Zimmer schlafend. Divanecke.
3926 884 6291 1050 78. Leopoldine hübsch, sommerlich gekleidet,Strasse,
3914 976 6297 1126 dann durch das Kasernhoftor, längs der Mauer weiter.
3923 1056 6212 1218 Begegnender Offizier.der ihr nachsieht und wieder
3920 1126 4529 1291 verschwindet.
3895 1279 6224 1438 79. Leopoldine über die Ofriziersstiege, an Willis
3908 1349 4471 1469 Tür läutend.
3911 1426 6343 1625 Der Bursch öffnet. Grosse Augen. Leopoldine: Melden
3917 1518 5401 1640 Sie mich bei dem Herrn Leutnant.
3902 1610 5435 1729 Offiziersbursch: Er schläft noch.
3902 1665 5930 1830 Leopoldine schiebt ihn weg,hinein zu Willi.
3889 1793 5637 1955 80. Willi schlafend in der Divanecke.
3898 1894 6132 2032 Leopoldine bleibt vor ihm stehen, lächelt ihn an.
3892 1974 6270 2142 Erst nach einigen Sekunden erwacht Willi, orientiert
3880 2075 6135 2188 sich dann, steht rasch auf, ist sichtlich angenehm
3895 2139 6356 2274 überrascht von dem veränderten Aussehen Leopoldinens,
3880 2212 6224 2368 begrüßt sie, küsst ihr die Hand, ist voll Hoffnung.
3898 2283 5389 2381 "Wollen Sie nicht Platz nehmen?"
3892 2362 6105 2469 Leopoldine: "Nur einen Moment,hab' wenßg Zeit. "
3886 2436 6123 2573 Sie interessiert sich für das Zimmer, beguckt das
3865 2521 6297 2668 Modiliar, benimt sich ganz wie eine Dame bei gesell-
3874 2589 6276 2745 schaftlichem Besuch. Sie erhebt sich und will wie-
3865 2671 4357 2797 der gehen.
3865 2751 6071 2892 In Willis Augen Enttäuschung und auch ein wenig
3868 2827 6209 2962 Angst. Er denkt: Wo hat sie denn das Geld? Er will
3874 2919 5000 3011 sie zum Bleiben nötigen.
3853 2980 6304 3140 Leopoldine: "Du wirst an einem so schönen Sommerabend
3856 3051 5101 3170 was Besseres zu tun haben.
3856 3140 5603 3241 Willi: "Nichts. Ich bin immer allein."
3859 3207 6022 3342 Leopoldine: "Ich muss nachhause zum Nachtmahl."
3862 3290 5627 3394 Willi: Willst du nicht hier söhpieren?"
3843 3369 6148 3504 Leopoldine zuerst ablehnend,endlich,ohne dass sie
3831 3479 6236 3608 noch ausdrücklich zugestimmt hat,verlässt Willi das
3834 3522 4186 3635 Zimmer.
3837 3632 6193 3849 81.Willi im Vorzimmer beim Burschen.gibt ihm einen
