6776 4248
3976 607 4181 737 nis.
3967 668 5964 819 Bogner sichtlich erfreut, rasch zur Stiege.
3979 801 6336 964 4. Stiege zum Offizierstrakt.Bogner rasch hinauf.
3976 949 4656 1063 Vorzimmer etc.
3979 1073 6366 1208 5. Willi allein im Zimmer,Bogner erwartend: Herein!
3985 1166 4798 1281 Bogner tritt ein.
3991 1266 5686 1384 Willi streckt ihm die Hand entgegen.
3973 1314 5302 1456 Bogner ergreift sie zögernd.
3985 1402 4783 1496 Willi: Setz dich.
3979 1459 5780 1583 Off.-Diener bringt Kaffee, geht wieder.
3991 1553 5021 1662 Willi schenkt ein etc.
3979 1631 6408 1734 Bogner nach Aufforderung teilt den Anlass seines Be-
3985 1719 4511 1816 suches mit.
4021 1770 6284 1903 6 a Aermliches Heim Von Bogner. Seine Frau, das
4290 1864 4846 1979 ranke Kind.
4009 1976 6408 2109 6 b Bureau Bogners bei der Kasse beschäftigt,inne-
4266 2091 6323 2212 rer Kampf, er nimmt einige Banknoten
4266 2160 5157 2266 nicht in die Brieff -
4260 2196 6281 2372 Heim Bogners. Essen für das Kind, Medizinen.
4021 2233 4193 2378 6 c
4260 2332 4499 2462 Arzt.
4006 2468 4206 2589 6 d
4314 2459 6387 2586 Bureau Bogners Nachricht eventuell durch den
4278 2553 5487 2695 Chef, dass morgen Revision.
3973 2683 6106 2849 Bogner bittet Willi ihm 960 Gulden zu leihen.
3985 2777 5638 2931 Willi: Leider vollbommen unmöglich.
3973 2873 5269 2973 Bogner: Dein Onkel Hobert.
3997 2937 5505 3073 Willi: Kein Verkehr seit Jahren.
3979 3024 4508 3127 Nachdenken.
3979 3061 6387 3218 Willi kommt auf eine Idee: Wir haben heute in Baden
3979 3169 6000 3275 eine Kartenpartie, vielleicht hab ich Glück.
3973 3257 5487 3338 Bogner: Ond ich gehe zum Rennen.
3991 3338 6366 3453 Willi: Warte morgen Früh um 1/8 bei der Alserkirche.
3979 3405 5592 3493 Bogner verabschiedet sich dankend.
3985 3432 6387 3586 Willi etwas übel gestimmt, beendet Toilette,wird bes
3967 3556 6191 3665 ser gelaunt, geht nach Aufträgen für den Diener,
3979 3671 6369 3834 7. Willi über die Stiege durch den Kasernhof, begeg-
3979 3807 6378 3943 nende salutierende Soldaten, Offiziere, vorbei an der
