6568 4424
4190 583 6143 740 ganz jugendlich als Sträfling mit anderen
4190 717 6032 842 Sträflingen im Gefängnishof umhergehen.
4184 783 6186 908 45 b. Konsul Schnabel erhält im Gefängnis-
4194 881 6055 989 bureau als entlassener Sträfling seine
4180 976 4590 1084 Papiere.
4180 1019 6192 1179 45 c. Schnabel in schäbiger Kleidung, Stel-
4207 1143 4816 1261 lung suchend.
4190 1173 6245 1337 45 d. Schnabel als Kohlenschipper auf einem
4203 1291 4593 1406 Dampfer.
4200 1294 6208 1514 45 e. Schnabel in Amerika landend. In den
4207 1422 5114 1543 Strassen New Yorks.
4197 1478 6231 1602 46 f. Schnabel als Kellner in einem schäbi-
4207 1569 5629 1710 gen amerikanischen Restaurant.
4213 1632 6261 1782 45 g. Schnabel in einem vornehmen Hotel als
4213 1733 4590 1848 Kellner.
4213 1772 6127 1910 45 h. Schnabel als wohlhabender Mann auf
4223 1881 6127 2021 einem Dampfer nach Europa zurückfahrend.
3755 2002 5458 2146 46. Willi bittet um 8 Tage Aufschub.
3755 2071 6238 2254 Konsul Schnabel: „Nein. Dienstag Abend fahre ich nach
3768 2172 6146 2310 Amerika zurück. Entweder um 12 Uhr Mittag das Geld
3771 2264 5579 2398 oder Anzeige an das Regimentskommando.
4236 2343 6176 2555 47 a. Willi sieht sich vor dem Offiziers-
4233 2493 6068 2608 ehrenrat. Der Vorsitzende hat eben ein
4256 2555 6091 2683 Dokument verlesen, zuckt die Achseln, die
4249 2578 6399 2775 Offiziere entfernen sich alle, nur einer (Wimmer
4256 2719 6123 2847 reicht ihm die Hand,er bleibt allein im
5157 2791 5370 2909 Willi
4256 2831 4832 2962 Saal stehen
3764 2896 6349 3106 48. Weiterfahrt. Vorbei an der Spinnerin am Kreuz. Ein
3778 3034 6307 3158 neuerlicher Versuch Willis Aufschub zu erlangen. Höf-
3797 3112 5363 3243 liche Ablehnung durch den Konsul.
3794 3162 6435 3332 Konsul Schnabel: "Ich werde Sie bei Ihrer Kaserne abset-
3797 3306 6307 3473 Frühe er Morgen. Ringstrasse. Vorbeimarschierendes Re-
3800 3316 4017 3397 zen."
3794 3417 5190 3594 giment. Willi wendet sich ab.
3807 3571 5465 3683 49. Der Wagen hält vor der Kaserne.
3807 3565 6153 3833 Willi steigt aus, gibt dem Kutscher ein Trinkgeld.
