2888 3448
2280 280 2404 389 25
919 402 2404 577 erst, durch diese Infamie, durch meinen
915 546 2431 659 Schnerz bin ich ein Künstler geworden.
887 677 2594 804 (Berengar: Das kann ein Jeder sagen. Bewel-
922 808 1400 928 se. Beweise.
911 928 2553 1046 Lothar to: Ah.Du denkst,es gibt Leute, die
922 1057 2677 1197 es nicht einmal durch das Glück werder oder-
922 1186 2470 1330 Ihr wart doch glücklich, hml Und kann er-
915 1326 1345 1441 jetzt was?
904 1433 2382 1561 Albine: Warun kammst Du Lotharta2 Was
919 1579 2391 1721 ist das filr eine Komödie, die Du jetzt
911 1708 1328 1808 auffilhrst.
911 1810 2513 1946 Lotharto: Ich kömme einfach me ine. Schuld
926 1978 2435 2061 ahlen. Meinem Schwerz um Dich verdanke
926 2077 2398 2219 ich das herrliche Bild, das ich geralt
906 2221 2509 2361 habe. Ich weiss, Ihr habt Sorgen, das Hono-
911 2367 1559 2470 rar gehört Euch.
911 2468 2435 2603 Albine: Und erniedrigen karnst Du her?
913 2607 2343 2723 Lothärto: Wie Du mich missverstehst.
919 2732 2546 2861 Berengar: Den Edlen will er splelen,Pose.
913 2867 2068 2976 ie imponieren mir gar nicht.
915 2985 2596 3125 Lothario: Es ist schwer natürlich zu sein.
904 3097 2642 3239 So lung die Welt steht gab es keine klarere
