3288 4424
621 1348 2940 1565 das Mistrauen peinigt. Das Benehmen des Schülers erregt in
639 1483 2572 1680 ihm Verdacht und er beschliesst, ihn zu besuchen.
639 1604 3004 1780 Der Freund ist verstimmt über das Mislingen seines Exenpels.
641 1739 2916 1933 Seiner Meinung nach musste der Künstler über das treulose
633 1874 2945 2045 Weib lacheln, weiter nichts,– sie einfach überwinden, aus-
644 1998 2934 2180 schalten. Wir sind dem Gedanken gegenüber stets die Ferti-
656 2119 2619 2301 gen und den Schicksalen gegenüber die Verblüfften.
621 2227 2969 2439 (Wenn wir es uns denken, sind wir gefasst, wenn es wirklich
662 2407 1718 2572 konnrt, sind wir verblüfft.
680 2510 2280 2713 /:Ich denke mirs, rasch ist es abgetan,-
736 2654 2386 2825 Weh! es geschan! Was fang' ich Armer anz:
809 2760 2925 2951 Künstler sagt dem Freund von seinem Verdacht. Wie nun
674 2901 2998 3084 die Sache so steht, versucht der Freund den Kiinstler aufzu-
727 3028 2981 3204 ichten; er solle sein Weib-nicht einmal hinauswerfen, sie
677 3122 2937 3340 als Maitresse weiter behalten. Beinane nimmt der Zünstler
674 3287 2645 3460 sichs vor; aber abeuds jagt er doch bei de hinaus.
677 3431 2898 3590 Wieder versucht der Freund ihn zu beschwichtögen, wie er
677 3552 2931 3708 allein zurückbleist. Er soll adreiseil, das ist das Beste.
680 3687 2981 3858 Die Tragik nun. Der junge Mann kann seiner geliebten nicht
691 3808 2981 3984 verzeihen, dass sie den grossen Mann betrogen. Sie erklärt
680 3922 3025 4152 ihm ihre Liebe. Und ich soll an dich gekettet sein? Fr aber
