3256 4504
552 1336 2791 1590 1s Einakter. - Die Frau lebt mit diesem jungen Mann, der
532 1467 2879 1678 aber talentlos ist (hat ihn geheiratet:), und sie hört von
538 1604 2838 1806 dem grossen Werk des friher Hauns, den sie verlassen hat.
535 1736 2683 1932 Die beiden häben gemeint, ihn zu zerstören, aber da er
544 1900 1894 2090 gross ist, fekt ihm alles gut aus.
728 2037 1037 2180 Der Selle
789 2107 2356 2329 Junge Frau, die der Haller vorlesser u Einwolle, Uerht
789 2230 2551 2440 Ihr zweile lan, jun, kommt zurück. Vorgeblich (Ais den
792 2385 1973 2543 Abelerr!-) Sieschmarent oden hreherer
713 2443 2621 2657 3.) Bei gerste laler..skom mach beibeken ken Schmerz satmen
789 2627 1113 2756 legenwort
836 2677 1365 2823 besjenge Mäither
