3240 4488
542 1779 722 1886 Irein
591 1865 737 1949 6 1
594 1912 792 2019 tebell
508 2001 774 2105 ein Selsc
498 2087 701 2188 den ver
534 2123 815 2248 eeersich
508 2240 789 2360 i Kante h
526 2344 680 2443 A
617 2407 810 2522 Reie
1060 1472 1837 1623 Albine, Herr Edgar.
2397 1477 2845 1620 T3 beter sol
2701 1573 2902 1685 1. Lebr
839 1555 2251 1743 Edgar Psycholog und Mers chrikermer.
2714 1641 2936 1771 lehen
854 1696 1933 1839 Edgar macht Albin den Hof.
865 1735 2441 1962 Sie sind immer allein. Wo ist Berengar?
867 1844 2824 2055 Er ist selbstverständlich ohen im Atelir ud malt.
878 1962 2751 2188 Edgar: Ver eblich. Er wird nie etwas zusammen
894 2042 2988 2277 kringen. Wert mar bedekt, dass Sie früher die Gattin
938 2157 2717 2394 dieses grossen lotario waren und jetzt dieses
899 2305 2180 2470 Nichts, dieser libsche Bursch...
912 2334 2967 2582 Albins- Sie hatzen keinen brund mir das vorzurerten.
920 2480 2509 2712 Sie sind ja gewissermassen Schuld darch.
925 2540 2798 2806 kasaf- Ich ha be sie von der Gsdarkensünde zur
940 2654 2793 2905 Mirtlichtoft erlöst. Da sie odemal in korensat
1029 2753 2918 3004 verttent waren. abor ich neie doch mis a aran 6e
2574 2892 3014 3048 hn mille isten
964 2873 2574 3121 dacht, dass sie mit ihm durchsehen würden
969 2972 2470 3207 Warum heiratet er Sie eigentlch nicht.
964 3017 3050 3319 2. Borongar konk. Er at das Bild wieder verniehtet:
1607 3155 2399 3314 lat sie wachen auch einer
1052 3282 1555 3400 Edgar geht.
1000 3277 2550 3514 Berengar: Was wirst Du von mir denken:
998 3347 2871 3618 peine Saett si re ie Wröcten, deer dls 1
1026 3426 2832 3704 o dt des i. 1o. 1et sa de albrt do ti. 10 o.
1034 3626 1928 3809 um das ich dich 21810.
1037 3663 2235 3915 Nor du hast mir doch gesagt..
1045 3676 2967 4040 de in h. dens mest ich des rel. de vier surs und
