2856 3496
625 458 2558 652 kum ich währscheinlich zu früh Heute gleube ich
647 636 1716 776 sir, wir reif. für einander.
650 715 1828 905 bine: Ich häre Ihnen nur zu.
1118 833 1499 938 Ma dr66
652 872 2475 1050 Idgar: Ich bir Ihnen defr dankbar. Nur müssen
652 1009 1346 1135 3i0 sich nur
1245 1022 2442 1176 iren Vorschlag miteller Tulie
938 1143 1362 1280 Kluger
644 1146 1061 1297 Auret Thre
1398 1154 2399 1316 Sinn und durch Ihr kluges
1107 1275 1527 1412 las en.) Sie
633 1250 1102 1412 Fapzeken
1573 1283 2360 1423 haben das Leben, sie
1181 1398 1634 1527 en kannen
644 1382 1223 1535 haben iie Wense
1532 1445 2500 1565 nen gelernt. Sie haben an
622 1519 2393 1675 der Seite eines grostei Zünstlers gelebt, den
630 1637 2552 1848 sis sogar, gel eit haben, soweit es überhaupt möe-
628 1757 2464 1957 lich ist ein Genie zu lieben und Sie haben das
622 1919 2371 2070 Glück und Unglück einer grossen Leidenschaft
809 2015 1083 2094 a de Seil
620 2050 2336 2193 genossen. Ich war riemals ein Genie uß bin
625 2168 2527 2344 kein Füngling mehr. Protzdem haben Sie in diesen
614 2305 2492 2464 siehen Jahren manchmat gedacht, dass ma es sich
1582 2415 1817 2506 hätte
614 2412 2478 2580 mil mir in jeder Hifnsicht/besser leben ziexxes
620 2538 880 2618 lassen.
230 2508 554 2643 Ist dack
636 2571 2555 2730 (als mit jenen heidep). von meinen etwaigen Vor-
206 2623 559 2752 ia se hor uih
225 2689 2429 2859 netb zügen will ich aus Bescheidenheit nicht reden,
603 2821 2467 2996 übrigens habe ich sie vielleicht schon genannt.
811 2963 1502 3111 eler der Tehle m.
