3208 4488
532 1351 2754 1574 der Künstler ist eigentlich ganz froh, von seiner gattin
538 1527 1626 1686 nicht verstanden zu werden.
2456 1617 2632 1767 anz E.
2184 1617 2346 1770 nich
1929 1655 2103 1776 1, nu
535 1649 1900 1840 Du wirst vielleicht ganz verstände
550 1811 798 1938 liebt.
547 1987 2849 2190 Der Künstler: Man nimmt die Weiber so ernst ganz überflüs-
555 2132 2878 2326 siger Weise. Für mich soll das Weib nur ein Stück der Natur
555 2268 2855 2447 sein, und es sollte nicht trauriger machen, wenn eine Frau-
550 2421 2187 2603 uns verlässt, als wenn eine Blume weikte.
570 2641 2826 2826 Vielleicht denkt der Kiinstler: Es mag sein, dass ihm eben
668 2783 2866 2953 -se Frau gefehlt hat (:dem Schüler:), vielleicht wird er-
561 2950 1374 3112 rum ein grosser ler.
671 3185 2840 3338 dass uns die Naivetät so ganz verloren ging! Wie schön-
584 3297 2901 3491 war's, da man ihn bei ihr fand und beide einfach umbrachte:
584 3572 2621 3737 könnte eventuell in einer Kunstausstellung beginnen.
