2888 3464
2298 339 2422 445 20
820 542 2354 644 nur natürllch. Du hast sleben Jahre an
818 668 2348 788 der Seite eines grossen oder sager wir
833 768 2532 927 eines fertigen Künstlors verleht. Lotharies
820 924 2450 1039 Kunst hatte keine Rätsel. Er war ein Ahe-
842 1070 2459 1185 deriker. Oh. ich wiil nicht an ihm. mäkeln.
842 1167 2383 1328 ich verdanke ihm uial, er ist ain Lahrer
840 1326 2283 1439 ersten Ranges. Aber sich von dort zu
831 1454 1404 1562 mir zu finden.
825 1547 2177 1688 Albing: Ich will Dein Biid sahen.
831 1673 2335 1808 Berangar: Du miss träust mtr. Ich merke s
835 1821 2339 1981 schon lange. Du hältst weniger von mir
833 1962 1291 2066 als früher.
827 2022 2574 2216 Albine: Ich will Dein Biid sehen oder — jf
848 2222 1222 2326 ich gehe.
835 2318 1452 2459 Berengar:Wohin?
833 2456 2270 2619 Albine: Wenn ich einmal fort von Dir
844 2589 2320 2747 hin kann s Dir gleich sein wohln.- Und
846 2706 1562 2828 es ist Dir gleich.
842 2836 1890 2966 Berengar:Sind wir so weit?
831 2962 2144 3127 Albine: Ich will Dein Bildschen:
