2840 3432
700 425 2521 592 danke ihm viel in technischer Beziehung. Er is
708 572 2504 758 ein lehrer ersten Panges. Aber sich von dort-
705 708 2538 840 aus der Welt Lotarios in die meine zu finden-
693 831 2611 997 Albine: (steht jetzt ergt auf) Ich will dein Bild
705 985 1294 1101 sehen,Berengar.
703 1082 2572 1270 Berengar: Du misstraust mir. Ich merke es schon
700 1244 952 1345 lange.
688 1343 2557 1502 Albine: Ich will dein Bild sehen oder ich gehe.
688 1488 2572 1625 Jawohl, ich gehe und zwar sofort und auf Nimmer-
688 1620 1256 1744 wiederkehren.
688 1753 1338 1889 Berengar: Wohin?
691 1876 2475 2009 Albine: Wenn ich einmal fort von dir bin,kann
688 2002 2437 2135 es dir völlig gleich sein,wo ich sein werde.
691 2145 1765 2294 Berengar: Sind wir so weit?
681 2263 2623 2408 Albine: Wenn ich dein Bild nicht sehen darf - ja.
693 2401 2036 2538 Berengar: Es existiert nicht mehr.
686 2524 1239 2678 Albine: (lacht)
676 2654 2437 2806 Berengar: Ich war s mir selber schuldig.Ich
674 2784 2422 2925 mal es wieder, aber anders,ganz anders. Jetzt-
676 2910 2538 3069 erst seh ich es vor mir. Seit ich es vernieltet
