2856 3512
617 510 2452 739 Ich wollte Sie auch fragen, ob Sie mit mir (eine
1058 643 1453 727 nex will
627 698 1970 824 Reise nach Papallo m-chen wollen.
617 805 2511 953 Albine: Sie sind offenbar nicht ganz bei Sinnen.
1160 896 1944 991 Sullen, at forle af glert
615 941 2340 1117 Idear: (Marum) Ich frage Sie ja heute nicht
617 1075 2416 1229 zum ers:si lgle. Es ist mindestens sechs oder
622 1167 2385 1339 sichen Jahre her, as ich Sie zum erster lale
622 1353 898 1456 Frugte.
622 1439 2380 1584 Albine: Damals frägten Sie mich,ob ich Ihre
648 1592 1365 1732 Trau werie wolle.
1094 1680 1503 1777 beron docet
622 1711 2452 1892 Idzar: Ich Schlug Ihnen schon damals als Hoch-
669 1839 2456 1994 zeitsreise eire eise nach "apallo vor. Heute
631 1989 2464 2101 stréce ich von Tajallo zuerst- und trage Ihnen
810 2075 948 2151 b. 1
622 2125 1465 2271 wieder meine Hanii an.
627 2235 2537 2416 Albire: Verargen Sie ernstlicheine antwort da-
1151 2352 2168 2509 Jertit te hfinseler peteile
619 2392 827 2502 Fa11f9
660 2497 2504 2604 Agef: Tich Auf der Stelle. Sie haben Zeit zu
631 2661 2435 2783 üiberlegen. Ich will Ihnen nur sagen, dass sich
634 2728 2464 2921 in meinen Geföhlen für Sie nicht das Geriggste
660 2876 2540 3040 sndert hat.)Im Gegerteil. Ich weiss, heute bes-
634 3026 2313 3171 ser als je,dass eskeine Trau auf der elt
653 3152 2478 3293 für mich gibt äusser Ihnen. For sieben Jahren
