2856 3496
1767 459 2531 634 vielen Gnaufrichtig.
1664 657 2446 789 Verwirrungen schuld.
1237 674 1433 778 Sor
985 669 1218 782 und an
912 785 2507 910 ndelt sich heute xixkxxxxum nur um eins,
1244 926 2561 1032 richtiger,nicht praktischer,rich-
808 959 1001 1049 eS fi
686 1065 2516 1199 tiger ist bei ihm zu bleiben oder von ihm weg-
681 1192 2415 1320 zugehen. licht in Hinsicht auf die nüchsten
686 1317 2531 1470 achi Tage oder zwei Monate,sondern in Hinsicht
674 1451 2502 1590 auf Ihr ganzes Leben und nicht nur auf Ihres,
681 1569 1668 1697 sondern auch auf seines.)
686 1694 2528 1864 Albine: (ziemlich hähnisch) Und von sich reden
695 1847 1296 1967 Die gar nichts.
681 1970 2575 2118 Edgar: Was keineswegs Pose ist. Ich habe jetzt
681 2102 1958 2236 wirklich nicht an mich gedacht.
686 2217 2446 2387 Alpine: Das geht nun aber, doch zu weit.Pose,
688 2356 2373 2516 Phfase, Komödie. Glauben Sid, ich kenne Sie
686 2483 933 2653 nidni-
