2888 3512
1516 417 2429 555 sicht viel Kaum.für aus-
746 374 1180 596 Tskert n.50
1192 443 1418 560 denes
896 517 1068 594 Iben
789 601 946 694 1
617 639 932 758 fihrliche
939 675 2479 846 jenen Briefen immer in der Gefahr, einan-
703 748 877 846 schlo
1213 844 1454 956 mac
1630 791 2517 987 oder (sich) sonst irgend-
737 865 1383 975 Corfitencen zu m
689 1001 1044 1135 e anzulig.
605 1097 1552 1232 alhine: Es geht ihm gut?
596 1237 1416 1397 Edger: Ich rehme an.
615 1323 2481 1490 Albine: Man härt, ja sonderbarer Weise liest man
622 1447 2489 1635 nieht einmal etwas von ihm. Friher verging doch
625 1599 2460 1759 keine Woche, dass nicht irgend etwes von ihm in
625 1716 2453 1893 der Zeitung stand und er war selten unschuldig
629 1912 889 2069 daran.
632 1971 2541 2181 Edgar: Der Schmerz im Sie hat ihn wahrscheinlich
639 2102 2386 2293 veredelt. Er empfängt keine Heporter mehr,er
651 2234 2238 2434 schafft offenbar nur ganz in der Stille.
644 2360 2262 2532 albine: Eher gar nicht als in der Stille.
648 2486 2567 2675 Edgar: Sie verkennen ihn. Dass er arbeitet weis-
667 2613 2534 2796 ich. Ich bin eben auf dem Weg zu Vedell,der ein
672 2768 2450 2937 reues Bild von ihm bis zur Eröffnung der Aus-
670 2884 2391 3085 stellung zu sich in Verwahrung genommen hat.
