3288 4392
665 1350 2044 1502 war zu alt, du bist jung und schön.
656 1438 2715 1661 Einige junge Atelierfreunde und -Freundinnen kommen.
671 1538 3020 1763 Nachrickt von dem Tode des Künstlers, die der Freund bringt.
674 1748 1192 1877 Die Vorwiirte.
677 1775 3017 2027 Hun aber komt die Frau in Rage. So ist das Leben! Ich konn-
720 1942 2990 2123 te ihn nicht lieben, ich brauche Jugend und Glut, und ihm
685 2059 2976 2284 war seine Kunst alles. Dich lieb ich, weil du kein künst-
685 2179 2946 2402 ler bist. Verstehst du micht Er aber entlässt Alle. Nein,
685 2399 1336 2557 nein, nicht das!
697 2607 2891 2774 Arderer Schluss. Der grosse Zünstler ist abgereist, hat
706 2715 3049 2902 draussen in Italien ein herrliches Bild gemalt, aus dem man
715 2812 3043 3049 die Befreiung merkt. Die junge Frau ist stol«, weil ihn der
718 2999 1910 3192 Selmerz um sie so begeisterte.
