2824 3448
634 393 2650 536 Albine: In drei Jahren, in solchen drei Jahren könn-
626 494 2544 631 seesselbst geschehen,dass ein Glaube allmählig
624 598 2450 753 zerbröckelt,- und ein festerer als der meine.
626 737 2569 890 Berengar: Albine, es gab eine Zeit - es ist noch
629 859 2489 1009 nicht drei Jahre her - in der du mich bewundert
626 1007 846 1133 hast.
608 1138 1519 1289 Albine: Bewundert nie.
637 1247 1118 1410 Berengar:-1
2135 1335 2264 1477 n1
626 1369 2243 1511 Albine: Gellebt habe ich dic, bewundert ni
613 1496 2355 1664 Berengar: Weisst du, was du sprichst? Weisst
629 1646 1007 1760 du tufst?
624 1770 2536 1912 Albine: Ich weis- es. Ich bin mir ganz klar über
618 1912 2065 2052 alles. So kann es nicht weitergeben.
626 2018 2060 2142 Berengar: Ju liebst mich nicht mehr.
626 2158 2461 2300 Albine: Dann wäre die Seche einfach. ber ich
621 2280 2585 2424 liebe dich noch immer. Mir ist sogar manclmal, als
616 2406 2691 2556 könnten wir noch glücklich werden - wiede- glücklich
637 2569 921 2686 werden.
626 2665 2533 2831 Berengar: Ichwerde - ich werde das Bild für den
616 2802 1128 2934 Baron malen.
618 2939 2461 3082 Albine: Du missverstelst mich. Darauf kommt es
