2952 3512
1127 728 2386 844 in walt fort wäre, ich wilsst es-
1378 827 2394 979 ist Ihrer nicht würdigleie
1045 878 1356 981 Wein,es
1047 970 2439 1124 soll das enden?(Denken Sie, ich würe
1049 1120 2262 1243 gestarlen und es sei ein Legat.
1036 1233 2328 1363 Albing: Wollen Sie nicht endlich
1050 1389 1426 1499 aufhören.
1050 1510 2518 1631 Edgcr: Alse Sie werden mir es wieder-
1054 1632 2377 1738 geben, Berenger wird es mir wieder-
1056 1770 1308 1867 geton.
1052 1900 1733 2006 Albing:Berongar!
1050 2017 2390 2130 Edgar: Nicht vom Erlös seiner Bil-
1096 2148 2434 2231 der. Ich könnte ihm vielleicht et-
1074 2267 2485 2370 ne Stelle verschaffen. het einer Bank
1065 2406 2361 2489 oder ich angaglere ign als Sehre-
1279 2463 2467 2546 Sa hu ehr the Eykorpr dieler
1074 2544 2443 2641 tür. und diktlere ihm meine Corros-
1065 2657 2374 2763 ponienzharten. Er kommt alle acht
1065 2785 2439 2886 Tage auf eine Viertelstunde zu mir.
1060 2935 2377 3067 Albine: Sie gleuben wirklich, dass
1197 3052 2430 3206 engar nie von seiner-unst wird
1332 3170 2022 3312 he t tent
