2824 3448
559 301 2429 569 nicht melr an. Du musst deine Eristenz auf eine
559 515 2301 688 andere Basis stellen.. Es komht nicht einmal-
572 621 2507 799 darauf an,ob du ein Genie bist oder nicht. Jedes-
835 763 2473 917 kann es noch ein päar Jahre dauern, bis die
572 809 757 938 fall:
567 873 2514 1074 Menschen es begreifen. Aber bis dahin - bis dahin
897 1054 1659 1188 wir verhungert sein.
781 1167 2061 1311 igar: Wir haben noch immer genug
626 1286 2370 1466 Ebine: (ausbrechend) Nichts,nichts haben wir.
1018 1396 2288 1595 a) Und das sind wir schuldig. Wir
678 1468 930 1608 echnun,
590 1553 1942 1677 müssen arbeiten,du sowohl wie ich.
598 1677 1876 1857 Berenger: Das ist leicht gesagt.
600 1793 2398 1999 Elbine: Und leichter getan als du glaubst. Du
595 1950 1930 2076 musst nur den guten Willen haben.
608 2051 2471 2241 Berengar: (mis-trauisch) Worauf will das linaus?
598 2198 2365 2352 Albine: Ich habe mit dem Baron gesproclen.
603 2321 1816 2494 Berengar: Weht der Wind daber?
613 2440 2530 2641 Albine: Vielmehr er mit mir. Er hat Verbindungen
616 2563 2605 2759 überall.Ich bin überzeugt, dass es ihn nur ein Hort
616 2744 964 2870 kostet-
613 2839 2100 3022 Berengar: Redest du im Ernst, Albine?
623 2919 2697 3151 Albine: Es ist ja nicht das erste Mal. üorauf sollen
