2888 3512
575 372 2487 627 dzaf. Dekt'r sind Sie auch sehr fleissig wie ich
614 648 2637 895 Berengaf: Das darf man vohl sagen. Ich hoffe - blei-
911 826 2100 1022 jetzt hier in wien, Herr Beror?
583 862 885 996 ben3ie
864 986 1791 1151 Termutlich einige Zeit
813 1055 2541 1290 : Tet hofe nmlich in werigen Tegen oder
630 1174 2575 1422 schen sie in mein atelier bitten zuTimen, an Ih-
642 1365 1674 1514 en etwas leues zu zeigen.
606 1409 2167 1677 derr: Es wird mich sehr interersieren.
606 1587 2683 1798 Serengaf: Eine etwas herlastische Sache, ehrlich ge-
622 1718 2562 1907 s anier. is gibi heute, lie es sögar symbolistisch
619 1894 1200 2028 firden werden.
624 2005 1966 2134 Idgar: Sumbolistisch-phantastische
627 2074 2585 2258 Beréngar: Sie halten wohl noch nicht so veit, Herr
637 2296 885 2420 Baron?
2103 2330 2464 2474 mieder
632 2371 2268 2585 Edgar: Im Gegenteil, ich bin fast schon wie
650 2505 2469 2660 rber hinaus. Ich habe in den letzten zwei Jah
648 2634 2446 2807 gerade dergleichen zusamnengekuft,viel leicht
648 2763 2601 2939 gar ein wenig auf Spekulation. Ich erwarte dieser-
658 2895 2456 3091 Tage allerlei aus Parüs, was ich dort erworben
