3272 4472
568 1301 2857 1591 1.Akt. - Künstler, Frau. Der Künstler fil eifersüchtig, der
580 1460 2831 1683 junge Schüler wider Willen der Frau sich hingebend, durch
577 1652 1463 1820 den Freund veranlasst.
594 1794 2822 2028 FI.Akt. - Entdeckung des Betrugs. Der Künstler lässt die
594 1982 2217 2202 Beiden zusammen, geht weg, wird schaffen.
608 2196 2851 2460 III.Akt. - Der Schüler und die Frau. Sie zu ihm: Nis habt
608 2353 2790 2556 ich dich für ein Talent gehalten. Dazu bist du auch gar
620 2564 991 2683 nicht da.
623 2596 2883 2813 Der Kinstler kommt zurück, innerlich befreit. Der Schmerz
626 2715 2953 2947 hat ihm ein grosses Werk geschenkt. Ich komme, auch danken.
632 2845 2877 3077 Der junge Mann bringt sich um und lässt sie einem Andern,
637 3019 2182 3202 dem Einzigen, der sie richtig auffasst.
