2920 3544
420 568 1198 716 Die beiden Künstler.
2262 603 2579 748 4/2.92.
384 689 2611 884 Der jutge Künstler wird in das Haus des berühmten Walers
399 840 2617 1020 eingeführt. Dort gefällt ihm die koketts junge Frau sehr
384 976 2718 1162 wohl. Wie er aber die Trösse des Halers herausfühlt, wendet
485 1109 2603 1281 sick von ihr ab, möchte sie fast verabscheuen, da sie
390 1224 1884 1375 diesen grossen Kaim so wenig versteht.
379 1363 2558 1514 Der Füustler sehr liebenswürdig, wie er den jungen Mann.
373 1476 1680 1644 vorstellt: Der wird mehr kie ich.
349 1600 2538 1789 Der Freund des jungen Hanns belichelt ihn. Bedenke doch
367 1739 2632 1925 eins: was nimenst du ihm denn wegl Gar nichts. (:Sienst di,
393 1872 2520 2055 er lebt in dem Wain, er hat sie zu sich heraufgehoben.
355 1990 2478 2180 Das eiige Nachobenschen ermüdet die Weiber, du glaubst
334 2106 2638 2328 nicht, wie:/ Sie ist ja doch schon die Ehebrecherin, auch
331 2236 2478 2434 wenn sie dich nur im Geiste begeürt, und au machst sie
325 2366 2079 2561 nienr desser, inuel dis sie uleit besilzest.
322 2508 2546 2697 Das Unvermeidliche vollzieht sich, die Frau wird die Ge-
322 2656 1322 2774 liebte des jungen Mannes.
308 2762 2644 2972 Der junge Mann verehrt den Künstler immer tiefer und möchte
305 2887 2679 3099 sich von jener Frau loslösen, möchte am liebsten sie von im
293 3002 2535 3200 loslösen. Der Kinstler ahnt den Betrug. Mit den gleichen-
287 3120 2635 3351 Malen sieht der Schüler dem Verhalten des Meisters zu, den
