<?xml version="1.0" encoding="UTF-8" standalone="yes"?>
<PcGts xmlns="http://schema.primaresearch.org/PAGE/gts/pagecontent/2013-07-15" xmlns:xsi="http://www.w3.org/2001/XMLSchema-instance" xsi:schemaLocation="http://schema.primaresearch.org/PAGE/gts/pagecontent/2013-07-15 http://schema.primaresearch.org/PAGE/gts/pagecontent/2013-07-15/pagecontent.xsd">
    <Metadata>
        <Creator>prov=READ-COOP:name=PyLaia@TranskribusPlatform:version=2.7.0:model_id=50870:lm=none:date=22_01_2024_19:23</Creator>
        <Created>2023-09-27T14:38:33.874+02:00</Created>
        <LastChange>2024-01-22T19:23:06.402+01:00</LastChange>
        <TranskribusMetadata docId="1589050" pageId="60124980" pageNr="22" tsid="145635360" status="IN_PROGRESS" userId="40391" imgUrl="https://files.transkribus.eu/Get?id=VHNTAQAXDNMSLEQPBRVJRJNM&amp;fileType=view" xmlUrl="https://files.transkribus.eu/Get?id=UKZTPRJWRCGPPXBGYSZIRKJD" imageId="48550057"/>
    </Metadata>
    <Page imageFilename="1589050_0022.jpg" imageWidth="2888" imageHeight="3464">
        <ReadingOrder>
            <OrderedGroup id="ro_1711790851834" caption="Regions reading order">
                <RegionRefIndexed index="0" regionRef="tr_1"/>
            </OrderedGroup>
        </ReadingOrder>
        <TextRegion orientation="0.0" id="tr_1" custom="readingOrder {index:0;}">
            <Coords points="824,450 824,3151 2463,3151 2463,450"/>
            <TextLine id="tr_1_tl_1" custom="readingOrder {index:0;}">
                <Coords points="815,587 1386,548 1898,577 1912,459 1666,410 811,424"/>
                <Baseline points="824,516 878,511 933,514 987,518 1042,519 1097,525 1151,526 1206,528 1261,530 1315,531 1370,529 1425,531 1479,533 1534,534 1589,534 1643,533 1698,533 1753,534 1807,534 1862,535 1917,534"/>
                <TextEquiv>
                    <Unicode>B. Dait ale naden</Unicode>
                </TextEquiv>
            </TextLine>
            <TextLine id="tr_1_tl_2" custom="readingOrder {index:1;}">
                <Coords points="826,748 1615,697 1676,730 1878,695 2377,726 2377,638 826,636"/>
                <Baseline points="836,704 913,705 990,704 1067,701 1145,701 1222,698 1299,701 1377,699 1454,697 1531,695 1609,697 1686,695 1763,695 1840,695 1918,695 1995,695 2072,695 2150,692 2227,693 2304,688 2382,689"/>
                <TextEquiv>
                    <Unicode>Albyna:Lass mich Dein Bildsehen,Beren-</Unicode>
                </TextEquiv>
            </TextLine>
            <TextLine id="tr_1_tl_3" custom="readingOrder {index:2;}">
                <Coords points="828,862 854,860 862,852 891,852 897,858 926,854 948,840 1001,840 1003,805 964,797 936,783 913,787 895,775 879,775 846,791 830,789"/>
                <Baseline points="839,848 866,843 894,839 922,836 950,836 978,839 1006,845"/>
                <TextEquiv>
                    <Unicode>gar.</Unicode>
                </TextEquiv>
            </TextLine>
            <TextLine id="tr_1_tl_4" custom="readingOrder {index:3;}">
                <Coords points="822,1007 1217,966 1429,1003 1741,952 2444,968 2463,885 1533,907 1213,826 1054,893 824,885"/>
                <Baseline points="833,967 914,964 996,965 1077,967 1159,961 1240,958 1322,958 1403,957 1485,955 1566,955 1648,955 1729,954 1811,952 1892,952 1974,949 2055,949 2137,953 2218,948 2300,947 2381,946 2463,952"/>
                <TextEquiv>
                    <Unicode>Barenguf: Du weisst, ich din Nicht gewohnt</Unicode>
                </TextEquiv>
            </TextLine>
            <TextLine id="tr_1_tl_5" custom="readingOrder {index:4;}">
                <Coords points="822,1105 2332,1095 2332,1042 2269,1019 2188,1046 1969,993 1696,1052 822,1044"/>
                <Baseline points="833,1095 908,1092 983,1092 1058,1089 1134,1092 1209,1090 1284,1089 1359,1092 1435,1092 1510,1089 1585,1089 1660,1089 1736,1087 1811,1089 1886,1086 1961,1089 2037,1086 2112,1086 2187,1086 2262,1086 2338,1083"/>
                <TextEquiv>
                    <Unicode>meine Bilder sehen zu lassen, bever sle</Unicode>
                </TextEquiv>
            </TextLine>
            <TextLine id="tr_1_tl_6" custom="readingOrder {index:5;}">
                <Coords points="826,1262 934,1260 981,1229 1156,1258 1209,1227 1315,1227 1315,1178 1284,1189 1231,1154 979,1180 930,1158 828,1178"/>
                <Baseline points="839,1233 864,1228 889,1226 914,1224 940,1226 965,1227 990,1227 1015,1227 1041,1227 1066,1227 1091,1227 1116,1226 1142,1224 1167,1224 1192,1224 1217,1222 1243,1221 1268,1221 1293,1223 1319,1227"/>
                <TextEquiv>
                    <Unicode>fertig sind.</Unicode>
                </TextEquiv>
            </TextLine>
            <TextLine id="tr_1_tl_7" custom="readingOrder {index:6;}">
                <Coords points="815,1370 909,1405 1268,1350 1458,1386 2263,1372 2265,1317 2179,1288 2024,1299 1839,1242 1745,1272 1470,1240 1146,1323 818,1309"/>
                <Baseline points="827,1358 899,1354 971,1352 1043,1352 1115,1353 1187,1350 1259,1349 1331,1349 1403,1349 1475,1349 1548,1352 1620,1350 1692,1346 1764,1346 1836,1346 1908,1346 1980,1349 2052,1346 2124,1346 2196,1349 2269,1346"/>
                <TextEquiv>
                    <Unicode>Albine: Du nichst ja heines fartig.</Unicode>
                </TextEquiv>
            </TextLine>
            <TextLine id="tr_1_tl_8" custom="readingOrder {index:7;}">
                <Coords points="826,1482 2273,1474 2273,1405 2198,1401 826,1409"/>
                <Baseline points="836,1478 908,1475 980,1472 1052,1474 1124,1473 1196,1472 1268,1471 1340,1469 1412,1469 1484,1473 1557,1475 1629,1470 1701,1472 1773,1469 1845,1468 1917,1466 1989,1466 2061,1466 2133,1466 2205,1463 2278,1466"/>
                <TextEquiv>
                    <Unicode>Und auch Deine angefangenen kann ich</Unicode>
                </TextEquiv>
            </TextLine>
            <TextLine id="tr_1_tl_9" custom="readingOrder {index:8;}">
                <Coords points="815,1627 2365,1621 2312,1533 1912,1560 1611,1511 1474,1558 1409,1525 815,1564"/>
                <Baseline points="827,1609 904,1603 981,1603 1058,1603 1135,1603 1213,1603 1290,1600 1367,1600 1444,1602 1521,1600 1599,1602 1676,1600 1753,1600 1830,1597 1907,1600 1985,1597 2062,1595 2139,1600 2216,1598 2293,1598 2371,1603"/>
                <TextEquiv>
                    <Unicode>nicht sehen,weil Du sie ja vernichtest,</Unicode>
                </TextEquiv>
            </TextLine>
            <TextLine id="tr_1_tl_10" custom="readingOrder {index:9;}">
                <Coords points="834,1774 1099,1786 1297,1727 1974,1737 1974,1609 1604,1680 834,1688"/>
                <Baseline points="845,1729 901,1727 958,1729 1014,1727 1071,1726 1127,1727 1184,1729 1240,1729 1297,1726 1353,1726 1410,1726 1467,1726 1523,1726 1580,1723 1636,1723 1693,1723 1749,1724 1806,1725 1862,1723 1919,1726 1976,1729"/>
                <TextEquiv>
                    <Unicode>wenn Du nicht zufrieden bist.</Unicode>
                </TextEquiv>
            </TextLine>
            <TextLine id="tr_1_tl_11" custom="readingOrder {index:10;}">
                <Coords points="826,1888 1158,1910 1227,1859 1598,1855 1725,1892 1835,1855 1998,1900 2294,1855 2294,1786 2126,1770 1486,1804 826,1774"/>
                <Baseline points="836,1860 909,1857 982,1854 1055,1857 1128,1857 1201,1856 1274,1857 1348,1856 1421,1855 1494,1857 1567,1854 1640,1854 1713,1854 1786,1849 1860,1852 1933,1854 2006,1851 2079,1851 2152,1851 2225,1850 2299,1848"/>
                <TextEquiv>
                    <Unicode>Berengir: Sollte ich etwa die elenden</Unicode>
                </TextEquiv>
            </TextLine>
            <TextLine id="tr_1_tl_12" custom="readingOrder {index:11;}">
                <Coords points="822,2010 1390,1982 1592,2018 1739,1978 2402,2016 2404,1912 824,1933"/>
                <Baseline points="833,1991 911,1985 990,1985 1069,1982 1148,1979 1227,1982 1305,1978 1384,1976 1463,1976 1542,1976 1621,1978 1699,1976 1778,1973 1857,1975 1936,1973 2015,1973 2093,1976 2172,1976 2251,1976 2330,1975 2409,1979"/>
                <TextEquiv>
                    <Unicode>Shl.zen aubewahren, wäre Dir das lieberl</Unicode>
                </TextEquiv>
            </TextLine>
            <TextLine id="tr_1_tl_13" custom="readingOrder {index:12;}">
                <Coords points="822,2130 2453,2133 2453,2053 2393,2045 966,2084 822,2043"/>
                <Baseline points="833,2111 914,2114 995,2111 1076,2111 1157,2114 1239,2117 1320,2111 1401,2114 1482,2114 1563,2112 1645,2111 1726,2111 1807,2108 1888,2108 1969,2110 2051,2108 2132,2111 2213,2111 2294,2111 2375,2105 2457,2111"/>
                <TextEquiv>
                    <Unicode>Was nicht gelingt, fart damit. Man ist nun</Unicode>
                </TextEquiv>
            </TextLine>
            <TextLine id="tr_1_tl_14" custom="readingOrder {index:13;}">
                <Coords points="828,2251 928,2245 964,2273 1064,2247 1121,2275 1284,2243 1464,2271 1574,2253 1574,2135 1509,2159 1325,2139 1164,2177 1089,2145 828,2204"/>
                <Baseline points="839,2245 876,2244 913,2242 950,2242 987,2242 1024,2242 1061,2242 1098,2242 1135,2242 1172,2242 1209,2242 1246,2240 1283,2239 1320,2239 1357,2239 1394,2239 1431,2239 1468,2239 1505,2239 1542,2240 1579,2242"/>
                <TextEquiv>
                    <Unicode>einnal wie man ist.</Unicode>
                </TextEquiv>
            </TextLine>
            <TextLine id="tr_1_tl_15" custom="readingOrder {index:14;}">
                <Coords points="820,2410 1160,2442 1456,2369 1923,2430 2338,2377 2338,2314 2181,2281 2124,2316 1378,2324 1178,2265 1064,2326 820,2310"/>
                <Baseline points="830,2380 905,2374 981,2371 1057,2372 1132,2377 1208,2373 1284,2371 1359,2368 1435,2369 1511,2369 1587,2374 1662,2369 1738,2368 1814,2367 1889,2365 1965,2366 2041,2367 2116,2365 2192,2368 2268,2368 2344,2365"/>
                <TextEquiv>
                    <Unicode>Albina: (Ich ertrag' es nicht mehr/ Es</Unicode>
                </TextEquiv>
            </TextLine>
            <TextLine id="tr_1_tl_16" custom="readingOrder {index:15;}">
                <Coords points="828,2516 1580,2497 1849,2542 2224,2497 2224,2432 2102,2414 2043,2446 828,2453"/>
                <Baseline points="839,2502 908,2500 978,2502 1047,2500 1117,2502 1186,2497 1256,2496 1325,2494 1395,2493 1464,2493 1534,2491 1604,2496 1673,2493 1743,2493 1812,2490 1882,2492 1951,2490 2021,2490 2090,2490 2160,2488 2230,2493"/>
                <TextEquiv>
                    <Unicode>ist.a beänahe als hättest Du kein</Unicode>
                </TextEquiv>
            </TextLine>
            <TextLine id="tr_1_tl_17" custom="readingOrder {index:16;}">
                <Coords points="822,2636 1863,2638 1863,2597 1786,2557 1602,2555 1547,2593 822,2577"/>
                <Baseline points="833,2627 884,2627 936,2627 988,2627 1040,2627 1092,2627 1143,2627 1195,2627 1247,2624 1299,2624 1351,2624 1402,2624 1454,2624 1506,2624 1558,2622 1610,2624 1661,2624 1713,2624 1765,2624 1817,2624 1869,2636"/>
                <TextEquiv>
                    <Unicode>Vertauen zu meinem Urteii.</Unicode>
                </TextEquiv>
            </TextLine>
            <TextLine id="tr_1_tl_18" custom="readingOrder {index:17;}">
                <Coords points="822,2787 1227,2818 1494,2758 1961,2789 2031,2756 2328,2795 2330,2667 2296,2661 1812,2705 1443,2663 1266,2701 979,2650 824,2691"/>
                <Baseline points="833,2765 908,2759 983,2759 1058,2758 1133,2757 1208,2759 1283,2757 1358,2757 1433,2759 1508,2757 1584,2756 1659,2756 1734,2754 1809,2753 1884,2753 1959,2755 2034,2756 2109,2756 2184,2754 2259,2752 2335,2753"/>
                <TextEquiv>
                    <Unicode>Berengar: Nicht eben das, aber es wäre</Unicode>
                </TextEquiv>
            </TextLine>
            <TextLine id="tr_1_tl_19" custom="readingOrder {index:18;}">
                <Coords points="834,2893 2412,2897 2412,2830 2324,2793 2126,2836 1759,2838 1719,2803 1280,2840 834,2785"/>
                <Baseline points="845,2884 923,2883 1002,2881 1080,2883 1159,2881 1237,2886 1316,2884 1394,2882 1473,2884 1551,2881 1630,2881 1708,2881 1787,2878 1865,2881 1944,2881 2022,2878 2101,2881 2179,2881 2258,2881 2336,2878 2415,2884"/>
                <TextEquiv>
                    <Unicode>inmerhin möglich, dass Du meinen neuesten</Unicode>
                </TextEquiv>
            </TextLine>
            <TextLine id="tr_1_tl_20" custom="readingOrder {index:19;}">
                <Coords points="826,3042 2408,3032 2408,2960 2316,2938 826,2958"/>
                <Baseline points="836,3016 914,3013 993,3013 1072,3013 1151,3013 1230,3013 1308,3011 1387,3013 1466,3013 1545,3012 1624,3013 1702,3010 1781,3013 1860,3010 1939,3010 2018,3010 2096,3010 2175,3011 2254,3010 2333,3007 2412,3007"/>
                <TextEquiv>
                    <Unicode>Versuchen nicht leicht das richtige Ver-</Unicode>
                </TextEquiv>
            </TextLine>
            <TextLine id="tr_1_tl_21" custom="readingOrder {index:20;}">
                <Coords points="820,3166 1264,3123 1711,3176 1898,3123 2326,3146 2326,3040 820,3054"/>
                <Baseline points="830,3126 908,3120 987,3120 1066,3121 1145,3122 1224,3120 1303,3126 1382,3126 1461,3120 1540,3119 1618,3117 1697,3120 1776,3120 1855,3120 1934,3121 2013,3123 2092,3122 2171,3122 2250,3122 2329,3120"/>
                <TextEquiv>
                    <Unicode>ständnis entgegenbrüchtest. Oh.es wäre</Unicode>
                </TextEquiv>
            </TextLine>
            <TextEquiv>
                <Unicode></Unicode>
            </TextEquiv>
        </TextRegion>
    </Page>
</PcGts>
