2872 3528
556 352 2216 609 Jarzen verschen, in ven dis verlisst sind-
538 583 2334 759 Adear: Als an hothars Seite weiterzuleben mit
549 711 2313 877 Sehrsucht,wk Träumen von einem Andern sich
554 845 2420 1021 aufzuzehren, im Verlangen nach einem Andern und
554 950 2565 1116 Ihrem Gatten das Leben zu ruinieren. Das sagte ich.
562 1097 2431 1270 Gedankensünde ist schlimmer als jede andere und
567 1221 2436 1394 gümmer. Die Schuld bleibt die gleiche und statt
570 1336 2436 1536 des Vergnügens oder des Glücks, wenn Sie wollen,
570 1465 2588 1648 bleibi das Bewusstsein einer versäumten Lust,bleibt
572 1617 2530 1774 die Teue. Ich sah, vie Sie litien,Albine, Sie taten
2019 1725 2163 1798 meen
575 1748 2486 1914 mir leid und nicht Sie allein. Auch(Lothar wurde
591 1866 2486 2053 von Tag zu Tag übellauniger,verdüstert geradezu,
575 1998 2567 2160 seine Arbeit ging nicht mehr recht von statten,al-
596 2137 2465 2310 les,was er damals malte, trug die unverkennbaren
596 2278 2583 2431 zeichen des Niedergangs. Es gab nur mehr eine Ret-
609 2407 1990 2572 lung für diese Ehe: den Lienhaber.
2126 2488 2323 2596 hent
614 2567 1292 2698 albine: Nun also?
1816 2554 2344 2693 u dt der Raterber
609 2656 2714 2819 Edgar: Den Liebhaber, sage ich. Aber so etwas erledigt
604 2785 2525 2961 man doch einfacher als Sie es getan haben, in ein
620 2911 2649 3100 haar Wochen, in ein paur Monaten wäre alles abgetan-
