3560 4120
1036 868 3132 1073 Bei einer Choristin Demimondaine Gesellschaft
831 1033 1539 1218 — einige Leute.
1038 1209 2964 1368 Sie halb betrunken? "Nie wär's mit mir so
814 1363 3047 1525 weit gekommen, wenn nicht du :vielleicht ist er
811 1533 2282 1687 da: mich dazu gemacht hättest.
1041 1656 1511 1818 Verführer.
1019 1787 2953 1952 Dummes Wort. Wer hat noch nicht verführt?
1019 1966 2859 2134 Der Eine erzählt die Geschichte von der
805 2120 2387 2276 Jungfrau, die Kokotte werden will.
1021 2282 2984 2384 Der Andere, wie er ein junges Mädchen ver-
785 2415 3038 2566 führt, die sich vor Stolz nicht fassen kann. Die
788 2563 3073 2760 ganze Familie stolz. "Es war grotesk. Ich war der
825 2697 2054 2896 Einzige, der sich schämte.
1010 2871 3093 3056 Der Dritte: "Auch ich habe ein junges Mädchen
785 2993 1246 3155 verführt.“
1021 3141 1289 3280 "Nun?”
1036 3275 3061 3499 "Sie hat sich umgebracht. Es kommt auch vor.
