3592 4152
1257 435 3228 577 sie einander nicht mehr begegnet und waren
1219 549 3282 786 (einander) beinah aus dem Gedächtnis geschwun-
1255 752 3146 889 den. Aber hier auf dem Schiffe waren sie
1255 907 3158 1030 sehr erfreut, die alte Freundschaft zu er
1244 1046 1597 1208 neuern.
1417 1180 3225 1373 Der Jüngere kam aus Ostende, wo er ein
1247 1389 3130 1517 paar Wochen verbracht hatte. Er war über-
1242 1520 3264 1687 haupt sehr viel auf Reisen. Der Aeltere leb-
1255 1682 3112 1850 te zurückgezogen als Privatmann in einer
1247 1845 3120 1979 Gartenvorstadt von Wien. So kam es, dass
1242 1999 3205 2141 sich die Beiden schon jahrelang nicht mehr
1244 2143 3169 2298 gesehen hatten und ausser aller Beziehung
1237 2313 1945 2463 gekommen waren.
1414 2435 3179 2589 Beide schauten einem jungen Paar nach,
1237 2602 3225 2764 das schon geraume Zeit auf dem Verdeck hin-
1242 2751 3277 2927 und herspazierte und in gemessenen Zwischen
1239 2921 3220 3081 räumen an ihnen vorbeikam. Er war ein sehr
1242 3068 3267 3236 grosser, schöner Mann, sie ein zartes Wesen
1257 3177 3292 3300 das eher wie ein Mädchen aussah als wir ein
1242 3292 3313 3462 Frau. Man hätte sie für seine Tochter halten
1242 3468 1602 3648 können.
1505 3578 3089 3746 Die Beiden bleiben nicht für ewig
