6952 4360
6396 296 6640 534 105.
471 313 774 557 108
3686 336 4743 583 8. Zu Alte... Juli....
3719 524 5362 728 Julia. Gut daß hehr fort nach in Wani
3712 679 6054 985 Juli. xxx Juditt. Was bart die mit ihm
3722 902 6373 1196 abgewacht.”  Li hat die Laut erkleit. mit ihn erflicht
3752 1054 6258 1258 Julie. Die Hrteleit gette... Ecker u.
3742 1159 6179 1443 Gäle has wohl er dort. Hatt ist will gethan.. so
3765 1420 6097 1597 wird er wert u. ingebracht haben.. Ich Neueschei
3735 1558 6130 1851 so...  Nie ist alle in Ouch a hoffen Geld ist... Ken¬
3725 1693 5728 1897 bestmbt d... Sie wird sie blieben...
3742 1825 5148 2042 Ziell. Da ersteldich nicht
3742 2003 6005 2243 Ziele. Ich ied nicht mit den flieb. Nein u
3742 2157 6018 2424 wesch so sein. Er habe michten. Der zu
3742 2362 6159 2536 the loo... Heil dider with furent
3732 2480 6288 2793 2 Zielle der letzt seel. Ihnen jetzt unterrichtet.
3712 2668 5965 2931 " Er hat verspielt.. Lée Cose un crstelle.
3778 2852 4954 3073 joil. W is - cut her
3771 2987 6232 3241 Int. Hoch... Jacob Augeblick iste heute¬
3768 3149 4783 3376 Klin. Regel.
3817 3337 4954 3551 sod.. xxx
3752 3465 6084 3742 Jul. Freilich reifsigt. Ist habe aber nur
3929 3663 4503 3824 selben
3798 3755 4690 3959 Ist bei selbst...
3850 3883 6370 4048 Juli. J. t'selht! Rückloerdankt. til acht
