6984 4376
1185 255 3022 476 nicht hier, das Licht ist het. Für
6306 265 6510 485 8
3621 280 4620 558 3. Avielis-Arche,
1059 425 2735 681 be then. In der billagitieren:
3592 457 5732 747 Couéle. lui telle, ses agempt. est préciment
3643 665 4352 822 dur rück.
1538 614 2266 845 “Tartai ab
3624 785 6151 1103 Auch, Allein von - meist. het ich recht gehört.
3627 961 5934 1238 zu Fabri di - de heut an soll!  Weck
6025 1160 6429 1324 be wellv
3592 1144 5792 1503 dine Tho ist. Der sept den gedl.
5924 1276 6498 1405 tion. J. p.
5943 1355 6429 1494 sait tout
3592 1355 5354 1591 Auret. lui je me rès. Le pécle.
5953 1450 6533 1585 Die Weibe nach
6098 1532 6457 1667 herin.
3574 1528 6107 1831 Auch - Juris. paa Aufschr. it ist :/ das alle
3611 1780 4803 2014 klav. u. v übelhaft.
3668 1922 6120 2168 Ametie. Ick sah Herr Amtsn wohl seit zwei
3703 2096 5105 2354 Alevd - quart so we did
3674 2304 5905 2571 Ann Wo ist Heer Telken. Die Bräutig
3605 2496 5067 2697 Aurelt: Bionligon -? -
3659 2704 5304 2893 Articr him - naren out
3690 2874 5114 3041 Aive be eu Fertelmust
3627 2953 5968 3293 Aeske. So ist das ich... wie die Tuch
3684 3236 4021 3384 saste.
3712 3296 5584 3558 Aurele Lietest de ainsi eschs   :
3652 3485 5852 3737 Archiv. mir ja: ich bin in it. Weil
3709 3687 5773 3967 dis weil Herr n Reiseit gehört. Comp
1415 3986 1784 4220 om
