3544 4440
1118 496 3132 734 Max: Aber ich sehe in Ihren Augn Zärtlich
1126 718 1447 843 keit..
1142 800 2968 965 Judit: Nicht im geringsten. Es ist viel
1124 914 2994 1108 eher i ne gewisse innere verwandtschaft.
1129 1071 3108 1301 Sonst könnt ich ja nicht so zu Ihnen reden.
1137 1190 3185 1399 Max: Judit. Nie hat mich nach einem Wesen
1158 1370 2435 1566 so verlangt wie nach Ihnen.
1155 1518 1656 1691 Judit: So.
1855 1590 2152 1730 de Fie
1163 1632 3281 1876 Max: Und Sie, die nach allen verlangen, so
1166 1754 3305 1995 kann es nicht wahr sein, dass Sie sich nicht
1187 1956 2427 2144 auch in meine Arme sehnen.
1200 2080 3233 2321 Judit: O nicht nach allen. Nur nach denen,
1211 2247 2923 2478 die mich sehr teuer bezahlen würden.
1206 2348 3217 2647 Ma: Später ja, Aber der erste. Si wollen
1222 2496 3262 2782 doch Ihre jun fräulichkeit nicht einem frem
1235 2616 3093 2896 den hingeben, der nicht einmal wüsste,
1243 2772 3177 3077 Judit: Nur dem. Der, der mich als erster
578 2772 1004 2981 im Z. A.
1253 2902 3172 3188 besitzt, darf gar nicht wissen, dass ich
1357 3021 3355 3334 Jungfrau bin. Ich werde es ihm ableugnen,
1280 3201 3143 3474 wenn er den Verdacht hegen sollte. Kurz
1283 3320 3214 3652 von allen Männern, die es auf Erden gibt,
