6920 4296
971 213 2839 432 Aure. Es ist das weit tueren.
470 257 714 505 16 V
1028 373 3146 577 Telt. Neu - nicht hinaus – ich gebe de "
1018 517 3278 755 Der Freibeil wird, auf de & verstötter
950 696 3162 906 Nicht die Einambleit ist der
1081 827 2933 1087 stêtte der Wahl. die Welt...
1100 1006 2761 1206 As An hart in hil geecht.
1081 1141 3344 1432 Tult. d. Qu. Ists möglich. Die willst im
1103 1376 2056 1551 allen conen...
1153 1482 3262 1742 Tailk, hem, Quelis. I have be dis..
1147 1645 3378 1833 wie auch nicht mit die... Lein Freund¬
1156 1796 3174 2024 gleine Ziflücht- vielleicht auch et
1153 1974 3269 2197 towohl - wbeld die in verlange
1172 2118 2056 2291 Cen lieu aso
1200 2266 3218 2476 Talk. Aber siel dort in drit i lein
1075 2447 3221 2664 in dich. - he welt klingt in
1188 2614 3080 2855 Erlacht, es wohl.
1200 2780 2413 2952 Ere bich nicht.
1194 2930 3353 3184 Telt. Weil de dentst - dages ve
1213 3087 3294 3303 ilich vi - den ich di t dern
1225 3240 3328 3500 verachten wird... Obe sein – ich
1263 3431 3287 3695 will dap di de kertweis følget -
1291 3613 3284 3801 de a et il ègstl... Verletiert
1326 3745 3359 3939 not.. Lilest is hei - als näch todt.
1313 3880 2767 4064 the as it implet
1410 4014 2150 4140 zu un —.
6396 229 6578 464 69
3717 266 6126 511 Nur ich lebe... Mai die weit reifst – ich werde sie
3720 464 5957 746 Stelle ein - abe ich will hier tgrei un¬
3692 617 5848 918 (Einualnachs..) (meest bisher nam) —
3726 749 5487 1003 Rebk. das - uferlose clipt de vent
3773 965 6230 1282 Talk. Nein - (die Heimand bin ich dir). Ich kart
3808 1156 5895 1360 dem - Mich kommt die wie verlieren.
3723 1282 5967 1545 es sei - die nicht mit nicht mehr - und
3707 1548 6227 1761 versicht weit - Ich will der zu Frist haben....Bn
3739 1711 6148 1959 ein Kerkt. Noch einmal die honate...
3739 1865 6120 2172 Dann treffer wir uns wieder. Aber dass die
3745 2059 5945 2306 - id uilange in dir - nufd
3707 2231 5716 2482 seder vorhernt fol die deit ruft.
3704 2407 5487 2676 An Jecter. Le erst gleich.
3760 2629 4735 2852 Talt. Trust.
3760 2780 6083 3040 Ain.    hen plick.. hei hicit – wie
3855 2949 4519 3190 with him.
3999 3046 5205 3303 (Will & am Brurt¬
3964 3331 6083 3504 (Bewegung) - Saare, Cursil, Amst. -
4083 3453 6054 3748 present. The Blickferleteron
4030 3588 5193 3839 Talt ab - + ws. 1)
4030 3757 5403 4017 he been geliebte.
