6968 4408
436 260 720 442 ....
472 411 702 699 127
953 490 3079 708 Leust. Eucht weit.. Le werder mien i
1159 653 1882 844 lebe haben...
986 771 2952 980 Man. Juli is:- dann -.. Bis
1116 926 1742 1110 Nubsteln.
1074 1041 2738 1280 sevez l'as est de fus ci Sterp?
1038 1222 3143 1431 bas. Istabe wenn sehr verloren.
1071 1398 3164 1588 unimidlyteit in wederbo - -
1016 1543 3264 1758 ev. - ist nimmt - vielleicht -s ihn verstattet
1047 1703 2859 1936 - Sece. La cit je amt ſe rth.
1019 1863 2487 2084 lwa. Es und soll so is
1041 1987 2886 2248 see of a ced hittor, or Teim
998 2199 2420 2402 M. Leapel Kimmel
989 2384 2335 2629 Seap Esqr - he -
992 2556 3049 2768 los. I the reupers to do it
947 2707 2429 2910 Sevak. Cbe ntent -:-
974 2868 1972 3086 Eliz. Cuberte
1038 3052 1894 3303 De Clerbe)
1038 3243 3261 3461 lien. Nelculis. Und da aussi me nöhl...
1137 3433 3315 3687 Uen en Kerltz talle.... ja eerst auf mein
508 3494 971 3648 not but
1143 3618 3143 3866 Iil geb. allerhand Talerk... I have
508 3639 914 3799 zu bahr
1222 3769 3092 4005 all 1. in aichtiel Ceneissis.
1131 3945 3152 4202 werden. An e und seit schon ein
6310 257 6522 466 121
3603 357 5617 587 has finden - reed in but will do
3621 548 5708 777 Om Ende bei un us il je ai il nui.
3597 720 5091 998 einige Wahrtehlig.
3615 880 5947 1165 Seach. Le Lebe ist er niederte schön.
3624 1098 5741 1331 Was. Spiel er der endläut. Al in
3663 1267 5817 1509 not he aller -  sre a jeue Cben
3651 1479 6077 1770 einer hörich sind. Lömell. zu dH
3639 1679 5862 1882 sous.  un Rirelre least is.
3684 1857 5457 2127 Sea. Gut den ick will youle..
3697 2078 4335 2284 be.
3712 2172 6005 2396 Serast... hen, with us he
3684 2353 5291 2586 bei. Auch das ist, it
3654 2493 5808 2795 Seven- ben - w... and demened.
3706 2747 4559 2977 be. Ah we
3748 2874 5896 3176 serat. Das wer da -! (kam i
3730 3152 4973 3430 has. Sterbes - : -
3799 3318 5146 3606 Sear. War etc. lebth
