3640 4152
1020 260 3302 566 kam zum zweiter liebe an der Tresse
2817 511 2987 670 11
1052 523 1537 725 nortei;
381 612 664 826 G. A
974 659 3143 861 Im Schein einer Laterne, die man vor wenig Se-
442 777 667 945 G.C.H.F.P
939 835 3146 1020 kunden angezündet hatte, erblickte ich ihr Ant-
494 962 702 1098 G.C.H.F.F:P
927 997 3250 1173 litz, und nun sah ich, dass es wirklich das selbe
520 1060 650 1288 P.
948 1150 3097 1306 junge Mädchen war, das ich vor drei Jahren im
482 1277 690 1476 G.C.H.F.F:P:
936 1285 2921 1493 Ischler Wald geküsst hatte.... Sollte sich
936 1456 3175 1635 lich ihren Vorsatz ausgeführt haben: dachte ich
936 1583 3117 1762 zuerst, — xxx sie so allein an den hüftel nachst-
598 1563 693 1722 G.F.P.
2138 1725 3227 1918 aus. Ich er-
1017 1759 1733 1961 gegenwärtig. Sie
939 1886 3212 2080 hob mich rasch, eilte auf die Strasse und folgte
939 2048 3155 2219 ihr und hatte sie bald eingeholt. "Sind Sie es,
933 2198 3160 2415 Fräulein Judith?“ Sie blieb stehen und sah nicht
942 2375 3256 2545 an. Als sie mich erkannte, lächelte sie und sagte
956 2542 3123 2692 *Sie? Das ist hübsch, dass Sie der Erste sind,
933 2672 3149 2860 dem ich begegne. Ich bin nämlich heute nachmit-
982 2851 2022 3033 tags hier angekommen.
1190 2993 2909 3155 Mit Ihrem Herrn Genal?“ fragte ich.
1173 3134 3253 3313 Sie schüttelte den Kopf und blickte mich mit
985 3279 3221 3469 grossen Augen an. Sie haben ihre Mitte verle-
994 3466 3201 3608 Sie war in diesen drei Jahren viel schöner
