6968 4360
508 311 802 497 12
460 450 788 728 112:-
944 467 3187 788 (serenbrui (si Lendorf.) nur onder nicht, nur
893 731 1455 903 (hibe!-)
961 809 3347 1086 sind. Sie mir wir ich böre, Srepture,
843 991 2023 1208 it in Ihm dostil
944 1130 3333 1425 Ser. Darent wußte man gefasst sein – dort
961 1310 2183 1577 Sie né un glaublich. -
924 1469 3194 1743 here. He will it vast one in bestes k.A.
1046 1695 1607 1858 written.
998 1790 3279 2037 Ses. Cvan hebt th. Oe de avistes,.Hui et ainsi
1042 1942 3221 2230 the Deut zu werden -?  We ampeda
1073 2162 2074 2342 am Ende geben.
1032 2338 3245 2507 Lend. In hebe in Überseityn for A.
1127 2470 3275 2714 Au Tag were Anbru f i der wess
1113 2656 2605 2917 Sawiss his ut Obeill...
6460 288 6639 470 112
3668 335 4751 555 2. “Secretive hand.”
3766 501 4717 707 Teux - Ambrs
3705 643 6108 815 teers.  De huis, il voit une verspelet publent
3695 778 5790 985 Her Wislebens ja will wahr erneitet.
3654 931 6297 1228 Amass. Nach einer Bauit wie wach:... a clercke 1
3709 1130 4270 1306 noll ver¬
3712 1242 5834 1435 Sez le hall scha fortblecke Brunné. -
3739 1384 6453 1631 Fevr. Joseph ist beleidigt. Er hat mit ihr ausspiet.
3797 1597 4463 1749 Sie begleitet
3726 1658 6243 1881 feind. Es ich sehr hütich..... wir haben zugebaut
3793 1851 5082 2074 Teu. Et tat talent
3797 1990 5153 2223 Lennen nicht gewis
3820 2098 6016 2375 Aulres. We had given Valent.
3800 2301 5742 2585 (Seid. to bleibt Elisabeth).?
3783 2443 6148 2710 Aulm. Wausgeht die Coniertreise an -?
3871 2666 4737 2876 Teas. borges:-
3844 2781 4977 3015 Ambassadeur
3871 2795 5969 3137 Fevr totl. if there dri Liete zeigen
3847 3096 5065 3303 Auln he rur coil -
6301 3174 6636 3340 (heer acht)
3885 3191 6558 3424 Ses Ich kann ihn doch nicht allein hier lassen und
6267 3350 6636 3516 perivet.
3895 3340 6273 3651 Fevy. her gule kind.. Und auf Reises... As
3922 3556 5316 3753 même reçue...
3969 3678 5955 3918 Caulon. be then he is it out and is not,
3952 3807 5708 4040 Ses. bren weissen Freund.
