<?xml version="1.0" encoding="UTF-8" standalone="yes"?>
<PcGts xmlns="http://schema.primaresearch.org/PAGE/gts/pagecontent/2013-07-15" xmlns:xsi="http://www.w3.org/2001/XMLSchema-instance" xsi:schemaLocation="http://schema.primaresearch.org/PAGE/gts/pagecontent/2013-07-15 http://schema.primaresearch.org/PAGE/gts/pagecontent/2013-07-15/pagecontent.xsd">
    <Metadata>
        <Creator>prov=READ-COOP:name=TrHtr:version=2.1.0:model_id=51170:date=29_07_2023_21:38</Creator>
        <Created>2023-05-10T13:15:26.584+02:00</Created>
        <LastChange>2023-07-29T21:38:19.334+02:00</LastChange>
        <TranskribusMetadata docId="1428570" pageId="55411243" pageNr="231" tsid="131464904" status="IN_PROGRESS" userId="64420" imgUrl="https://files.transkribus.eu/Get?id=OWRQLLLDRZJFYCRENNIYZEAE&amp;fileType=view" xmlUrl="https://files.transkribus.eu/Get?id=VIUZNDBLGADWCEZLCKFGBNKG" imageId="44685386"/>
    </Metadata>
    <Page imageFilename="1428570_0231.jpg" imageWidth="3432" imageHeight="4168">
        <ReadingOrder>
            <OrderedGroup id="ro_1711793408630" caption="Regions reading order">
                <RegionRefIndexed index="0" regionRef="tr_1"/>
            </OrderedGroup>
        </ReadingOrder>
        <TextRegion id="tr_1" custom="readingOrder {index:0;}">
            <Coords points="211,412 2931,412 2931,3957 211,3957"/>
            <TextLine id="tr_1_tl_1" custom="readingOrder {index:0;}">
                <Coords points="327,547 493,608 972,594 1222,469 1735,516 1735,412 1644,361 1289,287 1070,334 850,294 331,331"/>
                <Baseline points="346,468 391,480 435,480 480,480 525,480 570,483 615,483 659,480 704,477 749,471 794,471 838,468 883,468 928,468 973,465 1018,465 1062,465 1107,462 1152,462 1197,465 1242,465 1286,465 1331,468 1376,471 1421,471 1465,474 1510,474 1555,477 1600,480 1645,474 1689,474 1734,477 1743,477"/>
                <TextEquiv>
                    <Unicode>Ruhm (allen, na binnen.)</Unicode>
                </TextEquiv>
            </TextLine>
            <TextLine id="tr_1_tl_2" custom="readingOrder {index:1;}">
                <Coords points="250,736 648,739 817,824 942,756 1566,776 1664,753 1671,587 256,591"/>
                <Baseline points="268,704 286,698 331,698 376,701 420,701 465,701 510,698 555,695 600,692 644,692 689,689 734,689 779,689 824,686 868,689 913,683 958,680 1003,680 1047,677 1092,677 1137,674 1182,671 1227,674 1271,671 1316,671 1361,671 1406,668 1451,671 1495,668 1540,665 1585,659 1630,656 1674,665"/>
                <TextEquiv>
                    <Unicode>zu dass tritt in der statt.</Unicode>
                </TextEquiv>
            </TextLine>
            <TextLine id="tr_1_tl_3" custom="readingOrder {index:2;}">
                <Coords points="192,986 2282,884 2555,972 2562,736 2045,844 1735,749 1438,830 999,753 199,830"/>
                <Baseline points="214,937 238,937 283,937 328,940 373,937 417,937 462,934 507,928 552,928 597,928 641,928 686,925 731,922 776,922 821,919 865,919 910,916 955,913 1000,910 1044,907 1089,910 1134,907 1179,907 1224,907 1268,904 1313,904 1358,901 1403,895 1448,892 1492,892 1537,889 1582,889 1627,886 1671,883 1716,886 1761,883 1806,880 1851,880 1895,880 1940,880 1985,880 2030,877 2075,874 2119,871 2164,871 2209,868 2254,865 2298,865 2343,865 2388,862 2433,859 2478,856 2522,853 2567,850"/>
                <TextEquiv>
                    <Unicode>I will - Mr Aulon, was to there. we are of</Unicode>
                </TextEquiv>
            </TextLine>
            <TextLine id="tr_1_tl_4" custom="readingOrder {index:3;}">
                <Coords points="267,1178 1441,1083 2322,1127 2494,1087 2498,952 1394,1012 273,952"/>
                <Baseline points="286,1131 313,1131 358,1125 403,1122 447,1119 492,1119 537,1116 582,1113 626,1113 671,1107 716,1107 761,1104 806,1104 850,1101 895,1101 940,1101 985,1101 1030,1098 1074,1098 1119,1098 1164,1098 1209,1098 1253,1095 1298,1089 1343,1089 1388,1083 1433,1083 1477,1083 1522,1083 1567,1083 1612,1083 1657,1083 1701,1083 1746,1083 1791,1080 1836,1077 1880,1077 1925,1080 1970,1077 2015,1080 2060,1080 2104,1080 2149,1077 2194,1077 2239,1071 2284,1071 2328,1071 2373,1068 2418,1065 2463,1065 2504,1056"/>
                <TextEquiv>
                    <Unicode>ne Eon lebrok - wie mødre alle</Unicode>
                </TextEquiv>
            </TextLine>
            <TextLine id="tr_1_tl_5" custom="readingOrder {index:4;}">
                <Coords points="192,1333 1232,1279 1475,1336 1600,1269 2416,1330 2420,1198 1826,1114 1286,1218 955,1222 699,1124 196,1212"/>
                <Baseline points="211,1274 229,1277 274,1277 319,1277 364,1280 409,1283 453,1280 498,1283 543,1283 588,1286 632,1283 677,1283 722,1280 767,1283 812,1280 856,1280 901,1277 946,1280 991,1280 1036,1280 1080,1283 1125,1277 1170,1274 1215,1274 1259,1271 1304,1268 1349,1268 1394,1262 1439,1259 1483,1259 1528,1259 1573,1259 1618,1259 1663,1262 1707,1262 1752,1259 1797,1256 1842,1253 1886,1253 1931,1250 1976,1248 2021,1250 2066,1250 2110,1250 2155,1248 2200,1248 2245,1250 2290,1245 2334,1242 2379,1242 2424,1245"/>
                <TextEquiv>
                    <Unicode>werden! hernäus bin ich - woll wie</Unicode>
                </TextEquiv>
            </TextLine>
            <TextLine id="tr_1_tl_6" custom="readingOrder {index:5;}">
                <Coords points="223,1526 2568,1505 2889,1455 2892,1333 226,1384"/>
                <Baseline points="241,1501 256,1504 301,1507 346,1510 391,1513 435,1513 480,1513 525,1513 570,1510 615,1507 659,1507 704,1501 749,1498 794,1492 838,1489 883,1489 928,1489 973,1486 1018,1480 1062,1477 1107,1477 1152,1477 1197,1474 1242,1474 1286,1471 1331,1468 1376,1465 1421,1462 1465,1462 1510,1459 1555,1457 1600,1454 1645,1454 1689,1454 1734,1454 1779,1454 1824,1454 1869,1454 1913,1454 1958,1451 2003,1451 2048,1454 2092,1454 2137,1454 2182,1451 2227,1451 2272,1451 2316,1451 2361,1448 2406,1448 2451,1448 2496,1445 2540,1442 2585,1436 2630,1436 2675,1433 2719,1427 2764,1421 2809,1421 2854,1418 2899,1421"/>
                <TextEquiv>
                    <Unicode>Realm. him - führt - und mit seyen, xxx u</Unicode>
                </TextEquiv>
            </TextLine>
            <TextLine id="tr_1_tl_7" custom="readingOrder {index:6;}">
                <Coords points="439,1671 918,1600 1087,1640 1225,1593 1310,1647 1488,1552 1674,1566 1677,1502 1542,1458 1120,1529 979,1485 874,1529 449,1539"/>
                <Baseline points="459,1642 474,1636 519,1630 564,1627 609,1621 653,1618 698,1615 743,1612 788,1603 833,1600 877,1597 922,1594 967,1591 1012,1585 1056,1585 1101,1582 1146,1576 1191,1573 1236,1570 1280,1570 1325,1567 1370,1564 1415,1558 1459,1552 1504,1549 1549,1549 1594,1546 1639,1534 1683,1540"/>
                <TextEquiv>
                    <Unicode>weil thre holl ht:-</Unicode>
                </TextEquiv>
            </TextLine>
            <TextLine id="tr_1_tl_8" custom="readingOrder {index:7;}">
                <Coords points="216,1789 1370,1657 2197,1711 2447,1677 2484,1600 2140,1532 479,1674 371,1590 223,1664"/>
                <Baseline points="238,1725 247,1725 292,1728 337,1725 382,1722 426,1716 471,1713 516,1707 561,1710 606,1704 650,1701 695,1698 740,1695 785,1695 830,1692 874,1692 919,1686 964,1683 1009,1680 1053,1674 1098,1668 1143,1663 1188,1660 1233,1657 1277,1657 1322,1657 1367,1654 1412,1657 1457,1654 1501,1654 1546,1651 1591,1651 1636,1654 1680,1651 1725,1648 1770,1645 1815,1645 1860,1645 1904,1645 1949,1645 1994,1645 2039,1645 2084,1645 2128,1648 2173,1648 2218,1645 2263,1645 2307,1645 2352,1645 2397,1642 2442,1639 2487,1639"/>
                <TextEquiv>
                    <Unicode>-  u vlehl durchau u</Unicode>
                </TextEquiv>
            </TextLine>
            <TextLine id="tr_1_tl_9" custom="readingOrder {index:8;}">
                <Coords points="253,1991 577,1904 871,1937 1016,1853 1448,1897 1883,1812 2082,1893 2373,1843 2376,1765 1762,1691 260,1822"/>
                <Baseline points="274,1919 280,1919 325,1913 370,1907 415,1904 459,1901 504,1895 549,1889 594,1886 638,1883 683,1886 728,1883 773,1880 818,1877 862,1875 907,1866 952,1863 997,1857 1042,1854 1086,1851 1131,1848 1176,1845 1221,1839 1265,1839 1310,1836 1355,1836 1400,1836 1445,1836 1489,1830 1534,1830 1579,1830 1624,1827 1668,1824 1713,1821 1758,1815 1803,1815 1848,1812 1892,1812 1937,1809 1982,1809 2027,1806 2072,1806 2116,1809 2161,1806 2206,1806 2251,1806 2295,1806 2340,1803 2385,1800"/>
                <TextEquiv>
                    <Unicode>will feel. day he - it begleit..</Unicode>
                </TextEquiv>
            </TextLine>
            <TextLine id="tr_1_tl_10" custom="readingOrder {index:9;}">
                <Coords points="240,2109 2501,2012 2562,1897 1930,1846 1441,1978 928,1910 243,1984"/>
                <Baseline points="259,2078 283,2075 328,2069 373,2069 417,2069 462,2066 507,2063 552,2057 597,2054 641,2054 686,2048 731,2048 776,2045 821,2042 865,2039 910,2036 955,2036 1000,2027 1044,2024 1089,2027 1134,2021 1179,2021 1224,2021 1268,2018 1313,2015 1358,2015 1403,2015 1448,2012 1492,2009 1537,2006 1582,2003 1627,2000 1671,1997 1716,1991 1761,1988 1806,1979 1851,1976 1895,1973 1940,1970 1985,1970 2030,1970 2075,1973 2119,1973 2164,1976 2209,1976 2254,1976 2298,1976 2343,1976 2388,1973 2433,1973 2478,1970 2522,1964 2567,1970"/>
                <TextEquiv>
                    <Unicode>kurs à fait. Et istems aussi de.. elle eue</Unicode>
                </TextEquiv>
            </TextLine>
            <TextLine id="tr_1_tl_11" custom="readingOrder {index:10;}">
                <Coords points="310,2352 1141,2207 2076,2251 2450,2187 2454,2096 1971,2018 1853,2086 1222,2136 1016,2069 321,2187"/>
                <Baseline points="331,2304 352,2301 397,2298 441,2290 486,2278 531,2272 576,2263 621,2257 665,2254 710,2248 755,2248 800,2239 844,2236 889,2233 934,2224 979,2218 1024,2212 1068,2212 1113,2209 1158,2209 1203,2206 1248,2203 1292,2203 1337,2197 1382,2197 1427,2194 1471,2191 1516,2191 1561,2188 1606,2185 1651,2182 1695,2179 1740,2173 1785,2170 1830,2167 1875,2167 1919,2167 1964,2164 2009,2167 2054,2167 2098,2170 2143,2173 2188,2173 2233,2173 2278,2173 2322,2176 2367,2173 2412,2167 2457,2173"/>
                <TextEquiv>
                    <Unicode>verfahrheit Richelie ist: Quielis...</Unicode>
                </TextEquiv>
            </TextLine>
            <TextLine id="tr_1_tl_12" custom="readingOrder {index:11;}">
                <Coords points="1718,2393 2336,2332 2568,2410 2848,2349 2852,2254 2686,2194 2376,2228 2217,2190 1988,2315 1873,2305 1789,2244 1721,2275"/>
                <Baseline points="1740,2376 1743,2376 1788,2364 1833,2364 1877,2364 1922,2361 1967,2361 2012,2358 2033,2337 2078,2340 2122,2340 2167,2334 2212,2334 2257,2334 2301,2334 2346,2334 2391,2337 2436,2334 2481,2337 2525,2334 2570,2334 2615,2337 2660,2340 2705,2340 2749,2343 2794,2343 2839,2349 2854,2349"/>
                <TextEquiv>
                    <Unicode>[illegible] Als hielfest</Unicode>
                </TextEquiv>
            </TextLine>
            <TextLine id="tr_1_tl_13" custom="readingOrder {index:12;}">
                <Coords points="280,2552 557,2460 1262,2454 1438,2393 1721,2444 1731,2295 1387,2275 1316,2336 989,2265 611,2410 294,2352"/>
                <Baseline points="304,2460 346,2466 391,2469 435,2472 480,2469 525,2466 570,2460 615,2457 659,2454 704,2454 749,2451 794,2445 838,2442 883,2439 928,2436 973,2433 1018,2433 1062,2430 1107,2427 1152,2421 1197,2421 1242,2412 1286,2409 1331,2406 1376,2403 1421,2397 1465,2394 1510,2391 1555,2391 1600,2388 1645,2388 1689,2376 1734,2376"/>
                <TextEquiv>
                    <Unicode>his uur alle risaines</Unicode>
                </TextEquiv>
            </TextLine>
            <TextLine id="tr_1_tl_14" custom="readingOrder {index:13;}">
                <Coords points="1714,2511 1745,2511 1796,2460 1897,2501 1934,2467 1964,2474 1984,2457 2096,2487 2130,2477 2130,2420 2008,2386 1995,2400 1920,2400 1802,2362 1708,2400"/>
                <Baseline points="1731,2442 1776,2445 1821,2448 1866,2451 1910,2454 1955,2454 2000,2454 2045,2454 2089,2457 2134,2457"/>
                <TextEquiv>
                    <Unicode>Hannig</Unicode>
                </TextEquiv>
            </TextLine>
            <TextLine id="tr_1_tl_15" custom="readingOrder {index:14;}">
                <Coords points="209,2737 1650,2578 2673,2673 2930,2575 2578,2433 2251,2528 1688,2430 1158,2444 1036,2538 857,2433 216,2568"/>
                <Baseline points="232,2681 244,2678 289,2672 334,2666 379,2663 423,2660 468,2651 513,2651 558,2648 603,2642 647,2639 692,2639 737,2642 782,2636 827,2633 871,2633 916,2627 961,2630 1006,2627 1050,2624 1095,2621 1140,2621 1185,2621 1230,2615 1274,2615 1319,2612 1364,2606 1409,2603 1454,2597 1498,2591 1543,2585 1588,2579 1633,2576 1677,2576 1722,2573 1767,2573 1812,2576 1857,2576 1901,2576 1946,2579 1991,2582 2036,2582 2081,2579 2125,2582 2170,2582 2215,2585 2260,2588 2304,2594 2349,2597 2394,2597 2439,2591 2484,2594 2528,2597 2573,2597 2618,2597 2663,2597 2708,2600 2752,2603 2797,2606 2842,2609 2887,2609 2931,2615"/>
                <TextEquiv>
                    <Unicode>out 1 hiff jela de..    Kannig Fils - den krose</Unicode>
                </TextEquiv>
            </TextLine>
            <TextLine id="tr_1_tl_16" custom="readingOrder {index:15;}">
                <Coords points="277,2889 425,2946 736,2845 2076,2815 2622,2930 2740,2916 2744,2757 2322,2676 2092,2757 1752,2649 1256,2778 280,2740"/>
                <Baseline points="295,2839 340,2851 385,2860 429,2860 474,2857 519,2854 564,2854 609,2854 653,2854 698,2851 743,2845 788,2848 833,2848 877,2842 922,2842 967,2842 1012,2836 1056,2833 1101,2833 1146,2830 1191,2830 1236,2830 1280,2833 1325,2833 1370,2830 1415,2830 1459,2824 1504,2821 1549,2821 1594,2821 1639,2818 1683,2815 1728,2815 1773,2812 1818,2812 1863,2812 1907,2812 1952,2809 1997,2812 2042,2809 2086,2809 2131,2812 2176,2812 2221,2812 2266,2815 2310,2821 2355,2824 2400,2821 2445,2827 2490,2830 2534,2836 2579,2836 2624,2836 2669,2839 2713,2842 2749,2845"/>
                <TextEquiv>
                    <Unicode>-roprl, and them abrifite in</Unicode>
                </TextEquiv>
            </TextLine>
            <TextLine id="tr_1_tl_17" custom="readingOrder {index:16;}">
                <Coords points="284,3105 665,3041 1094,3031 1178,3112 1353,3051 1731,3068 1930,3031 1930,2909 1620,2889 1418,2980 1262,2970 1114,2872 942,2967 658,2906 533,2973 287,2977"/>
                <Baseline points="307,3048 340,3051 385,3048 429,3048 474,3048 519,3045 564,3042 609,3042 653,3039 698,3039 743,3036 788,3036 833,3039 877,3036 922,3033 967,3033 1012,3033 1056,3030 1101,3027 1146,3027 1191,3027 1236,3027 1280,3030 1325,3027 1370,3027 1415,3027 1459,3030 1504,3030 1549,3030 1594,3030 1639,3030 1683,3027 1728,3027 1773,3024 1818,3024 1849,3020 1895,3021 1940,3018"/>
                <TextEquiv>
                    <Unicode>ut alle in Fage pitell.</Unicode>
                </TextEquiv>
            </TextLine>
            <TextLine id="tr_1_tl_18" custom="readingOrder {index:17;}">
                <Coords points="284,3294 1657,3206 2072,3308 2265,3216 2686,3216 2686,3115 2194,3068 1424,3156 1252,3085 284,3105"/>
                <Baseline points="301,3194 346,3203 391,3206 435,3209 480,3212 525,3215 570,3212 615,3212 659,3212 704,3209 749,3209 794,3209 838,3206 883,3203 928,3206 973,3206 1018,3206 1062,3206 1107,3206 1152,3203 1197,3203 1242,3203 1286,3203 1331,3203 1376,3203 1421,3203 1465,3200 1510,3200 1555,3200 1600,3203 1645,3206 1689,3206 1734,3206 1779,3212 1824,3212 1869,3212 1913,3215 1958,3215 2003,3221 2048,3218 2092,3221 2137,3221 2182,3218 2227,3215 2272,3212 2316,3212 2361,3209 2406,3209 2451,3209 2496,3209 2540,3206 2585,3206 2630,3206 2675,3209 2696,3212"/>
                <TextEquiv>
                    <Unicode>zu rük – das stellen nie in Aufgehendis wie¬</Unicode>
                </TextEquiv>
            </TextLine>
            <TextLine id="tr_1_tl_19" custom="readingOrder {index:18;}">
                <Coords points="300,3493 749,3517 1563,3388 2693,3483 2717,3355 2265,3297 1995,3372 1580,3257 1330,3351 911,3274 304,3355"/>
                <Baseline points="322,3421 352,3418 397,3421 441,3418 486,3421 531,3418 576,3415 621,3415 665,3412 710,3406 755,3403 800,3400 844,3400 889,3397 934,3397 979,3397 1024,3397 1068,3397 1113,3397 1158,3400 1203,3400 1248,3397 1292,3397 1337,3391 1382,3391 1427,3388 1471,3385 1516,3388 1561,3391 1606,3391 1651,3397 1695,3400 1740,3400 1785,3403 1830,3403 1875,3406 1919,3403 1964,3406 2009,3406 2054,3406 2098,3403 2143,3403 2188,3400 2233,3400 2278,3400 2322,3400 2367,3403 2412,3400 2457,3400 2501,3400 2546,3400 2591,3400 2636,3403 2681,3400 2725,3403"/>
                <TextEquiv>
                    <Unicode>seizt. Ol mir uns wiederreten wolle.</Unicode>
                </TextEquiv>
            </TextLine>
            <TextLine id="tr_1_tl_20" custom="readingOrder {index:19;}">
                <Coords points="267,3658 456,3726 1178,3692 1418,3601 2433,3635 2582,3615 2585,3517 2261,3412 1927,3564 1458,3453 901,3476 665,3571 270,3507"/>
                <Baseline points="286,3612 310,3612 355,3615 400,3618 444,3621 489,3621 534,3621 579,3624 624,3624 668,3624 713,3627 758,3624 803,3624 847,3621 892,3618 937,3621 982,3621 1027,3621 1071,3618 1116,3612 1161,3612 1206,3609 1250,3609 1295,3606 1340,3603 1385,3603 1430,3597 1474,3597 1519,3597 1564,3594 1609,3597 1654,3594 1698,3597 1743,3594 1788,3594 1833,3594 1877,3594 1922,3594 1967,3594 2012,3588 2057,3585 2101,3579 2146,3579 2191,3579 2236,3576 2281,3576 2325,3576 2370,3579 2415,3582 2460,3585 2504,3588 2549,3591 2594,3594"/>
                <TextEquiv>
                    <Unicode>Aulon (o. hui terahbrie. bas noch</Unicode>
                </TextEquiv>
            </TextLine>
            <TextLine id="tr_1_tl_21" custom="readingOrder {index:20;}">
                <Coords points="523,3824 719,3871 1606,3760 2447,3841 2565,3810 2568,3669 2018,3591 1735,3621 1586,3726 925,3662 523,3723"/>
                <Baseline points="543,3773 558,3776 603,3779 647,3782 692,3782 737,3782 782,3785 827,3785 871,3785 916,3785 961,3785 1006,3782 1050,3782 1095,3782 1140,3782 1185,3779 1230,3779 1274,3776 1319,3773 1364,3770 1409,3770 1454,3767 1498,3770 1543,3767 1588,3764 1633,3758 1677,3755 1722,3758 1767,3758 1812,3761 1857,3764 1901,3767 1946,3764 1991,3758 2036,3755 2081,3758 2125,3758 2170,3761 2215,3761 2260,3761 2304,3764 2349,3764 2394,3767 2439,3770 2484,3767 2528,3767 2573,3764"/>
                <TextEquiv>
                    <Unicode>in verschiedene Seiter, sehen:</Unicode>
                </TextEquiv>
            </TextLine>
            <TextLine id="tr_1_tl_22" custom="readingOrder {index:21;}">
                <Coords points="1222,3979 1266,3986 1282,3969 1380,3979 1421,3949 1455,3976 1532,3962 1536,3783 1478,3777 1407,3804 1370,3777 1252,3851 1222,3848"/>
                <Baseline points="1239,3947 1271,3947 1316,3944 1361,3941 1406,3938 1451,3938 1495,3944 1540,3944"/>
                <TextEquiv>
                    <Unicode>it</Unicode>
                </TextEquiv>
            </TextLine>
            <TextLine id="tr_1_tl_23" custom="readingOrder {index:22;}">
                <Coords points="1046,3989 1097,3996 1124,3969 1144,3969 1144,3810 1127,3810 1090,3787 1070,3804 1046,3804"/>
                <Baseline points="1065,3947 1110,3947 1152,3947"/>
                <TextEquiv>
                    <Unicode>a</Unicode>
                </TextEquiv>
            </TextLine>
        </TextRegion>
    </Page>
</PcGts>
