3656 4152
1375 569 3187 728 Ich teile die Geschichte mit seinen ei-
1190 710 3124 897 genen Worten mit. So wie er mir sie an je-
1185 897 3084 1054 nem Nachmittag auf der Fahrt von Hamburg
1198 1021 3028 1231 nach Stavanger erzählt hat, während wir
1198 1190 3121 1337 Beide in den bequemen Schiffsstühlen saa-
1201 1347 2985 1529 sen und auf das glänzende Meer hinaus-
1221 1479 3243 1648 schauten. Am Abend vorher waren wir von Ham¬
1216 1678 3190 1812 burg abgefahren. Da war es auf dem Verdeck
1216 1810 3154 1969 so dunkel gewesen, dass die Reisenden wie
1221 1971 3157 2128 Schatten an einander vorüberschwebten. In
1221 2105 3253 2272 der Frühe hatten wir einander begegnet. Ich
1236 2270 3169 2419 war verwundert, denn ich vermutete ihn in
1233 2464 1625 2591 Ostende
1443 2560 3215 2727 "Es war allerdings meine Absicht, noch
1233 2712 3043 2861 länger dortzubleiben", sagte er, “aber
1236 2876 3212 3046 Er unterbrach sich und redete von allerlei
1241 3025 3124 3190 andern Dingen. Erst nachmittags, als wir
1238 3195 3268 3349 auf den bequemen Schiffsstühlen sassen, die
1249 3319 3278 3516 Cigarre im Mund, und auf das glänzende Meer
1238 3511 3061 3675 hinausschauten, erzählte er mir die Ge-
1261 3667 1696 3794 schichte.
