6904 4264
93 321 253 477 "
417 306 2536 631 5. (teux nulit eiusou am Tisch)
513 563 1671 834 Andrs - Archie
584 791 2259 1069 Ambrs. Amstie ist with for
506 930 3224 1282 Arche Nisl eine Stundebihlt auf heitternacht
534 1154 3310 1457 Amlon. Esnave me in Mariten - wes ne kome
488 1400 3021 1689 Cucke Amilie ists & an wlete her.
534 1639 1582 1828 bärcher rem.
563 1835 3281 2120 Ou leven. Auch de dritte fehlt. Der Talhemer
538 2013 3035 2287 Cuduin Sve hunddort nicht.  Hat he de
602 2223 2123 2480 Bewerbung acht genommen?
623 2430 1931 2640 Ambris: Waren wohl
566 2594 3164 2825 Arche qu'alt.. 8thr 25. eie Se:- te¬
1026 2793 1471 3000 40...
709 2893 969 2985 e.
631 2968 3231 3188 Andern was ich noch nicht Greisention, we
727 3167 1275 3377 trud:
656 3295 3167 3570 Carde hil 40 werkt ist. 10 Jahre schon.. be
645 3555 1372 3726 gaben ver¬
613 3648 3302 3901 Hintres Niegeveisxars de Leber-tres Jogead
6412 160 6591 346 1 3
5087 217 6017 502 (Scroptive balv.)
3623 235 4578 460 6. Teux. Amtres.
6412 321 6626 534 1e4
3687 406 4685 591 Aulm. So allein:-
6224 456 6598 620 lettster
3705 495 6152 730 Tey. Ein cinome aller Mann...  Is aprund nich 4 as
6217 595 6519 712 hier un
5176 631 6523 830 on -... mai civel serralte
3662 659 5736 933 Ambass. Die Tochter –?)  t wieder holen.
4125 805 6331 969 of how went he with with in
4774 898 5483 1076 Siohe kreine. -
3755 926 4749 1183 Secophine. (Brunct.)
3780 1054 6487 1272 Tein. Schoigegrielt einen Kind'..) Entkrechte: die keine
5803 1197 6288 1379 nicht uit.
4314 1233 5062 1354 I sett to Riser
3751 1243 5946 1507 Ambass.- Ich weiss nicht, was es nach -! -
3751 1425 6099 1678 Scheptin. Rath Löwill - exa Theulone
3780 1624 5208 1817 Ambassadeur héro eheleit.
3712 1792 6416 2070 Heept. Es war nicht gefährlich! Me Geige wennet
3741 2063 5850 2241 witt alles. Er närmig die weine:
3723 2191 6584 2472 Aulm. Auf huiverehn - bezahlte! - Hies und Paris.
