3592 4120
2761 209 3205 400 [illegible]
1353 703 3143 896 Das Schiff von Genua nachseluell Aires
1174 884 3118 1050 sollte am vierundzwanzigsten Oktober abge-
1172 1043 3165 1174 hen. Mathilde Liori hatte den Tag ihrer Ab-
2234 1139 2694 1251 Morgendes
1177 1202 3170 1353 reise von Wien für den mordigen einundzwan¬
1169 1378 3148 1549 zigsten festgesetzt und am zwanzigsten gab
1179 1487 3143 1673 sie ihre Abschiedsvorstellung in der Oper.
1172 1636 3143 1827 Es war selbstverständlich, dass sie zu ih-
1629 1802 1713 1889 any
1194 1802 3123 1964 rem letzt Auftreten das Ballet "Die Blume
1194 1993 3093 2120 des Orient" wählte, das Eugen Helmerich
1189 2140 3130 2296 für sie Komponiert hatte und dass sie das
1204 2284 3086 2428 schöne Kostim trug, das ihr der Freiherr
1206 2430 2996 2564 Marius von Heidenfeld aus Smyrna mitge-
1216 2579 3158 2716 bracht und in dem sie der Maler Felix Den-
1211 2703 3125 2862 hardt gemalt hatte. Sie tanze mit Leiden-
1216 2892 3049 3051 schaft und Anmut wie immer. Der Beifall
1221 3001 3202 3173 war ungeheuer. Zum Schlüsse hielt sie eine
1221 3175 3116 3322 kurze Rede, deutsch mit italienischem Ak-
1219 3297 3071 3476 zent, in der sie die Hoffnung aussprach
1231 3483 3056 3639 wiederzukommen. Sie war sich nicht klar
1231 3612 3163 3788 darüber, ob sie selbst daran glaubte. Ihr
1236 3766 3148 3917 südamerikanischer Kontrak lautete jeden-
