2856 4152
2285 521 2414 719 27
97 741 2464 907 Sie also? Dass ich aufrichtiger bin als die Andernt
107 860 2480 1036 Dass ich es geradeheraus saget Ist das so besonders
85 1026 2602 1199 gemein - oder ist es besonders grossartig? Ich habe es
122 1158 2310 1328 einer Schwester auch gesagt heuer im Reichjahr.
1560 1265 2486 1409 ich ut gereit hin.
320 1312 1535 1500 "Nun - und Ihre Schwester?
317 1497 2542 1635 Meine Schwester hat mich auf die Stirn geküsst,
88 1629 2514 1764 und ich glaube, sie hat ein bisschen geweint. So wie
94 1802 2414 1937 sie wahrscheinlich auch geweint hätte, wenn ich -
110 1943 2433 2125 sie lächelte leise, "mit dem Mann meiner Wahl zum
104 2072 1212 2260 Altare geschritten wäre.
308 2200 2065 2392 "Und wie verhält sie sich jetzt dazu?
311 2379 2492 2561 "Nun ich denke, sie beneidet mich ein bisschen,
141 2520 2448 2665 der bewundert mich gar. Freilich, irgend eine Ver-
119 2674 1962 2853 bindung besteht nicht mehr zwischen uns."
289 2837 2442 2998 Und Ihr Schwager.. was sagt denn der Schwager
107 2957 345 3142 azur
264 3114 2589 3293 Jetzt lachte sie hellauf. "Entschuldigen Sie, dem
97 3261 2517 3503 ab' ich nichts gesagt! Nur zwei Menschen kennen mei-
