3384 4168
2587 450 2727 565 25
641 575 3086 815 Seit meine Eltern tot sind, verdank ich Ihnen alles.
635 702 2250 933 Graf: Ja, Ihr väterlicher Freund.
638 903 1745 1082 Aurelie: Ja, auch das.
644 1003 2836 1170 Sie liessen mich Blicke in die Welt tun. Durch
644 1137 2988 1292 Sie lernt ich alles schöne kennen. Auch Menschen.
644 1316 2806 1487 Ihnen verdank ich, dass in meinem Haus die er
654 1426 2405 1587 sensten Menschen sich zusammenfanden.
651 1566 2970 1745 Es muss doch seinen tiefen Snn haben, dass in den
660 1742 2791 1918 drei Jahren, seit ich die Türen meines Hauses
705 1879 2867 2064 wieder für die Menschen öffnete, kein anderer
666 2043 2508 2186 meinem Herzen gefährlich werden könnte.
678 2180 2101 2417 Graf: Sind Sie dessen sicher?
675 2289 2979 2493 Aurelie: Sie kränken mich schwer, liebster Graf.
690 2408 2955 2617 Gehen Sie nach Hause, schlafen Sie Ihre bösen Hy
708 2581 2903 2785 pochondrien aus. Wer w eiss was für trübe Bi¬
702 2700 2997 2915 der aus der Vergangenheit über Ihre Seele laufen.
724 2864 2627 3055 Graf: Sie denken an meine Vergangenheit,
702 2988 2976 3259 Aurelie: Wie sollt ich nicht Aber auch mit ihr
724 3083 2760 3353 lieb ich Sie. Ich möchte sie nicht missen.
733 3195 3098 3469 Graf: Wissen Sie denn alles? Gibt es eine Schuld
739 3326 3028 3615 die ich nicht verübt? Ich kenne die Welt. O ich
742 3545 2739 3760 komme nicht enttäuscht oder erndet zurück.
