3608 4104
3045 517 3173 699 64
821 661 2613 802 Badeert: wie er die "Kokette" trifft.
767 818 3079 974 Gespräch mit einem Freund: Fort, die zwei Andern!
799 952 1585 1125 Aber diese Neue!
764 1143 3183 1325 Gespräch mit der Kokette: Ich bin von Haus geflohen,
793 1284 1942 1444 ich muss Kokotte werden.
786 1416 3151 1629 Der nächste Morgen. Er: Ich bitte dich, bleib' bei
739 1591 952 1773 mir.
796 1732 3117 1923 Sie: Nein. Und geht schon mit dem jungen Robinson
793 1914 2894 2089 fort, der sie auf seine Yacht eingeladen hat.
780 2046 3252 2208 Nachricht vom Tod der Geliebten, der Tragischen. Ein
752 2212 3264 2412 Freund bringt sie ihm. Held weiss nicht, wie sich dar-
786 2409 3283 2566 zuzustellen. Was nun? Es war ja zu Ende. Was hat sich
783 2540 2976 2688 für mich geändert? Nur, dass sie weit fort ist.
774 2669 3170 2847 Dann kommt die Vielinspielerin mit ihrer Schwester.
777 2838 3211 3029 Sie bekommt ein Kind. Er will sie zu seinem Weib ma-
777 3004 1037 3148 chen.
774 3151 3286 3320 Was fällt dir ein? Ich bin stølz darauf. Ich will Mut-
774 3330 3280 3471 ter sein, will selbst für das Kind sorgen, oder einen
724 3502 3117 3634 Andern für das Kina sorgen lassen - nur uien nicht.
