3608 4168
2902 416 3046 593 13
1043 551 1471 734 ###enen.
1223 616 3142 880 „Mit aus sind Sie hier, Brinkain-Judith“
1263 841 2869 1094 Ich bin allein hier, sagte sie
1274 1018 1690 1229 “Allein?“
1285 1088 3240 1305 Nun ja. Haben Sie dann vergessen, was ich
1021 1313 2672 1510 Ihnen vor drei Jahren gesagt habe?
1249 1432 3189 1623 Ich lächalte und war sogar ein wenig ver-
1069 1609 3184 1882 legen. "Sie denken noch an den Spase?" fragte
1024 1839 1240 2031 leh.
1271 1876 3248 2104 Wieder schüttelte sie ganz ernst den Kopf.
1052 2053 3136 2230 Es ist kein Spass gewesen. Darum bin ich ja
2112 2225 3234 2388 Sie ermittet nicht
1021 2309 1308 2503 'hier.
1299 2357 3218 2528 „Darum?“ fragte ich langsam. Wir näherten
1086 2514 3310 2706 uns dem Ende der Strandpromenade; hier traf xxx
1055 2708 3052 2863 rentg-###nte. pa war dunkel geworden.
2661 2824 3128 3032 nicht haben.
1063 2812 2627 3052 Sie mir doch, was Sie seither gemein
1111 3009 3271 3189 sagte ich, als sie schotog. Ist so nicht son-
1060 3147 3319 3296 derbart einmal haben wir aus gesprochen, und wir
3102 3310 3310 3428 G.C.H.P.
1066 3262 3032 3462 ist ganz so zunnte, als wenn ich eine alte
1066 3434 2641 3600 Freundin wieder getroffen hätte."
