3464 4232
2028 527 2250 651 das
856 596 3069 824 siebzehn Jahre alt ist und Sie vor zwei Stunden
913 761 3002 962 in Schoosse einer ehrbaren Familie kennen ge-
856 893 3063 1089 lernt haben. xxx
867 1066 3008 1242 nichthart. "Ich versteh' eigentlich auch meine
1694 1170 2244 1297 inte eie fast
873 1207 3126 1389 Schwester nicht. Wezu das alles? Wozu die Angst
928 1346 3241 1536 und die Heimlichkeit?... Ich fühle, dass ich kei-
879 1507 3169 1697 nem Manne treu sein könnte, dass ich frei und in
893 1605 3195 1867 Ueberfluss leben möchte, und da ich Niemanden be-
905 1752 3164 2011 trügen will, - nun ja, so werd' ich lieber
951 1922 3192 2147 gleich, was ich werden muss.“ Ich liess sie wei-
913 2072 3184 2305 ter plaudern. "Es hat freilich noch Zeit bis da-
908 2265 3164 2455 hin. Ein Jahr lang bleib' ich wol noch zuhause.
919 2389 3190 2590 Ich bilde mich xxx zur Sängerin aus. Aber es
928 2561 3184 2746 ist nur zum Schein. Ich habe gar keine Lust, öf-
974 2708 3071 2890 fentlich in Konzerten zu singen oder gar zum
936 2818 3155 3083 Theater zu gehen. Ich habe nämlich gar kein Ta-
948 2971 3077 3210 lent und bin sehr faul. Sie sehen, es ist das
968 3138 3175 3368 Einzige, was mir übrig bleibt. Ich muss Kokotte
957 3360 1346 3544 werden."
1201 3452 2118 3795 Ich lächelte. Allea-
