3704 4200
2784 331 2921 615 92
926 554 1655 765 Max, Seraphine
979 636 3264 894 Sie gefällt ihm in ihrer Hausmitterlichkeit, die
943 867 2080 1055 durch Kunst geadelt ist.
946 941 3164 1193 Weisst Du übrigens: Ich krieg ein Kind von Dir.
961 1087 3317 1342 Er ist gerührt, entzückt, trägt ihr seine Hand an.
982 1234 3150 1488 O nein. Du hast Deinen Zweck erfüllt. Du als
982 1403 2555 1711 Vater. wein, es ist schon gut so,
604 1532 891 1705 Familie
982 1609 3285 1951 Eligius kommt. Du musst mich entschuldigen, ich
999 1858 2294 2092 ziehe aus unserm Hotel aus.
1020 1934 3164 2244 Ja graue Haare es scheint das ists was sie am
1028 2189 1770 2400 meisten lieben.
1037 2285 2742 2526 Dum musst mir beim Einpacken helfen.
