3112 4136
765 589 1290 807 Judit, Max.
754 707 2488 914 Judit : Ist es nicht ein furcht balle
875 864 959 970 Von
749 880 2670 1067 Le en das meine Schwester führt. Immer in
754 993 2310 1203 Todesgefahr, ah versteh es nicht.
754 1114 2796 1358 Max: Glauben Sie denn, dass Herr Westenberg
767 1319 1661 1482 ernst machen würde?
754 1432 2423 1668 Judit: Sicher le synöt à 1 heir -ale
757 1563 2467 1789 Max: Sie sollte das Haus verlassen.
765 1718 2872 1921 Judit: Ja wenn das so einfach wäre. Er lässt
772 1839 2788 2076 sie nicht frei, der böse Zwerg. Er hat ihr
770 2018 2832 2181 geschworen, wenn sie ihn verlässt, so,tötet
780 2144 2848 2357 er sie. Ja wenn man einmal einm Mann Rechte
794 2310 1508 2504 eingeräumt hat.
783 2409 2856 2677 Max: Jd, dem setzt sich jede aus, Fräulein.
791 2593 2223 2853 Judit: Ich werde das nie tun.
1075 2740 2225 2969 Si werden ni heiraten.
796 2830 1004 2998 Max:
809 2956 1382 3121 Judit: Nie,
815 2966 2796 3271 Max: So werden Sie einen Geliebten haben?
825 3148 2843 3384 Und auch die lassen es sich nicht gefallen.
822 3284 2938 3597 Judit : Ich werde auch keinen Geliebten haben
