3672 4168
1803 595 2387 794 Eligens Feux,
1106 721 3100 947 Vom Teiche her(Herrling), gross, laut, bart
1103 850 3235 1047 los, gegen fünfzig, weisser Sommeranzug, aber
1120 998 3014 1195 etas verdrückt, Ueberzieher auf dem Arm,
1125 1184 3014 1343 Spazierstock, kleiner Strohhut, Monoele.
1120 1338 3281 1491 Mit ihm seine Töchter Séraphine und Elisabeth.
1125 1453 3057 1677 Seraphine, voll, blond, lebhaft, Elisabet
1125 1615 3071 1827 ihr ähnlich nur etwas kleiner, beide ganz
1141 1755 2971 1948 gleich gekleidet, vollkommen weiss, nur
1130 1892 3186 2072 hat Seraphine einen grossen Hut., nach Just
1141 2043 2602 2250 rent iner Art weiss aufgeputzt.
2140 2158 2565 2271 Leundorfe
471 2061 797 2279 Bichte:-
1155 2218 3044 2393 Mat ihnen ist Leutnant Alldorf, kleiner,
1181 2320 3098 2538 schlanker, manierliche Herr, Infanterie.
1155 2481 3178 2702 Herrling: Wisst Ihr Kinder vor die Dame war
1241 2516 1483 2613 Feu
1168 2613 3141 2842 dort am Teich? Das war niemand anderer als
1179 2761 2592 2979 die Fürstin Ravenstein selbst.
1179 2853 3095 3125 Elisabet- Die grosse Dame? die Dir zu
1181 3079 2126 3275 gelächelt hat?
1200 3195 3308 3423 Herrt- Ja. Sie hat mich nämlich ach erkannt
1235 3248 1356 3343 Ten
1216 3313 3383 3566 Welche Hoheit und zugleich welche Anmut. Kein
1889 3477 2293 3633 die aller
2193 3431 3106 3636 te Geschlecht. (Und
1200 3544 2096 3711 leürer Wahn..das
