<?xml version="1.0" encoding="UTF-8" standalone="yes"?>
<PcGts xmlns="http://schema.primaresearch.org/PAGE/gts/pagecontent/2013-07-15" xmlns:xsi="http://www.w3.org/2001/XMLSchema-instance" xsi:schemaLocation="http://schema.primaresearch.org/PAGE/gts/pagecontent/2013-07-15 http://schema.primaresearch.org/PAGE/gts/pagecontent/2013-07-15/pagecontent.xsd">
    <Metadata>
        <Creator>prov=READ-COOP:name=TrHtr:version=2.1.0:model_id=51170:date=29_07_2023_21:37</Creator>
        <Created>2023-05-10T13:14:58.076+02:00</Created>
        <LastChange>2023-07-29T21:37:37.272+02:00</LastChange>
        <TranskribusMetadata docId="1428570" pageId="55410336" pageNr="86" tsid="131464731" status="IN_PROGRESS" userId="64420" imgUrl="https://files.transkribus.eu/Get?id=OCVUOPWZLFKQEISDMEGATQZD&amp;fileType=view" xmlUrl="https://files.transkribus.eu/Get?id=XFMHWTCTZZSHGLEBORAXSSAL" imageId="44684479"/>
    </Metadata>
    <Page imageFilename="1428570_0086.jpg" imageWidth="3672" imageHeight="4200">
        <ReadingOrder>
            <OrderedGroup id="ro_1711793222085" caption="Regions reading order">
                <RegionRefIndexed index="0" regionRef="tr_1"/>
            </OrderedGroup>
        </ReadingOrder>
        <TextRegion id="tr_1" custom="readingOrder {index:0;}">
            <Coords points="952,415 3334,415 3334,3075 952,3075"/>
            <TextLine id="tr_1_tl_1" custom="readingOrder {index:0;}">
                <Coords points="2925,505 2966,502 2980,490 3004,510 3033,493 3042,505 3056,505 3071,309 3045,312 3033,300 3010,315 3007,309 2995,315 2969,297 2942,292"/>
                <Baseline points="2943,474 2976,474 3020,471 3065,465"/>
                <TextEquiv>
                    <Unicode>93</Unicode>
                </TextEquiv>
            </TextLine>
            <TextLine id="tr_1_tl_2" custom="readingOrder {index:1;}">
                <Coords points="933,758 1105,700 1225,732 1292,679 1452,720 1592,671 1758,709 1761,609 1654,607 1549,531 1411,589 1225,575 1059,627 939,586"/>
                <Baseline points="952,674 961,677 1005,674 1050,674 1095,674 1140,674 1185,671 1229,671 1274,668 1319,668 1364,665 1408,665 1453,662 1498,662 1543,662 1588,659 1632,659 1677,656 1722,659 1767,656"/>
                <TextEquiv>
                    <Unicode>Max. Silberstein.</Unicode>
                </TextEquiv>
            </TextLine>
            <TextLine id="tr_1_tl_3" custom="readingOrder {index:2;}">
                <Coords points="933,881 3068,811 3263,787 3269,624 1869,747 1651,665 1152,767 939,714"/>
                <Baseline points="952,823 988,820 1032,820 1077,823 1122,820 1167,820 1211,817 1256,817 1301,817 1346,814 1391,811 1435,814 1480,808 1525,808 1570,805 1614,802 1659,802 1704,802 1749,800 1794,797 1838,797 1883,794 1928,794 1973,791 2017,791 2062,791 2107,788 2152,788 2197,785 2241,782 2286,779 2331,779 2376,773 2420,773 2465,770 2510,767 2555,767 2600,764 2644,764 2689,764 2734,764 2779,761 2823,758 2868,758 2913,755 2958,752 3002,752 3047,749 3092,746 3137,743 3182,743 3226,737 3271,737"/>
                <TextEquiv>
                    <Unicode>Silberst. Kannst Du morgen abreisen? Sr. Majestät</Unicode>
                </TextEquiv>
            </TextLine>
            <TextLine id="tr_1_tl_4" custom="readingOrder {index:3;}">
                <Coords points="936,1038 997,1021 1050,1047 1175,983 1219,1000 1289,983 1438,1003 1441,846 1362,837 1263,878 1181,852 1027,922 942,887"/>
                <Baseline points="955,973 997,973 1041,970 1086,970 1131,967 1176,967 1220,964 1265,964 1310,961 1355,961 1400,961 1444,964"/>
                <TextEquiv>
                    <Unicode>kommt hin.</Unicode>
                </TextEquiv>
            </TextLine>
            <TextLine id="tr_1_tl_5" custom="readingOrder {index:4;}">
                <Coords points="942,1137 3112,1079 3120,922 948,1038"/>
                <Baseline points="958,1119 973,1122 1017,1122 1062,1122 1107,1119 1152,1116 1197,1113 1241,1113 1286,1110 1331,1107 1376,1107 1420,1104 1465,1104 1510,1101 1555,1098 1600,1095 1644,1092 1689,1092 1734,1089 1779,1089 1823,1086 1868,1083 1913,1080 1958,1077 2002,1074 2047,1074 2092,1071 2137,1071 2182,1065 2226,1062 2271,1059 2316,1056 2361,1056 2405,1053 2450,1047 2495,1047 2540,1044 2585,1044 2629,1041 2674,1038 2719,1035 2764,1032 2808,1029 2853,1026 2898,1023 2943,1020 2988,1020 3032,1017 3077,1014 3122,1017"/>
                <TextEquiv>
                    <Unicode>Die Yacht lichtet Anker. Dort ist mein Glück.</Unicode>
                </TextEquiv>
            </TextLine>
            <TextLine id="tr_1_tl_6" custom="readingOrder {index:5;}">
                <Coords points="945,1301 2616,1184 3205,1231 3249,1079 1665,1099 951,1193"/>
                <Baseline points="964,1262 967,1262 1011,1265 1056,1262 1101,1259 1146,1256 1191,1253 1235,1250 1280,1250 1325,1247 1370,1244 1414,1241 1459,1241 1504,1235 1549,1235 1594,1232 1638,1229 1683,1226 1728,1226 1773,1223 1817,1223 1862,1223 1907,1217 1952,1214 1997,1211 2041,1208 2086,1205 2131,1202 2176,1202 2220,1200 2265,1197 2310,1194 2355,1194 2400,1191 2444,1188 2489,1185 2534,1182 2579,1179 2623,1176 2668,1173 2713,1170 2758,1164 2802,1161 2847,1158 2892,1158 2937,1152 2982,1149 3026,1149 3071,1146 3116,1143 3161,1137 3205,1140 3250,1143"/>
                <TextEquiv>
                    <Unicode>Silberst: Imme das, was gerade den Anker lichtet.</Unicode>
                </TextEquiv>
            </TextLine>
            <TextLine id="tr_1_tl_7" custom="readingOrder {index:6;}">
                <Coords points="962,1455 2324,1359 3117,1409 3185,1394 3196,1228 971,1312"/>
                <Baseline points="982,1411 1008,1411 1053,1408 1098,1405 1143,1405 1188,1402 1232,1397 1277,1397 1322,1394 1367,1394 1411,1391 1456,1388 1501,1385 1546,1385 1591,1382 1635,1379 1680,1376 1725,1373 1770,1370 1814,1367 1859,1364 1904,1361 1949,1358 1994,1355 2038,1355 2083,1352 2128,1346 2173,1346 2217,1343 2262,1340 2307,1337 2352,1334 2397,1331 2441,1328 2486,1325 2531,1322 2576,1322 2620,1319 2665,1316 2710,1313 2755,1310 2800,1307 2844,1304 2889,1301 2934,1298 2979,1295 3023,1292 3068,1289 3113,1283 3158,1280 3202,1283"/>
                <TextEquiv>
                    <Unicode>Silberst. geht als Kriegsberichterstatter nach</Unicode>
                </TextEquiv>
            </TextLine>
            <TextLine id="tr_1_tl_8" custom="readingOrder {index:7;}">
                <Coords points="968,1578 2671,1484 2989,1528 3001,1379 2047,1368 1732,1458 1546,1417 971,1496"/>
                <Baseline points="985,1561 988,1564 1032,1561 1077,1561 1122,1558 1167,1555 1211,1552 1256,1552 1301,1552 1346,1546 1391,1543 1435,1537 1480,1537 1525,1531 1570,1525 1614,1522 1659,1522 1704,1519 1749,1516 1794,1513 1838,1510 1883,1510 1928,1507 1973,1501 2017,1498 2062,1495 2107,1492 2152,1492 2197,1489 2241,1486 2286,1483 2331,1480 2376,1477 2420,1474 2465,1471 2510,1468 2555,1465 2600,1462 2644,1459 2689,1456 2734,1453 2779,1450 2823,1447 2868,1447 2913,1441 2958,1438 3002,1438"/>
                <TextEquiv>
                    <Unicode>China. Ich werde sicher erschossen werden.</Unicode>
                </TextEquiv>
            </TextLine>
            <TextLine id="tr_1_tl_9" custom="readingOrder {index:8;}">
                <Coords points="983,1761 1732,1671 2523,1712 3196,1636 3316,1703 3330,1508 1470,1543 992,1648"/>
                <Baseline points="1002,1716 1005,1719 1050,1716 1095,1713 1140,1710 1185,1707 1229,1707 1274,1701 1319,1695 1364,1692 1408,1692 1453,1686 1498,1686 1543,1683 1588,1677 1632,1677 1677,1674 1722,1671 1767,1668 1811,1665 1856,1662 1901,1659 1946,1659 1991,1656 2035,1650 2080,1650 2125,1644 2170,1641 2214,1641 2259,1635 2304,1632 2349,1629 2394,1626 2438,1623 2483,1620 2528,1617 2573,1614 2617,1611 2662,1608 2707,1605 2752,1600 2797,1597 2841,1594 2886,1591 2931,1588 2976,1585 3020,1585 3065,1582 3110,1579 3155,1573 3200,1570 3244,1567 3289,1561 3334,1555"/>
                <TextEquiv>
                    <Unicode>Max: Wie Du im vorigen Jahr in Indien warst, hast</Unicode>
                </TextEquiv>
            </TextLine>
            <TextLine id="tr_1_tl_10" custom="readingOrder {index:9;}">
                <Coords points="986,1896 3199,1834 3214,1645 1601,1773 1479,1703 1123,1820 994,1753"/>
                <Baseline points="1002,1868 1023,1868 1068,1865 1113,1862 1158,1862 1202,1856 1247,1853 1292,1847 1337,1844 1382,1841 1426,1838 1471,1835 1516,1832 1561,1832 1605,1826 1650,1823 1695,1823 1740,1820 1785,1817 1829,1814 1874,1811 1919,1808 1964,1805 2008,1800 2053,1797 2098,1794 2143,1788 2188,1785 2232,1782 2277,1779 2322,1776 2367,1773 2411,1770 2456,1767 2501,1761 2546,1758 2591,1758 2635,1755 2680,1746 2725,1743 2770,1740 2814,1737 2859,1734 2904,1728 2949,1725 2994,1722 3038,1716 3083,1716 3128,1710 3173,1707 3217,1701"/>
                <TextEquiv>
                    <Unicode>Du mir versprochen, dass Du an der pest sterben</Unicode>
                </TextEquiv>
            </TextLine>
            <TextLine id="tr_1_tl_11" custom="readingOrder {index:10;}">
                <Coords points="992,2053 1814,1966 2021,2009 2283,1971 2286,1898 1945,1846 1866,1893 1417,1878 1193,1960 1000,1960"/>
                <Baseline points="1011,2020 1041,2017 1086,2017 1131,2014 1176,2014 1220,2011 1265,2008 1310,2002 1355,2000 1400,1994 1444,1991 1489,1988 1534,1985 1579,1979 1623,1976 1668,1970 1713,1970 1758,1964 1802,1964 1847,1961 1892,1958 1937,1955 1982,1952 2026,1949 2071,1943 2116,1940 2161,1934 2205,1934 2250,1931 2295,1934"/>
                <TextEquiv>
                    <Unicode>wirst. Du wirst ewig leben.</Unicode>
                </TextEquiv>
            </TextLine>
            <TextLine id="tr_1_tl_12" custom="readingOrder {index:11;}">
                <Coords points="1000,2231 1869,2108 2940,2120 3088,2071 3097,1951 2199,1954 1881,2062 1496,1998 1012,2091"/>
                <Baseline points="1023,2167 1035,2167 1080,2167 1125,2167 1170,2164 1214,2161 1259,2158 1304,2152 1349,2149 1394,2143 1438,2140 1483,2134 1528,2134 1573,2131 1617,2128 1662,2125 1707,2119 1752,2116 1797,2113 1841,2110 1886,2104 1931,2101 1976,2098 2020,2095 2065,2089 2110,2086 2155,2083 2200,2080 2244,2077 2289,2074 2334,2071 2379,2068 2423,2062 2468,2059 2513,2056 2558,2053 2602,2047 2647,2044 2692,2038 2737,2038 2782,2035 2826,2032 2871,2026 2916,2020 2961,2017 3005,2014 3050,2011 3095,2011"/>
                <TextEquiv>
                    <Unicode>Winkt dort von der Yacht her nicht ein Tuch?</Unicode>
                </TextEquiv>
            </TextLine>
            <TextLine id="tr_1_tl_13" custom="readingOrder {index:12;}">
                <Coords points="1018,2353 2447,2228 2817,2260 2849,2097 1519,2152 1193,2278 1027,2248"/>
                <Baseline points="1035,2325 1059,2325 1104,2322 1149,2319 1194,2316 1238,2310 1283,2307 1328,2304 1373,2301 1417,2295 1462,2289 1507,2286 1552,2283 1597,2280 1641,2277 1686,2274 1731,2271 1776,2268 1820,2262 1865,2256 1910,2253 1955,2250 2000,2247 2044,2244 2089,2238 2134,2235 2179,2232 2223,2229 2268,2226 2313,2223 2358,2217 2402,2211 2447,2208 2492,2202 2537,2200 2582,2197 2626,2194 2671,2188 2716,2185 2761,2185 2805,2179 2850,2179"/>
                <TextEquiv>
                    <Unicode>Ich seh überhaupt die Yacht nicht mehr.</Unicode>
                </TextEquiv>
            </TextLine>
            <TextLine id="tr_1_tl_14" custom="readingOrder {index:13;}">
                <Coords points="1024,2476 2942,2289 3176,2345 3237,2126 2342,2327 1032,2385"/>
                <Baseline points="1041,2474 1080,2474 1125,2471 1170,2465 1214,2462 1259,2459 1304,2456 1349,2453 1394,2447 1438,2444 1483,2441 1528,2438 1573,2432 1617,2429 1662,2426 1707,2420 1752,2414 1797,2411 1841,2405 1886,2402 1931,2400 1976,2397 2020,2391 2065,2385 2110,2379 2155,2373 2200,2367 2244,2364 2289,2361 2334,2355 2379,2349 2423,2346 2468,2340 2513,2331 2558,2328 2602,2322 2647,2313 2692,2307 2737,2304 2782,2301 2826,2295 2871,2289 2916,2286 2961,2280 3005,2274 3050,2271 3095,2268 3140,2262 3185,2259 3229,2259"/>
                <TextEquiv>
                    <Unicode>Aber es gibt Leute.. die mein ein Tücher nicht sch</Unicode>
                </TextEquiv>
            </TextLine>
            <TextLine id="tr_1_tl_15" custom="readingOrder {index:14;}">
                <Coords points="1166,2543 1581,2578 2021,2479 2625,2461 2881,2377 2680,2339 1169,2505"/>
                <Baseline points="1182,2543 1185,2543 1229,2540 1274,2534 1319,2528 1364,2522 1408,2519 1453,2516 1498,2516 1543,2510 1588,2510 1632,2504 1677,2501 1722,2498 1767,2495 1811,2495 1856,2492 1901,2486 1946,2483 1991,2480 2035,2477 2080,2471 2125,2468 2170,2465 2214,2459 2259,2456 2304,2453 2349,2447 2394,2441 2438,2438 2483,2435 2528,2429 2573,2426 2617,2420 2662,2417 2707,2411 2752,2408 2797,2405 2841,2402 2886,2400"/>
                <TextEquiv>
                    <Unicode>and on ever goet die in eenen ander Oce ai</Unicode>
                </TextEquiv>
            </TextLine>
            <TextLine id="tr_1_tl_16" custom="readingOrder {index:15;}">
                <Coords points="1044,2628 3123,2552 3269,2537 3275,2432 1047,2563"/>
                <Baseline points="1059,2623 1086,2620 1131,2617 1176,2614 1220,2611 1265,2608 1310,2608 1355,2605 1400,2605 1444,2602 1489,2602 1534,2602 1579,2597 1623,2594 1668,2591 1713,2588 1758,2585 1802,2579 1847,2573 1892,2570 1937,2567 1982,2567 2026,2564 2071,2561 2116,2555 2161,2555 2205,2549 2250,2546 2295,2543 2340,2540 2385,2537 2429,2537 2474,2534 2519,2534 2564,2534 2608,2531 2653,2531 2698,2531 2743,2528 2788,2528 2832,2522 2877,2519 2922,2519 2967,2513 3011,2510 3056,2507 3101,2507 3146,2504 3191,2501 3235,2501 3280,2504"/>
                <TextEquiv>
                    <Unicode>Schweig.“ Und die rechte reden. Denn Sie meine</Unicode>
                </TextEquiv>
            </TextLine>
            <TextLine id="tr_1_tl_17" custom="readingOrder {index:16;}">
                <Coords points="2715,2689 2852,2680 2942,2733 3024,2727 3091,2677 3199,2692 3208,2531 3147,2563 3085,2549 3056,2572 3027,2555 2873,2552 2808,2572 2721,2552"/>
                <Baseline points="2734,2620 2764,2614 2808,2614 2853,2611 2898,2611 2943,2608 2988,2602 3032,2602 3077,2600 3122,2597 3167,2594 3211,2594"/>
                <TextEquiv>
                    <Unicode>was seen.</Unicode>
                </TextEquiv>
            </TextLine>
            <TextLine id="tr_1_tl_18" custom="readingOrder {index:17;}">
                <Coords points="1079,2864 1274,2884 1467,2762 1616,2785 1729,2738 1849,2770 2001,2706 2106,2730 2114,2622 1966,2581 1866,2633 1315,2613 1094,2698"/>
                <Baseline points="1101,2773 1131,2773 1176,2770 1220,2767 1265,2767 1310,2764 1355,2761 1400,2755 1444,2749 1489,2746 1534,2740 1579,2740 1623,2737 1668,2731 1713,2728 1758,2725 1802,2719 1847,2713 1892,2707 1937,2704 1982,2698 2026,2695 2071,2692 2116,2695"/>
                <TextEquiv>
                    <Unicode>Das geben, das Leben.</Unicode>
                </TextEquiv>
            </TextLine>
            <TextLine id="tr_1_tl_19" custom="readingOrder {index:18;}">
                <Coords points="1866,2855 2307,2864 2418,2820 2654,2823 2855,2873 2867,2735 2762,2735 2706,2689 2485,2747 2374,2686 2146,2765 2053,2770 1954,2712 1875,2730"/>
                <Baseline points="1883,2838 1886,2835 1931,2832 1976,2832 2020,2823 2065,2823 2110,2820 2155,2814 2200,2811 2244,2805 2289,2802 2334,2800 2379,2794 2423,2791 2468,2788 2513,2782 2558,2779 2602,2776 2647,2776 2692,2773 2737,2776 2782,2773 2826,2773 2871,2764"/>
                <TextEquiv>
                    <Unicode>Une Amelie ist endt.</Unicode>
                </TextEquiv>
            </TextLine>
            <TextLine id="tr_1_tl_20" custom="readingOrder {index:19;}">
                <Coords points="1070,3068 2768,3042 3050,2998 3056,2852 1508,2945 1079,2858"/>
                <Baseline points="1086,3065 1089,3065 1134,3065 1179,3062 1223,3059 1268,3056 1313,3050 1358,3047 1402,3044 1447,3041 1492,3035 1537,3032 1582,3032 1626,3029 1671,3029 1716,3029 1761,3026 1805,3026 1850,3023 1895,3023 1940,3020 1985,3017 2029,3017 2074,3014 2119,3011 2164,3005 2208,3002 2253,3002 2298,3002 2343,2997 2388,2997 2432,2991 2477,2988 2522,2988 2567,2991 2611,2985 2656,2979 2701,2979 2746,2976 2791,2976 2835,2979 2880,2979 2925,2979 2970,2976 3014,2973 3059,2970"/>
                <TextEquiv>
                    <Unicode>Sersichte fehnt oud out der Gortcurt</Unicode>
                </TextEquiv>
            </TextLine>
        </TextRegion>
    </Page>
</PcGts>
