3704 4200
3140 491 3267 618 13
1472 551 1995 670 worden schler.
1220 586 3205 775 Aber an der Heeke dort blüht noch Flieder.
1215 764 3270 991 Ich bring Ihnen einen ganzen Strauch, Fräu
1226 918 1482 1107 lein.
1223 1091 3262 1237 Ser: Bemühn Sie sich nicht. Bis dahin hab
1207 1207 2649 1385 ich Sie lang wieder vergessen.
1212 1358 3024 1531 Max: Wahrhaftig. ich fühle mich auch
1218 1498 3367 1628 schon versunken.., ins Meer der vergessenheit.
1644 1604 2886 1787 Villemnt lai il m'a ceux
1293 1674 1458 1836 ab
1204 1801 3235 1949 Elis: Das ist ein schrecklich affektierter
1199 1944 3159 2141 Mensch. Seraphine hat schon dort am Teich
1196 2076 3240 2238 immer mit ihm kokettiert. Sehen Sie so ist
1196 2252 3367 2390 sie. Ein schlimms Ende wird es mit ihr nehmen.
1185 2392 3240 2554 Nein Rudolf, es gehört wirklich Mut dazu in
1191 2560 2865 2703 so eine Familie hineinzuheiraten...
1193 2711 3143 2878 Ser: Wie steht die Sache nun eigentlich?
1199 2838 2076 3010 Seid Ihr verlobt.
1183 2951 1396 3051 lud.
1196 2973 3146 3110 Alld: Es wird mein heisses Bestreben sein
1188 3113 2632 3297 Elisabeth glücklich zu machen.
1196 3286 3092 3421 Ser: Glücklich! Das ist ein Wort, Herr
1199 3375 3235 3578 Leutnant. Aber es versteht wohl nicht jeder
