3288 4168
2762 444 2871 600 37.
840 632 2876 823 Max: Zigarette Was soll ich anders tun?
845 744 2546 962 Silberst: Und seit wann weisst nu?
848 908 2917 1061 Max: Seit den Morgenblättern. Den Vormittag
837 1041 2718 1227 hab ich verbracht mich zu vergewissern.
1780 1088 2895 1251 weis ich nicht so gut unterricht.
853 1194 2140 1418 Silberst: Und?
856 1328 2835 1543 Max: Dann hab ich im Fristol gegessen wie
861 1472 2944 1652 gewöhnlich, dann hab ich eine Partie Billard
867 1603 2974 1840 gespielt, dann bin ich zu Haus auf dem Canapé
881 1753 2800 1979 gelegen, hab gelesen, dann hab ich bissel
861 1892 2846 2088 Klavier gespielt, dann hab ich mich umge -
878 2077 2797 2255 kleidet und bin auf dieses Fest gegangen,
883 2211 2595 2437 Silberst: Mensch, was wirst pu tun?
891 2287 2835 2549 Max: Darüber wollt ich freilich gern mit
894 2410 2920 2683 Dir sprechen. Allerdings erst morgen. Aber
908 2639 1955 2827 da es der zufall fugt.
916 2653 2895 3018 Silberst: Aber Max ich bin ja ausser mir,
927 2841 3124 3138 Achttausend Gulden, damit kommst Du kein Vierte
935 3111 1843 3296 jahr aus und dann.
938 3111 2963 3430 Max: Darauf bin ich selbst verdammt neugie
949 3430 1150 3550 rig.
960 3449 2803 3781 Silbers : Neugierig und das sagst pu so
