3432 4168
161 272 1374 519 16 - Lecantine.- Vers.
199 456 2267 722 Sei. Möheber sie wer Vak gelassen
203 605 1928 811 Mes. Er ist noch an Shavr -
193 766 2739 944 Ses he herbe nicht, bis was nur der junge
206 928 2679 1184 heurd für Sorges macht... Sie jetzt Hals
190 1143 2650 1380 has   he is is inblick wett, daß was
155 1289 2606 1570 was he's begepied. I fall? - Berlin
187 1510 2283 1767 villeidt. 11 tobe will jede 11
136 1684 1874 1865 leur lui di pi uni zwischen.
146 1868 2337 2134 Ses biedes ƒ. We vi evien jut alt
266 2049 2441 2283 Nehemte den was einmal zufällig
206 2229 2618 2492 in einem Frauen besegnet ist, gleich
231 2460 2448 2663 gli wendt hier, dass der mkund.
234 2631 2637 2843 in begequet int in heim. To unse
231 2761 2552 3084 wis beide. Hette vie ist. Der uns
199 2957 1153 3230 du jetiement -
294 3122 2650 3382 2. Telephon.. ich bin z.. es froh.. oh es
266 3315 2216 3625 eit in at fufill. ich wußtig
336 3508 2280 3793 glaß die biebe. Dass die Leicht¬
184 3698 1479 3996 Serapture. The best was soe
1754 3781 2767 4024 di an hellert
2916 301 3119 494 169
2853 434 3097 668 1 & 11
