6824 4280
6346 169 6515 392 etc
3569 223 6184 525 Tauper Herr Ruverberg. Eseare Carlis, wie es. Ho¬
299 270 514 532 26
989 266 3245 547 wei ich niederheine. Oder nicht wie (wohr-t)
2705 457 3256 601 trens mons je
3569 421 5533 662 in Telkenie wäre; den hi ich die heiß wirkwoll.
928 464 2651 745 selbe zu meinem was Licht.
3594 597 6342 935 Febri. Das iäre wehr at ludis-de i un fast ein.
1007 669 3137 885 Tehri. Je- in oude Licht... (J - in Blin)
3529 791 6425 1097 trudes...  Ebe erheltut ein Brief im aanen Teuer.
910 853 2623 1086 bei wis= in meinem Garten).....
396 907 791 1090 et trouvent
3587 1018 5850 1342 Rarnolli in Rm. de it dort verworben.
345 1061 817 1209 wille.
1050 1011 3209 1270 Auslie... Haber hi unver. den erst verwalt
338 1184 748 1309 the Farben.
928 1184 3115 1399 ihnen ist Ihnen der zweite meine gebungen
3601 1202 5486 1500 Crivel Erwärungen Erifell. -
345 1277 673 1399 smerfteel
450 1378 748 1500 che toutes
871 1338 1673 1572 Salri. Frieses.
3723 1399 4652 1615 male hi weite
378 1511 676 1597 Creuw
964 1507 2187 1741 Auele un vient
3630 1569 4270 1752 Titr. Hin-
856 1680 3159 1953 teln. So bett hind aber verstendt.
3662 1698 5314 1964 Avril. he teben he jetter..
943 1892 2964 2155 State might but jemastr. ruis...
4058 1824 6314 2191 (Joht erst etwa die Vermittag des Blites I)
3723 2047 4522 2299 Tah. Zimii
885 2040 1363 2234 Ainebe
979 2256 3209 2493 Tetoi. Cbe es concel in hil ote gleiches.
1018 2450 3141 2651 we are... Crain witt? Anne his -
860 2605 3101 2864 Sie sind frc. Sie haben mit un huis
957 2770 3155 3011 been in in the cemers... Diese Herr-Pansit./.
863 2957 3220 3159 Anneli..  Sind de Schulle.  kommt tritt
1061 3141 3094 3320 over heis - wer. Has it wll nah.
1000 3299 2004 3486 I de doit vieht.
971 3418 3101 3677 Jahie. Palri. Cn Cagen - de in Hofhelt
1029 3565 3061 3846 Avril. Ah die Kind ist ungleichter
1079 3759 3137 3943 Oudt empfang ist kam Besude auf
1252 3961 1989 4116 par ces
