3704 4296
2419 653 3216 885 zu schmerzlichen
2214 722 2305 882 m
1002 728 1886 879 dass ich seine xxx
1035 830 3258 1104 aber so schönen Erinnerungen nicht stören voll-
1014 990 3180 1243 te. Die nehmen waren es nicht. Sie wären viel-
1002 1134 3204 1345 leicht sogar minder schön gedesen, wenn ich öfft
1047 1309 3186 1537 genau das selbe erlebte hätte sie mein Freund
1005 1447 3322 1688 Herr Friedrich von Rosenberg, dreissig Jahre alt.
1017 1607 3216 1899 von den besten Manieren um ausgedeichnet durch
1020 1766 3258 2052 eine gewisse vornehme Melancholie, die ubrigens
3210 1926 3310 2082 G.C.P.
1014 1923 3153 2160 wirklich nicht ganz frei von Affektation war.
987 2094 3382 2392 Dass ich mit nicht entschließen konnte
984 2311 3234 2539 ihn zu kören. Und wahrend ich
1679 2479 3472 2762 nung in einem Regel hinunter
1020 2572 1634 2756 ferniertung
1002 2636 3268 2958 ging, dachte ich: So schöne schmerzlich
1062 2810 3493 3138 bricht Muge edelt mir doch nur, wenn man
1038 2982 3307 3243 noch nicht drechtig Jahre all ist und sich
1023 3165 3406 3484 durch eine gewisse vornehme lieben.
1113 3379 3397 3677 holte auszeichnet, die übrigens von
1050 3617 3277 3830 Affertative nicht vollkommen
1065 3773 2446 4035 Frei zu sein braucht.
