3032 4136
2193 419 2337 593 19
260 529 2291 712 widerte der, "Morgen vielleicht, heut nicht
202 729 492 876 mehr.'
486 833 2514 1041 Ich wünschte, dass das Schiff einzusuchen-
208 1018 2482 1148 mehr schwankte", sagte Judith und liess die eine
208 1166 2485 1276 Hand über den Rand des Kahne hinunterhängen. Mir
269 1310 2496 1452 schien es, als wenn sie an mir vorbeisähe. "Ich
2097 1403 2227 1504 tere
205 1397 2508 1574 habe manchmal an Sie gedacht", sagte sie. “Es ist
211 1623 2438 1741 gewiss eine gunstige Vorbedeutung, dass Sie der
208 1750 2531 1924 Erste sind, dem ich begegne. Nun, was glauben Sie,
208 1944 2464 2062 werd' ich Glück haben? werd‘ ich einen Namen he-
191 2074 1808 2227 werd' ich beruhmt werden?"
431 2219 2389 2395 XX Ich fuhr beinah vom Sitze auf. "Gleich
205 2378 778 2519 beruhmt - 7°
460 2490 2433 2690 Ja", sagte Judith ernst, "berühmt. Ich ha¬
249 2676 2346 2797 be die feste Absicht, es zu werden. Am guten
205 2817 2430 2976 Willen und an Talent fehlt's mir nicht. Das ist
188 2971 1423 3133 gewiss. O, das fühl' ich! "
480 3121 2383 3297 „Nein, nein, es ist genug!“ rief ich aus.
246 3248 2363 3404 Wir wollen nun ans Land steigen, Fräulein Ju-
188 3431 2499 3633 dith, und Sie verden mir gestatten —" Ich sah ihr
