6888 4264
3683 248 4737 509 selht dort -! -
565 337 3253 585 Westertor.  Le boin en Schiff - so hast man
3745 417 5949 654 Tuestin. Car ist das für en tied -
695 492 3071 781 Frivé. Je en me desders ome. dit ciel
3821 623 5374 888 (Algemeine Spannung.).
719 733 1948 912 er herrlich zu beleiten.
3718 788 4899 1005 Antw. Rein Sied
792 892 3184 1047 Iit weide nelleicht. nur auch auf den
3714 929 5350 1177 te cstecherd.  J.   ick
726 1033 3205 1212 lieue lebes...  Jneme diut du 1
3807 1019 6324 1449 Auhn Und die Zeige die mir heute
2881 1188 3195 1360 Teln-
936 1195 2654 1446 and leder wo men mag! -
2799 1312 3291 1460 Sie wäler an
3801 1360 4764 1584 schreibt... -
912 1380 3298 1618 (Westerhorn - Juli, ab - ) Aufhage? - ven.
750 1652 2121 1890 Wester Frans zu Türst
3928 1697 6699 2024 Elig. Tens (aufheleut) : deme Todte Serephine
905 1838 2530 2096 Lap Amelie with de ist.
3873 1973 4978 2193 Kunden, Feur -
695 1997 3164 2258 Kilden. Sie ist liebes auf ihrem Schloss in
3938 2141 6551 2417 Elis Teoy. Woller sie wurde in dieser Breise
737 2220 3164 2516 Könnten Frieden in - Seit dem Nell
4000 2386 4909 2565 bekent werden.
740 2386 2971 2658 in Wusler set bei weis ick in eeet
3900 2451 6437 2778 Amtsn. lse hend Eligen Teugnicht aus
816 2627 1807 2785 Liant nicht.
4066 2768 4527 2926 Soure
799 2723 3387 3016 Puis (bene viellentt). Ino jets C undies
3918 2795 6365 3119 Eliz. Teus. Genesen. Ehrenmitglied geb.
4090 3002 6699 3322 Wisleiten. Thee Schilemen - Judits
1312 3146 1763 3398 S.O.F.
871 3167 3050 3480 Anton (we Weilechon) to one Leben to
3966 3243 6217 3546 Prins. Sie wird auch Kindlern.
1019 3415 2988 3677 Mre Part de heure ou petit
3983 3418 6623 3718 Elters Velleicht...  he seige verstiint.
954 3601 2936 3818 trer Gericht trugen so wie mede
4059 3646 5880 3924 Türsten. Hier darüber sie.
1019 3752 3119 4007 Wet:- Ich reifs. einigehöre
