<?xml version="1.0" encoding="UTF-8" standalone="yes"?>
<PcGts xmlns="http://schema.primaresearch.org/PAGE/gts/pagecontent/2013-07-15" xmlns:xsi="http://www.w3.org/2001/XMLSchema-instance" xsi:schemaLocation="http://schema.primaresearch.org/PAGE/gts/pagecontent/2013-07-15 http://schema.primaresearch.org/PAGE/gts/pagecontent/2013-07-15/pagecontent.xsd">
    <Metadata>
        <Creator>prov=READ-COOP:name=TrHtr:version=2.1.0:model_id=51170:date=29_07_2023_21:37</Creator>
        <Created>2023-05-10T13:15:01.159+02:00</Created>
        <LastChange>2023-07-29T21:37:41.974+02:00</LastChange>
        <TranskribusMetadata docId="1428570" pageId="55410425" pageNr="103" tsid="131464753" status="IN_PROGRESS" userId="64420" imgUrl="https://files.transkribus.eu/Get?id=RVBERZRNXXKJZPISZDCIGJOF&amp;fileType=view" xmlUrl="https://files.transkribus.eu/Get?id=KGDXVXWEHAINHRZGTLSMTPMS" imageId="44684568"/>
    </Metadata>
    <Page imageFilename="1428570_0103.jpg" imageWidth="3688" imageHeight="4232">
        <ReadingOrder>
            <OrderedGroup id="ro_1711793239461" caption="Regions reading order">
                <RegionRefIndexed index="0" regionRef="tr_2"/>
                <RegionRefIndexed index="1" regionRef="tr_1"/>
                <RegionRefIndexed index="2" regionRef="tr_3"/>
            </OrderedGroup>
        </ReadingOrder>
        <TextRegion id="tr_2" custom="readingOrder {index:0;}">
            <Coords points="958,711 3208,711 3208,1669 958,1669"/>
            <TextLine id="tr_2_tl_1" custom="readingOrder {index:0;}">
                <Coords points="943,855 3205,802 3135,678 2476,706 2158,633 1674,650 1494,732 943,712"/>
                <Baseline points="958,805 969,808 1014,805 1059,802 1104,802 1149,799 1193,796 1238,793 1283,793 1328,793 1372,790 1417,793 1462,793 1507,793 1551,793 1596,793 1641,790 1686,790 1731,790 1775,790 1820,787 1865,787 1910,787 1954,784 1999,784 2044,781 2089,781 2133,781 2178,781 2223,781 2268,781 2312,778 2357,778 2402,781 2447,781 2492,778 2536,781 2581,778 2626,778 2671,778 2715,778 2760,775 2805,775 2850,778 2894,775 2939,778 2984,772 3029,769 3074,767 3118,767 3163,764 3208,761"/>
                <TextEquiv>
                    <Unicode>Aber wir finden Ihren Freund ein wenig affek</Unicode>
                </TextEquiv>
            </TextLine>
            <TextLine id="tr_2_tl_2" custom="readingOrder {index:1;}">
                <Coords points="1103,985 1173,1002 1204,974 1258,968 1277,985 1314,962 1410,988 1413,906 1376,909 1320,872 1303,889 1283,878 1232,895 1207,881 1176,895 1137,878 1106,884"/>
                <Baseline points="1122,943 1166,943 1211,940 1256,940 1301,940 1346,940 1390,940 1420,946"/>
                <TextEquiv>
                    <Unicode>tiert.</Unicode>
                </TextEquiv>
            </TextLine>
            <TextLine id="tr_2_tl_3" custom="readingOrder {index:2;}">
                <Coords points="1103,1156 3160,1106 3163,988 1978,1013 1680,892 1106,1013"/>
                <Baseline points="1119,1080 1154,1083 1199,1086 1244,1086 1289,1083 1334,1083 1378,1083 1423,1083 1468,1080 1513,1083 1557,1080 1602,1080 1647,1080 1692,1077 1736,1077 1781,1074 1826,1077 1871,1077 1916,1074 1960,1074 2005,1074 2050,1074 2095,1074 2139,1071 2184,1074 2229,1071 2274,1068 2318,1068 2363,1068 2408,1068 2453,1068 2498,1068 2542,1065 2587,1065 2632,1062 2677,1065 2721,1065 2766,1065 2811,1062 2856,1062 2900,1062 2945,1059 2990,1056 3035,1056 3079,1056 3124,1053 3169,1059"/>
                <TextEquiv>
                    <Unicode>Elis: Erlauben Sie übrigens dass ich Ihnen</Unicode>
                </TextEquiv>
            </TextLine>
            <TextLine id="tr_2_tl_4" custom="readingOrder {index:3;}">
                <Coords points="1106,1280 2355,1218 2836,1258 2963,1230 2963,1097 1106,1154"/>
                <Baseline points="1122,1229 1134,1226 1178,1223 1223,1223 1268,1223 1313,1220 1357,1220 1402,1220 1447,1220 1492,1217 1537,1217 1581,1217 1626,1217 1671,1217 1716,1214 1760,1214 1805,1214 1850,1214 1895,1214 1939,1211 1984,1211 2029,1211 2074,1211 2118,1211 2163,1211 2208,1211 2253,1211 2298,1208 2342,1211 2387,1208 2432,1208 2477,1208 2521,1208 2566,1208 2611,1208 2656,1208 2700,1205 2745,1205 2790,1202 2835,1202 2880,1199 2924,1199 2969,1196"/>
                <TextEquiv>
                    <Unicode>meinen Verlobten Herrn Leutnant Alldorf</Unicode>
                </TextEquiv>
            </TextLine>
            <TextLine id="tr_2_tl_5" custom="readingOrder {index:4;}">
                <Coords points="1106,1435 1652,1382 1829,1424 2054,1362 2434,1401 2499,1384 2499,1249 2186,1303 2003,1255 1888,1306 1711,1235 1601,1289 1370,1258 1109,1320"/>
                <Baseline points="1125,1354 1160,1360 1205,1357 1250,1357 1295,1357 1340,1357 1384,1357 1429,1357 1474,1354 1519,1357 1563,1357 1608,1357 1653,1354 1698,1354 1742,1354 1787,1354 1832,1354 1877,1351 1922,1351 1966,1348 2011,1348 2056,1348 2101,1351 2145,1351 2190,1354 2235,1351 2280,1351 2324,1351 2369,1348 2414,1348 2459,1351 2503,1351"/>
                <TextEquiv>
                    <Unicode>vorstelle. Dokotr Silbermann.</Unicode>
                </TextEquiv>
            </TextLine>
            <TextLine id="tr_2_tl_6" custom="readingOrder {index:5;}">
                <Coords points="1120,1564 3011,1536 3011,1393 2006,1463 1714,1415 1604,1480 1120,1427"/>
                <Baseline points="1134,1498 1137,1501 1181,1504 1226,1507 1271,1510 1316,1507 1360,1507 1405,1504 1450,1507 1495,1507 1539,1510 1584,1510 1629,1507 1674,1507 1719,1507 1763,1504 1808,1504 1853,1504 1898,1501 1942,1501 1987,1501 2032,1501 2077,1501 2121,1501 2166,1498 2211,1498 2256,1498 2301,1498 2345,1498 2390,1498 2435,1498 2480,1495 2524,1498 2569,1498 2614,1498 2659,1498 2703,1495 2748,1498 2793,1498 2838,1495 2883,1495 2927,1495 2972,1495 3017,1495"/>
                <TextEquiv>
                    <Unicode>Ser: Was, das ist eine Ueberraschung..1</Unicode>
                </TextEquiv>
            </TextLine>
            <TextLine id="tr_2_tl_7" custom="readingOrder {index:6;}">
                <Coords points="1193,1736 3115,1680 3160,1587 2487,1533 2051,1612 1511,1550 1193,1598"/>
                <Baseline points="1208,1656 1238,1659 1283,1659 1328,1656 1372,1659 1417,1656 1462,1656 1507,1656 1551,1659 1596,1659 1641,1659 1686,1659 1731,1659 1775,1659 1820,1653 1865,1650 1910,1650 1954,1653 1999,1656 2044,1656 2089,1653 2133,1653 2178,1650 2223,1650 2268,1650 2312,1647 2357,1647 2402,1647 2447,1647 2492,1647 2536,1644 2581,1644 2626,1644 2671,1644 2715,1644 2760,1644 2805,1644 2850,1644 2894,1644 2939,1644 2984,1644 3029,1641 3074,1641 3118,1641 3163,1641"/>
                <TextEquiv>
                    <Unicode>zum Leutnant er war nämlich verliebt in</Unicode>
                </TextEquiv>
            </TextLine>
        </TextRegion>
        <TextRegion id="tr_1" custom="readingOrder {index:1;}">
            <Coords points="429,1725 3166,1725 3166,3337 429,3337"/>
            <TextLine id="tr_1_tl_1" custom="readingOrder {index:0;}">
                <Coords points="1100,1860 2893,1840 3047,1818 3050,1683 1103,1725"/>
                <Baseline points="1116,1805 1131,1805 1175,1805 1220,1802 1265,1805 1310,1802 1354,1802 1399,1799 1444,1799 1489,1799 1534,1799 1578,1796 1623,1796 1668,1796 1713,1796 1757,1796 1802,1796 1847,1799 1892,1796 1936,1796 1981,1793 2026,1793 2071,1793 2116,1790 2160,1787 2205,1787 2250,1790 2295,1787 2339,1787 2384,1787 2429,1787 2474,1787 2518,1787 2563,1784 2608,1784 2653,1787 2697,1787 2742,1787 2787,1784 2832,1781 2877,1781 2921,1781 2966,1775 3011,1775 3056,1775"/>
                <TextEquiv>
                    <Unicode>meine Schwester, Ja lieber Doktor, wieder</Unicode>
                </TextEquiv>
            </TextLine>
            <TextLine id="tr_1_tl_2" custom="readingOrder {index:1;}">
                <Coords points="1111,2015 1353,2009 1410,1964 1503,2001 2240,2015 2243,1894 2144,1843 1911,1832 1815,1882 1714,1851 1517,1891 1114,1863"/>
                <Baseline points="1128,1942 1131,1939 1175,1942 1220,1939 1265,1939 1310,1939 1354,1939 1399,1939 1444,1939 1489,1936 1534,1936 1578,1936 1623,1936 1668,1933 1713,1933 1757,1933 1802,1933 1847,1930 1892,1930 1936,1930 1981,1930 2026,1930 2071,1927 2116,1927 2160,1927 2205,1927 2250,1927"/>
                <TextEquiv>
                    <Unicode>einmal zu spät gekommen.</Unicode>
                </TextEquiv>
            </TextLine>
            <TextLine id="tr_1_tl_3" custom="readingOrder {index:2;}">
                <Coords points="1106,2093 2949,2113 3160,2079 3163,1989 1106,2037"/>
                <Baseline points="1122,2092 1152,2092 1196,2092 1241,2092 1286,2092 1331,2092 1375,2092 1420,2092 1465,2092 1510,2092 1554,2092 1599,2092 1644,2089 1689,2089 1733,2089 1778,2086 1823,2086 1868,2086 1913,2089 1957,2086 2002,2086 2047,2086 2092,2083 2136,2083 2181,2080 2226,2080 2271,2080 2315,2080 2360,2080 2405,2080 2450,2077 2495,2077 2539,2074 2584,2077 2629,2074 2674,2077 2718,2074 2763,2071 2808,2074 2853,2071 2897,2071 2942,2068 2987,2068 3032,2068 3077,2065 3121,2062 3166,2062"/>
                <TextEquiv>
                    <Unicode>Elis: Wenn er einmal zurecht käme, so hätte</Unicode>
                </TextEquiv>
            </TextLine>
            <TextLine id="tr_1_tl_4" custom="readingOrder {index:3;}">
                <Coords points="1106,2296 2915,2251 2915,2144 2572,2113 2290,2172 1958,2130 1849,2192 1109,2155"/>
                <Baseline points="1125,2238 1131,2238 1175,2238 1220,2238 1265,2235 1310,2238 1354,2238 1399,2235 1444,2235 1489,2235 1534,2235 1578,2238 1623,2238 1668,2235 1713,2232 1757,2229 1802,2226 1847,2229 1892,2229 1936,2229 1981,2226 2026,2226 2071,2226 2116,2223 2160,2223 2205,2223 2250,2223 2295,2217 2339,2217 2384,2217 2429,2217 2474,2217 2518,2214 2563,2214 2608,2211 2653,2214 2697,2211 2742,2211 2787,2211 2832,2211 2877,2211 2921,2211"/>
                <TextEquiv>
                    <Unicode>das Leben jeden Sinn für ihn verloren.</Unicode>
                </TextEquiv>
            </TextLine>
            <TextLine id="tr_1_tl_5" custom="readingOrder {index:4;}">
                <Coords points="1103,2459 1173,2468 1235,2442 1255,2456 1306,2442 1376,2448 1407,2473 1460,2456 1503,2462 1505,2313 1455,2333 1365,2327 1337,2341 1249,2296 1210,2293 1190,2313 1162,2296 1106,2304"/>
                <Baseline points="1122,2393 1154,2393 1199,2390 1244,2390 1289,2390 1334,2390 1378,2387 1423,2387 1468,2387 1513,2384"/>
                <TextEquiv>
                    <Unicode>Alle ab.</Unicode>
                </TextEquiv>
            </TextLine>
            <TextLine id="tr_1_tl_6" custom="readingOrder {index:5;}">
                <Coords points="1435,2600 3025,2552 3025,2448 2859,2428 1438,2459"/>
                <Baseline points="1453,2554 1462,2554 1507,2557 1551,2560 1596,2557 1641,2557 1686,2554 1731,2554 1775,2557 1820,2554 1865,2551 1910,2551 1954,2551 1999,2551 2044,2551 2089,2551 2133,2551 2178,2551 2223,2548 2268,2545 2312,2542 2357,2539 2402,2536 2447,2539 2492,2539 2536,2542 2581,2539 2626,2539 2671,2536 2715,2533 2760,2536 2805,2536 2850,2536 2894,2536 2939,2539 2984,2539 3029,2548"/>
                <TextEquiv>
                    <Unicode>Das jetzt wir, mit mir trag. -</Unicode>
                </TextEquiv>
            </TextLine>
            <TextLine id="tr_1_tl_7" custom="readingOrder {index:6;}">
                <Coords points="414,2800 599,2819 644,2848 689,2822 751,2836 802,2805 875,2819 979,2794 976,2693 903,2729 788,2673 751,2704 681,2682 599,2701 535,2659 411,2648"/>
                <Baseline points="429,2781 474,2784 519,2784 564,2784 608,2787 653,2790 698,2790 743,2790 787,2787 832,2787 877,2787 922,2784 966,2787 987,2784"/>
                <TextEquiv>
                    <Unicode>Bei Graf mit</Unicode>
                </TextEquiv>
            </TextLine>
            <TextLine id="tr_1_tl_8" custom="readingOrder {index:7;}">
                <Coords points="1404,3019 1536,3005 1604,3042 1654,2999 1764,3030 2015,2969 2071,3005 2290,2960 2473,2999 2476,2850 2037,2842 1967,2800 1674,2895 1407,2898"/>
                <Baseline points="1420,2966 1450,2969 1495,2972 1539,2969 1584,2969 1629,2969 1674,2972 1719,2969 1763,2969 1808,2969 1853,2966 1898,2963 1942,2957 1987,2957 2032,2957 2077,2957 2121,2951 2166,2951 2211,2948 2256,2948 2301,2948 2345,2948 2390,2951 2435,2954 2480,2954"/>
                <TextEquiv>
                    <Unicode>Graf. Frei. Dichter. -</Unicode>
                </TextEquiv>
            </TextLine>
            <TextLine id="tr_1_tl_9" custom="readingOrder {index:8;}">
                <Coords points="1190,3135 1421,3165 1846,3120 1922,3185 2015,3104 2304,3092 2459,3143 2594,3109 2600,2983 2319,2957 2175,3025 2020,2969 1421,3061 1193,3033"/>
                <Baseline points="1205,3094 1214,3094 1259,3097 1304,3097 1348,3100 1393,3100 1438,3100 1483,3103 1528,3103 1572,3100 1617,3100 1662,3100 1707,3100 1751,3100 1796,3100 1841,3100 1886,3097 1930,3094 1975,3091 2020,3088 2065,3088 2110,3082 2154,3082 2199,3079 2244,3079 2289,3079 2333,3079 2378,3077 2423,3077 2468,3074 2512,3074 2557,3068 2602,3071"/>
                <TextEquiv>
                    <Unicode>So - was were to cost his Stelle</Unicode>
                </TextEquiv>
            </TextLine>
            <TextLine id="tr_1_tl_10" custom="readingOrder {index:9;}">
                <Coords points="1128,3219 3089,3219 3089,3137 2926,3104 2636,3174 2015,3106 1925,3180 1846,3120 1505,3180 1128,3095"/>
                <Baseline points="1143,3193 1187,3193 1232,3196 1277,3196 1322,3199 1366,3202 1411,3202 1456,3202 1501,3202 1545,3199 1590,3202 1635,3205 1680,3205 1725,3205 1769,3205 1814,3202 1859,3202 1904,3199 1948,3199 1993,3199 2038,3202 2083,3202 2127,3199 2172,3199 2217,3202 2262,3205 2307,3205 2351,3208 2396,3211 2441,3214 2486,3214 2530,3211 2575,3211 2620,3208 2665,3208 2709,3208 2754,3205 2799,3205 2844,3208 2888,3205 2933,3205 2978,3205 3023,3205 3068,3205 3097,3202"/>
                <TextEquiv>
                    <Unicode>Ich haben Annelie noch ja nicht</Unicode>
                </TextEquiv>
            </TextLine>
            <TextLine id="tr_1_tl_11" custom="readingOrder {index:10;}">
                <Coords points="1176,3388 1367,3334 1688,3371 1756,3326 1877,3360 2074,3309 2425,3329 2496,3320 2499,3244 1930,3199 1669,3261 1531,3199 1179,3261"/>
                <Baseline points="1193,3327 1205,3324 1250,3324 1295,3327 1340,3327 1384,3327 1429,3327 1474,3324 1519,3324 1563,3321 1608,3321 1653,3321 1698,3321 1742,3321 1787,3318 1832,3315 1877,3309 1922,3306 1966,3303 2011,3303 2056,3300 2101,3300 2145,3303 2190,3303 2235,3303 2280,3306 2324,3306 2369,3312 2414,3312 2459,3315 2503,3315"/>
                <TextEquiv>
                    <Unicode>gegeben. - Sie uns acht keine</Unicode>
                </TextEquiv>
            </TextLine>
        </TextRegion>
        <TextRegion id="tr_3" custom="readingOrder {index:2;}">
            <Coords points="367,3370 3008,3370 3008,3949 367,3949"/>
            <TextLine id="tr_3_tl_1" custom="readingOrder {index:0;}">
                <Coords points="976,3509 1277,3540 1396,3452 1725,3441 2099,3497 2347,3433 3002,3503 3002,3362 2167,3312 1142,3399 974,3317"/>
                <Baseline points="993,3420 1038,3426 1083,3429 1128,3432 1172,3435 1217,3438 1262,3435 1307,3432 1351,3432 1396,3432 1441,3429 1486,3432 1531,3432 1575,3429 1620,3429 1665,3429 1710,3432 1754,3432 1799,3435 1844,3435 1889,3438 1933,3438 1978,3438 2023,3438 2068,3435 2113,3432 2157,3435 2202,3435 2247,3435 2292,3432 2336,3435 2381,3435 2426,3435 2471,3441 2515,3441 2560,3438 2605,3438 2650,3438 2694,3438 2739,3438 2784,3435 2829,3438 2874,3438 2918,3441 2963,3444 3008,3447"/>
                <TextEquiv>
                    <Unicode>Fritz - nie meine Herren – wie uns blest</Unicode>
                </TextEquiv>
            </TextLine>
            <TextLine id="tr_3_tl_2" custom="readingOrder {index:1;}">
                <Coords points="419,3568 470,3568 495,3543 529,3537 560,3557 585,3531 594,3540 611,3531 670,3540 678,3531 701,3543 709,3410 675,3402 560,3433 515,3427 495,3410 431,3413"/>
                <Baseline points="438,3533 483,3527 528,3527 573,3524 617,3521 662,3518 707,3512"/>
                <TextEquiv>
                    <Unicode>Jurin.</Unicode>
                </TextEquiv>
            </TextLine>
            <TextLine id="tr_3_tl_3" custom="readingOrder {index:2;}">
                <Coords points="909,3571 954,3588 1010,3568 1134,3565 1185,3613 1235,3613 1289,3582 1314,3585 1314,3531 1266,3537 1218,3492 1168,3520 1089,3489 1052,3503 971,3464 906,3464"/>
                <Baseline points="925,3548 969,3551 1014,3554 1059,3554 1104,3557 1149,3560 1193,3560 1238,3557 1283,3554 1319,3560"/>
                <TextEquiv>
                    <Unicode>Freind.</Unicode>
                </TextEquiv>
            </TextLine>
            <TextLine id="tr_3_tl_4" custom="readingOrder {index:3;}">
                <Coords points="377,3672 405,3680 476,3635 521,3644 546,3627 574,3641 594,3627 653,3635 703,3669 754,3644 791,3655 791,3543 751,3528 650,3573 613,3576 571,3545 521,3579 416,3565 377,3582"/>
                <Baseline points="393,3632 438,3626 483,3626 528,3626 573,3623 617,3623 662,3623 707,3623 752,3626 796,3629 799,3632"/>
                <TextEquiv>
                    <Unicode>Munt sudei</Unicode>
                </TextEquiv>
            </TextLine>
            <TextLine id="tr_3_tl_5" custom="readingOrder {index:4;}">
                <Coords points="1069,3714 1866,3669 2051,3756 2448,3779 2929,3725 2923,3590 2805,3579 1815,3641 1646,3573 1193,3616 1066,3565"/>
                <Baseline points="1086,3644 1131,3644 1175,3647 1220,3647 1265,3650 1310,3650 1354,3655 1399,3655 1444,3658 1489,3658 1534,3661 1578,3661 1623,3664 1668,3661 1713,3664 1757,3664 1802,3667 1847,3670 1892,3673 1936,3679 1981,3682 2026,3679 2071,3679 2116,3679 2160,3679 2205,3682 2250,3685 2295,3685 2339,3685 2384,3685 2429,3688 2474,3691 2518,3691 2563,3691 2608,3691 2653,3691 2697,3691 2742,3691 2787,3688 2832,3685 2877,3688 2921,3685 2933,3685"/>
                <TextEquiv>
                    <Unicode>Annelie war, bis heute auf der Gute. - Zt Cl</Unicode>
                </TextEquiv>
            </TextLine>
            <TextLine id="tr_3_tl_6" custom="readingOrder {index:5;}">
                <Coords points="352,3796 385,3804 442,3762 532,3739 754,3754 757,3652 729,3652 695,3678 650,3658 619,3683 557,3697 535,3675 509,3689 447,3686 431,3669 357,3680"/>
                <Baseline points="367,3757 402,3748 447,3751 492,3748 537,3742 581,3742 626,3739 671,3739 716,3739 761,3739"/>
                <TextEquiv>
                    <Unicode>martiet.</Unicode>
                </TextEquiv>
            </TextLine>
            <TextLine id="tr_3_tl_7" custom="readingOrder {index:6;}">
                <Coords points="1089,3804 1154,3821 1204,3793 1252,3813 1303,3784 1407,3784 1564,3835 1609,3807 1764,3796 1759,3680 1736,3675 1441,3714 1393,3689 1342,3725 1317,3700 1086,3689"/>
                <Baseline points="1104,3760 1149,3757 1193,3760 1238,3763 1283,3766 1328,3772 1372,3775 1417,3778 1462,3778 1507,3778 1551,3781 1596,3781 1641,3784 1686,3781 1731,3784 1769,3784"/>
                <TextEquiv>
                    <Unicode>im arlebei -</Unicode>
                </TextEquiv>
            </TextLine>
            <TextLine id="tr_3_tl_8" custom="readingOrder {index:7;}">
                <Coords points="405,3877 490,3897 568,3883 622,3914 689,3903 726,3925 760,3905 847,3908 850,3762 777,3779 723,3751 692,3762 670,3745 535,3739 408,3776"/>
                <Baseline points="420,3847 450,3844 495,3838 540,3832 584,3832 629,3832 674,3832 719,3829 764,3832 808,3838 853,3838"/>
                <TextEquiv>
                    <Unicode>in Prässere</Unicode>
                </TextEquiv>
            </TextLine>
            <TextLine id="tr_3_tl_9" custom="readingOrder {index:8;}">
                <Coords points="1241,3973 1382,3936 1517,3990 1663,3931 1953,4012 2209,3920 2817,3953 2817,3886 2586,3886 2499,3832 2136,3869 1863,3765 1587,3905 1241,3852"/>
                <Baseline points="1256,3912 1301,3924 1346,3927 1390,3930 1435,3930 1480,3930 1525,3930 1569,3930 1614,3927 1659,3927 1704,3924 1748,3927 1793,3921 1838,3921 1883,3924 1927,3924 1972,3924 2017,3927 2062,3930 2107,3927 2151,3921 2196,3921 2241,3918 2286,3918 2330,3918 2375,3921 2420,3921 2465,3921 2509,3924 2554,3924 2599,3927 2644,3933 2689,3933 2733,3936 2778,3936 2823,3939"/>
                <TextEquiv>
                    <Unicode>furst – die Gräfin – nän kam —</Unicode>
                </TextEquiv>
            </TextLine>
            <TextLine id="tr_3_tl_10" custom="readingOrder {index:9;}">
                <Coords points="363,4041 397,4046 461,4018 476,4026 551,3956 591,3953 588,3838 532,3846 498,3835 476,3858 464,3849 422,3880 402,3875 377,3849 357,3849"/>
                <Baseline points="376,3930 420,3930 465,3933 510,3933 555,3936 599,3939 602,3936"/>
                <TextEquiv>
                    <Unicode>bros du</Unicode>
                </TextEquiv>
            </TextLine>
        </TextRegion>
    </Page>
</PcGts>
