3672 4232
2971 461 3115 638 78
1011 595 2874 763 Judit und ihre Schwester Albine kommen.
1005 730 3332 947 Albine beschwört Silberstein er möge ihrem Gatten
1005 886 3420 1105 sagen, dass sie die ganze Zeit mit ihm gewesen sei.
1005 999 3454 1218 Silberst: Mein kors. Als Alibi werde ich benützt,
1002 1139 2214 1386 Was macht Fräulein Judit?
1005 1301 3381 1454 Fräulein Judit lernt singen, oder tanzen, sie geht
1002 1496 1588 1689 zum Theater.
1002 1704 2864 1902 Albinens Mann der böse Zwerg erscheint.
1008 1863 2727 2077 Sein benehmen ist dämonisch burlesk.
1014 2022 3322 2183 Er weiss dass seine Frau ihn betrügt, und er hat
1017 2190 3292 2357 ihr versprochen sie zu erwürgen, wenn er sie er
1017 2284 3167 2507 wischt. Dabei gesteht er zu sie gar nicht zu
1014 2409 3384 2745 lieben- Die Geschworenen werden ihn freisprechen.
