6680 4216
3561 213 3736 444 14
3783 282 4961 552 Aartier - Ambers¬
1130 305 2650 559 Andern - veeloben – gar -
3701 486 5084 689 Arstin. Remen he die
1070 505 3113 790 Gudll had to in for eine haill
3726 651 5253 844 Aulron. - Ich... wisswill -
1051 692 2003 955 min - (c.t.
3650 762 6176 1003 Arch is. Ewe Cawille... has herbett - he is ich pl..
3634 901 6049 1174 drie kommt die her? - wir welchen Friedenhaus
3650 1082 4929 1314 in die entsprenges...
3723 1238 5554 1501 Ambros. Sie irre... - glaub ist
3704 1431 5589 1692 Andern. Tod michte ich ihr nach...
3732 1590 6287 1857 Aulm. Nicht die rechte Stimmen, wie die
3755 1780 6173 2111 si euverte - die nellen die Braitten
3720 1939 5370 2164 sud – Unter als den Schloss.
3726 2114 6249 2393 Anton. Aicelie - Bliegt mir ich habe auf.
3739 2333 6281 2587 so vermatt alles and etc - Ah. wenn nie vur
3755 2488 5341 2720 versest bleibl. ob so ob so -
3729 2669 6173 2917 Amboss. The lillernent ist such... His
3786 2821 5586 3085 nalt - Herr Falkenier -? -
