6712 4104
633 479 3087 733 Im zweiten Akt Ruin des Bankier Westerhaus. Die
655 655 3153 924 äussern Umstände noch fraglich. Vielleicht kommt
693 790 3146 1028 sie dazu, wie er sich erschiessen will und weiss
693 1009 2429 1250 ihn davon abzuhalten.
677 1125 2996 1376 Gesellschaftsszene. Judith verspricht Max
699 1301 3215 1514 diesmal bindend, ihm die erste Nacht zu schenken.
702 1463 3024 1673 Sie trennt sich von ihrer Schwester, die sie
1651 1617 2140 1805 dans le
1194 1639 1398 1799 G.C.F.P.
714 1670 1065 1846 hasst.
696 1695 2977 2021 Im dritten Akt auf der Insel ist sie Maxens
705 1874 2971 2096 Geliebte.Sie hat ihm,wie es verabredet war,
718 2071 3037 2319 geschrieben, dass seine Zeit gekommen ist. Sie
721 2231 3124 2422 war während einiger Monate unsichtbar.Er hatte
727 2360 3184 2592 sie schon verloren gegeben. Nun ist er verzwei-
718 2507 3174 2745 felt, dass sie ihn sofort wieder verlassen will.
733 2673 3200 2933 Aber sie will um seinetwillen nicht ihre grosse
736 2877 1717 3080 Carriere aufgeben.
2212 2820 2388 3062 den
740 2974 3215 3212 Sie überreicht dem Prinzen ihren Ring und fährt
724 3187 1379 3400 mit ihm ab.
1510 3460 1724 3660 G.H.F.P
1576 3619 1761 3798 G.H.F.P
5371 520 5757 708 en Säng,
3873 508 4826 752 Seraphine, die Toch
5606 680 5776 856 ch-1
5290 693 5465 884 tley
3870 699 5111 912 Fenz. Violinspielerin. xxx
3876 852 4415 1047 che Natur.
3876 993 5102 1203 Ihre Schwester Elisabet
3867 1150 5208 1369 mit einem Leutnant verlob
3889 1313 5327 1517 Auf dem parkfest spielerisch
3880 1463 5287 1670 sie dem Max Posen zu. Einla-
3880 1595 5268 1793 darf sie auf dem Klavier b
3889 1755 5236 1952 Freundin. Bei ihr ruht er so
3902 1871 5227 2134 aus. Sie tröstet ihn in s
3895 2031 5631 2278 Im zweiten Akt Hochzeit ihrer Schau-
3902 2222 5584 2432 verspätet hin,nachdem er Auralie
3902 2363 5572 2579 Judith ihn wieder zur Verzweiflu
3902 2488 5663 2711 Er ist allein mit ihr Sie sinken sich
3892 2620 5685 2902 Im dritten Akt auf der Insel triff
3895 2836 5954 3012 nem Konzert ein. Dort begegnet sie Max we
3902 2949 6051 3178 Er hat eben seine endgiltigen Enttäuschung
3920 3090 6048 3331 erlebt. Sie gesteht ihm, dass sie sich Mut
3905 3269 6258 3491 fühlt. Er will bei ihr bleiben, sie heiraten. Sie
5450 3400 6148 3616 Sre Freiheit, s###
4237 3441 4544 3641 t dart
3923 3488 4152 3638 läch.
