6936 4408
437 327 691 452 n
1599 364 3282 544 l Traptele de France, vale ainsi
375 412 680 628 wch
1084 478 3311 720 Jurist tap da me fête une bleibe
1014 647 2539 886 Mäs. Her dem Schwester -
1003 731 3197 1062 zu M. Ver der wiss ich nichtend. Eilb
529 864 933 1066 Tres &c
959 959 3160 1213 witt wich in ihr waren... Ich i ai all
551 1025 900 1176 wch it
1018 1121 3304 1297 diese Zeit übe... Habe ihn nachgehaupt
448 1150 823 1275 the class
408 1231 845 1385 hint acte
985 1238 2833 1466 M. Lestenbei. Ihren Gatten...
426 1319 827 1485 det me t-
474 1400 816 1588 viederte
1022 1404 1569 1595 Juristr. J.
996 1496 3208 1742 Qua. Sihallect deut faite auf solle.
1014 1698 3293 1929 Welst in Enfall-reidi, da entreten
967 1900 3208 2091 carst - nou u oui chere eine hadt
941 2025 2653 2253 [illegible] [illible]
996 2198 3216 2407 hilte. Es ist berei u. teile. iure gelehrt
915 2429 1411 2584 worden.
978 2506 3142 2720 bas.... 2 dkg. pliebte.. 1 itisée.. bleib.
1025 2657 2936 2907 I am in wolle jusam blerbe.
1033 2826 2267 3050 Jurll. Terens...
1025 2999 3157 3238 he had i in me for in he wissel
1180 3135 3179 3348 Oibe dut unter Leit. vast den in
1091 3289 3054 3506 ebennt uit enferie in the
970 3425 2701 3649 de cercle serait celischt.
1036 3572 3208 3815 zu M. La gare gefetelich. 11 kam
1055 3730 3201 3976 nicht werde die mein Leben¬
1022 3892 1793 4065 handel
1080 4017 3230 4256 dies. La ist de 12 deine Lehnert
6387 228 6622 423 129
3660 301 4840 544 Ses Pours -?  Articel
6064 408 6560 603 nellers
3737 445 6644 706 Jurth. Glov - Welt - Reitlin. Lüst.,. Traverlei- chez
3690 599 6608 827 Mas. huweis - ob irt wilt - de alle jeben nicht
6240 735 6619 853 at hand
6156 816 6633 956 Tit. Eich.
3778 805 4201 978 Krund
3745 779 5979 1077 Grulls. Rind. Erz -? - hermer Teufel die -?
6240 889 6556 1007 duum
3730 996 6663 1202 Mas. Ich werden sich nicht alle Post Eben) sei fort.
3745 1169 5920 1360 züdlls deen Freund, was ernst die Ihnen
3726 1238 6064 1532 bev. Ich hingung. A und ist von finden
3748 1419 5575 1665 Jahre. He ist die, ihm ernicht ƒ-
3760 1584 5119 1782 das. Nisser auch will.
3730 1676 6604 1904 2. Mts. Womit heit de clisse Annete verlant.
3726 1860 6453 2080 has - Lawit - his Reste même has heft 22 21/2
3807 2014 4619 2194 schreuden...
3778 2040 6630 2359 Julh - hei kleis nie ik -! - hi hallest de stuk u deis
3785 2216 6677 2477 Novn - This im sefshurie wie de list. He recht
5171 2385 6729 2565 Es meut xxx dien. Queck
3804 2429 6060 2584 Echi näre die gesch....  es aus einen -.
5884 2569 6530 2738 Cimele in hebbe
3767 2584 5898 2804 liex. Iil all was do it - : (Sont tout à
5623 2657 5898 2745 mine.
3811 2661 6725 2914 Ziell Willst die mein Komesdrei um! - Wie Recht
3815 2855 4484 3047 twelt..
3815 2925 6100 3227 Pes... Un wei cedut verte kommt
3848 3109 5740 3366 sid. Ende kennen - het auf¬
3826 3230 5428 3506 be. Das woll ich – eben¬
3855 3388 5501 3631 Zritt vorl. an Heiml.
3811 3488 6078 3785 was. Da fehnt ja manche Schiff
3840 3671 5568 3954 mil. Dies ist sein. — 11 heiß
3833 3734 6788 4039 was. He had in one <gap/> - her or his avise
