6888 4248
463 329 671 533 20
1246 377 3200 671 Hutesheuil in itu. We
1172 604 3395 840 flieger, der alle nicht gleibe an sein Herr
1131 779 1983 949 von Reisenberg
1201 910 3347 1153 Elis. der Jünclier auf den kokmark -:
2038 1073 3286 1226 Von den had dass das Jh d.
1194 1092 3130 1341 Uuhn. La ca rue tale.. Sie eine
1172 1287 3238 1498 der wird in wenig Schilz in Neum
1194 1434 2306 1686 Kadria aufmen¬
1274 1606 3207 1804 Sene von Baum Ladern. Das
1079 1792 2581 1993 Sechtschile bei der Mill.
1086 1939 3306 2226 Amlors Je me hälle en, by vorher
1092 2130 2638 2325 kunnen. So enden die
1191 2322 3155 2529 Suept. Das konnte ein Trost sein
1115 2526 3111 2750 Jur die... die weniger gleich Leben.
1083 2727 3286 2906 Anton. Uw steiben die on Ee ck oms
1025 2903 2558 3108 in einem nicht erschon. -
1124 3069 3123 3312 Serepts. has...assidet he wel
1140 3277 1677 3488 mit)
565 3350 1048 3507 Antonane is
591 3411 3155 3650 in: Esqche Aulms. Erkennenf die Welt a
636 3590 1051 3689 mals. ogels
623 3650 1035 3772 Kleve 6
636 3724 1127 3864 alles in nebes
1223 3670 2954 3880 Favé rempli blos si morte
607 3807 808 3928 bei.
3638 278 5302 495 Lecont. Und unter glützlich -? -
3711 418 5931 722 Elis to udet iie t has wllte meinen
3724 652 5183 798 Und die lern id allein.-
3695 760 6221 1006 Amtres. Reine Sorge, Elisabelt.. He ist this.. the
3705 1022 5589 1210 bleibter vers-wert. Zehn. gehabt.
3705 1143 5892 1418 Elis has and us with. Ich will
3698 1354 5838 1562 Sie soll eine leidliche Haar hatte wieder
3698 1539 5736 1769 en lutter, bist chez ses genspies
3682 1731 4794 1910 Serap. hulle sein
4931 1779 5912 1971 - das weiß wohl
4567 1840 6388 2089 we warte we's noi. des rechts tale soude
3743 1961 5806 2169 schon sein. Ebe der rechte Vater das
3686 2137 5707 2367 Ehe. Mark dir nichts draus. Raal
3676 2360 5790 2593 nicht alle gut. Les sehre fort... Alle
3657 2587 5928 2830 in wicht torser... di niet hies woll out
3673 2759 5279 2980 Neueseles, Sereptue -
3660 2973 6043 3261 Sespe. La fehlte veri... Bunche Ambr
3797 3245 6014 3532 (his we alle fortgeben - kommt filia (in)
3826 3436 5340 3718 Nomms. - butc trat:
4091 3689 5429 3896 (Scraphué. Ist les vie
