3528 4424
2818 386 3054 508 8 49
1208 358 3402 771 sind Sie der einzige, der jede Chance verloren
1208 722 2036 923 hat mein erster.
1219 874 2004 1045 Max: Geliebter
1243 910 3296 1159 Judit- Ich werde keinen Geliebten haben, ich
1254 1051 3296 1344 werde niemanden leben. Meine Freunde werden
1396 1121 1786 1243 Reisembr
1262 1222 3280 1477 alle reich, schön und jung sein, Ich werde
1271 1349 3318 1629 wonnen erleben, aber ich werde nicht lieben.
1284 1477 3339 1765 Es ist wahrscheinlich, dass viele Männer für
1303 1640 3239 1922 mich sterben werden, aberich werde keinem
1317 1868 2302 2063 eine Träne nacheinen.
1325 1911 3301 2188 Ma: Und wenn Ihnen alle gleichgiltig sich
1382 2104 3033 2343 was kann Ihnen daran liegen wer der
1352 2329 1857 2490 erste ist
1371 2340 3424 2623 Judit: Nicht das geringste, varum also sollt
1385 2552 2444 2802 ich gerade Sie wählen?
1393 2612 3421 2927 Max: Da Sie so besonnen über all dies nach
1404 2731 3426 3060 denken, wann gedenken Sie sich Ihrem beruf
1423 2897 3247 3212 hinzugeben? Haben Sie schon einen Zeit
1444 3163 2169 3377 punkt bestimmt?
1455 3217 3339 3486 Judit: Ja, ab r ich will ihn nicht sagen
