3339 4168
293 161 1948 412 Jurid. Fürstin (noch in felt.)
357 370 1514 572 Gäste. - Custerhaus. -
212 550 2042 711 Tabritritt das: (mit Weilas)
193 678 1485 871 Teustin. Sont très ...
186 826 2643 1058 Averstorben. Ah ich reiss. und Ihren Geschmack
190 968 2488 1238 ist den Test wicht. In Ihren Park geb.
193 1145 1511 1360 exavité!- Thorin -
1309 1283 2405 1508 Ob i hinie, verst ich uit
251 1341 1283 1562 Palri. Ehelidere...
212 1498 2694 1739 to citerham. Ist finde die Kleider aufrichtig
251 1662 2836 1871 at die withtheit.    2a du herbteit jus Reimt, uy
1646 1759 3003 1916 ne loit auch schonlose treilen
2717 1878 3090 1997 all plein
289 1868 2646 1997 Fristen. In vergessen. ein junge Mädchen.
225 1952 2569 2254 talri. Lie... At. Lee Schmester de Julie -
305 2170 2521 2389 Ort. hier kommt, den uns dies Fest
276 2369 2508 2595 douben -? Was veranlaast ihn dozt -..
2334 2585 2955 2765 Der Obtirie:
244 2543 2058 2810 Uus Auch ist mit ihm ..
2296 2707 2958 2900 Tristantenen
376 2755 1048 2964 Freunde - : -
2273 2848 3045 3048 Bild in obn -!
289 2861 1530 3141 4m glaub ich nicht.
434 3035 1418 3315 Du Diener bringl
