3448 4168
2820 478 2963 660 21.
683 592 2855 750 Aurelie. Ja, obwohl ich seit meiner Kindheit
1750 753 1938 923 G.H.F.P.
680 736 1410 920 nicht hier war.
765 903 2418 1049 Spiele der Kindheit. Erinnerungen.
701 1026 2975 1208 Graf: Welches ist der wohltätige Zweke, zu dem
698 1205 2987 1386 Sie heute Ihren Park dem Publikum erschlossen ha
692 1328 915 1480 ben?
223 1381 405 1501 G.C.P.
704 1460 2966 1621 Prinz: Da müssen Sie unsre Freundin die Fürstin
701 1624 3054 1776 Ravenstein fr gen, ich kümmere mich nicht um diese
258 1624 372 1729 G.C.P.
701 1753 2914 1943 Details. Hier sind wir übrigens bei ihrem Zelt,
202 1814 399 1935 G.C.F.P.
314 1902 519 2040 G.C.H.F.P.
2527 1902 3051 2078 (Turdis : -Ah)
706 1938 2392 2181 Firstin- Guten Abend meine Herren.
284 2028 448 2175 plaisir
2392 2017 3101 2187 für die Barnen¬
2248 2122 3069 2269 die unseren Fest...
797 2154 1293 2295 Begrüssung
709 2260 2814 2474 Fürstin: Darf ich den Herren Champagner ein
724 2401 2785 2597 schenkneu Herr Graf ich spreche eben Ihrer
730 2492 2890 2747 schönen Braut den Dank aus fur die grossmitige
736 2720 1079 2890 Spende.
736 2723 3037 3048 Prinz: Die Baronesse fragte mich eben zu was für
742 2931 3013 3192 einem Zweck unser Fes t stattfindet. Ich habe es
745 3054 2401 3318 ihr leider nicht beantworten könne.
742 3172 2999 3450 Firstin Ja ich hab es auch noch niemandem ge
759 3324 2931 3553 sagt. Aber jetzt will ich es nicht länger ver
1202 3494 1765 3617 Ihnen nicht.
771 3497 2999 3778 schweigen. Es soll ein Heim für verlassene Mäd
