6760 4216
3707 175 4881 400 23. Ambr. Cuntici
3799 314 5757 666 Carilie Haben hövnte. Aviehs la
3796 540 4513 720 lut tabri! -
3856 651 5243 911 Ambros Sie feierl Verlohin
3837 819 5776 1124 Archiv. Ein rechter Frau, de Talhemès
3818 943 6224 1342 Ambros.. Lie haben die Schloss der Voltischenst
3853 1146 4577 1323 Arthie. Ia...
3897 1260 6106 1603 Anthon. has one made him with them.
3831 1454 6154 1834 nem ceipe Schiff in der Terne septu¬
3862 1587 6357 2050 Curdin. Bis dabei hat: und seine Weile.
3850 1761 6411 2174 Ambassadeur Das ist eine propriétätig habeide... Unsere
3786 1958 6065 2380 habi willer gut in dem erfiel hin. —
3821 2152 5475 2482 Arch. hétabl. The Geile
3840 2415 6027 2736 Gmbar. hicius, un terschenkt.
3869 2564 5221 2879 Archi. Lie verzeugen¬
3847 2812 6205 3082 Ambassadeur. Ihr bei schönen xyz in Haus
3920 2948 5211 3237 schweit der Welt-
3859 3129 6144 3424 Archiv. Ich wohl eine Gebard seiten.
3904 3371 5091 3618 ön aitwege
3856 3510 5097 3774 Aufm. hie ist wird
4383 3713 4821 3942 er/Cust
1428 3774 2974 4037 per cert bal:... ist open. He is
