<?xml version="1.0" encoding="UTF-8" standalone="yes"?>
<PcGts xmlns="http://schema.primaresearch.org/PAGE/gts/pagecontent/2013-07-15" xmlns:xsi="http://www.w3.org/2001/XMLSchema-instance" xsi:schemaLocation="http://schema.primaresearch.org/PAGE/gts/pagecontent/2013-07-15 http://schema.primaresearch.org/PAGE/gts/pagecontent/2013-07-15/pagecontent.xsd">
    <Metadata>
        <Creator>prov=READ-COOP:name=TrHtr:version=2.1.0:model_id=51170:date=29_07_2023_21:37</Creator>
        <Created>2023-05-10T13:14:47.864+02:00</Created>
        <LastChange>2023-07-29T21:37:20.130+02:00</LastChange>
        <TranskribusMetadata docId="1428570" pageId="55410041" pageNr="24" tsid="131464648" status="IN_PROGRESS" userId="64420" imgUrl="https://files.transkribus.eu/Get?id=TXGYJKHMUETUNCIIBZODVUUO&amp;fileType=view" xmlUrl="https://files.transkribus.eu/Get?id=CVKRWEVWXEEYMFSWLXZWBZPI" imageId="44684184"/>
    </Metadata>
    <Page imageFilename="1428570_0024.jpg" imageWidth="3560" imageHeight="4184">
        <ReadingOrder>
            <OrderedGroup id="ro_1711793161996" caption="Regions reading order">
                <RegionRefIndexed index="0" regionRef="tr_2"/>
                <RegionRefIndexed index="1" regionRef="tr_1"/>
            </OrderedGroup>
        </ReadingOrder>
        <TextRegion id="tr_2" custom="readingOrder {index:0;}">
            <Coords points="943,505 3223,505 3223,1663 943,1663"/>
            <TextLine id="tr_2_tl_1" custom="readingOrder {index:0;}">
                <Coords points="2791,562 2809,562 2827,582 2888,579 2906,588 2927,585 2935,456 2909,447 2894,456 2874,450 2844,465 2797,456"/>
                <Baseline points="2808,561 2847,561 2891,558 2936,555"/>
                <TextEquiv>
                    <Unicode>18</Unicode>
                </TextEquiv>
            </TextLine>
            <TextLine id="tr_2_tl_2" custom="readingOrder {index:1;}">
                <Coords points="926,776 3168,744 3206,585 926,591"/>
                <Baseline points="943,740 975,740 1020,740 1065,743 1110,743 1154,740 1199,737 1244,737 1289,737 1333,737 1378,734 1423,734 1468,734 1513,734 1557,734 1602,734 1647,731 1692,734 1736,734 1781,731 1826,731 1871,731 1915,728 1960,731 2005,728 2050,725 2094,725 2139,725 2184,722 2229,722 2274,722 2318,725 2363,725 2408,725 2453,722 2497,722 2542,725 2587,725 2632,722 2676,722 2721,725 2766,722 2811,719 2855,719 2900,719 2945,716 2990,716 3035,713 3079,710 3124,707 3169,707 3214,707"/>
                <TextEquiv>
                    <Unicode>nen Entschluss: meine Schwester und Sie. Und Sie</Unicode>
                </TextEquiv>
            </TextLine>
            <TextLine id="tr_2_tl_3" custom="readingOrder {index:2;}">
                <Coords points="947,924 2985,900 3209,868 3212,776 1627,844 950,779"/>
                <Baseline points="963,892 975,889 1020,889 1065,889 1110,889 1154,886 1199,886 1244,886 1289,886 1333,886 1378,886 1423,883 1468,883 1513,886 1557,886 1602,886 1647,886 1692,880 1736,880 1781,883 1826,880 1871,880 1915,880 1960,877 2005,877 2050,877 2094,874 2139,877 2184,877 2229,874 2274,874 2318,874 2363,874 2408,874 2453,871 2497,871 2542,871 2587,871 2632,871 2676,871 2721,868 2766,868 2811,868 2855,868 2900,865 2945,868 2990,868 3035,865 3079,862 3124,862 3169,859 3214,862"/>
                <TextEquiv>
                    <Unicode>sind der Erste, der ihn erfahren hat. Sonst, bei</Unicode>
                </TextEquiv>
            </TextLine>
            <TextLine id="tr_2_tl_4" custom="readingOrder {index:3;}">
                <Coords points="938,1076 3077,1029 3077,891 938,918"/>
                <Baseline points="954,1035 981,1035 1026,1032 1071,1035 1116,1035 1160,1035 1205,1035 1250,1032 1295,1035 1339,1032 1384,1035 1429,1032 1474,1032 1519,1029 1563,1029 1608,1029 1653,1026 1698,1026 1742,1029 1787,1026 1832,1026 1877,1023 1921,1023 1966,1023 2011,1023 2056,1023 2100,1023 2145,1023 2190,1023 2235,1023 2280,1020 2324,1023 2369,1020 2414,1020 2459,1020 2503,1020 2548,1017 2593,1017 2638,1017 2682,1017 2727,1017 2772,1017 2817,1017 2861,1014 2906,1011 2951,1011 2996,1011 3041,1008 3085,1008"/>
                <TextEquiv>
                    <Unicode>Gott, weiss Niemand davon. Die meisten Andern</Unicode>
                </TextEquiv>
            </TextLine>
            <TextLine id="tr_2_tl_5" custom="readingOrder {index:4;}">
                <Coords points="950,1218 3129,1185 3097,1032 2338,1029 1724,1129 953,1059"/>
                <Baseline points="969,1184 987,1184 1032,1181 1077,1181 1122,1178 1166,1181 1211,1181 1256,1178 1301,1181 1345,1181 1390,1181 1435,1181 1480,1181 1524,1181 1569,1178 1614,1181 1659,1181 1704,1178 1748,1178 1793,1175 1838,1178 1883,1175 1927,1172 1972,1175 2017,1172 2062,1172 2106,1169 2151,1169 2196,1169 2241,1172 2285,1169 2330,1169 2375,1169 2420,1166 2465,1169 2509,1169 2554,1169 2599,1169 2644,1166 2688,1166 2733,1166 2778,1163 2823,1163 2867,1163 2912,1160 2957,1160 3002,1160 3046,1160 3091,1160 3136,1160"/>
                <TextEquiv>
                    <Unicode>würden es auch gar nicht verstehen. Aber Ihnen</Unicode>
                </TextEquiv>
            </TextLine>
            <TextLine id="tr_2_tl_6" custom="readingOrder {index:5;}">
                <Coords points="941,1353 3015,1341 3053,1191 2541,1179 2315,1274 941,1250"/>
                <Baseline points="957,1336 999,1336 1044,1333 1089,1333 1134,1331 1178,1331 1223,1331 1268,1331 1313,1328 1357,1331 1402,1328 1447,1328 1492,1331 1536,1331 1581,1331 1626,1328 1671,1328 1715,1328 1760,1325 1805,1325 1850,1322 1895,1322 1939,1322 1984,1322 2029,1322 2074,1322 2118,1322 2163,1322 2208,1322 2253,1322 2297,1322 2342,1322 2387,1322 2432,1319 2476,1319 2521,1319 2566,1319 2611,1319 2656,1319 2700,1316 2745,1316 2790,1313 2835,1313 2879,1310 2924,1310 2969,1310 3014,1310 3058,1313"/>
                <TextEquiv>
                    <Unicode>hab' ich es gleich angemerkt, auf den ersten</Unicode>
                </TextEquiv>
            </TextLine>
            <TextLine id="tr_2_tl_7" custom="readingOrder {index:6;}">
                <Coords points="935,1512 2674,1477 3012,1559 3215,1515 3215,1374 3062,1321 2297,1441 938,1447"/>
                <Baseline points="954,1498 984,1498 1029,1495 1074,1495 1119,1498 1163,1495 1208,1498 1253,1498 1298,1495 1342,1495 1387,1495 1432,1495 1477,1489 1521,1489 1566,1489 1611,1489 1656,1486 1701,1486 1745,1483 1790,1483 1835,1486 1880,1483 1924,1483 1969,1483 2014,1480 2059,1480 2103,1480 2148,1480 2193,1480 2238,1480 2282,1480 2327,1480 2372,1477 2417,1477 2462,1474 2506,1474 2551,1474 2596,1474 2641,1474 2685,1474 2730,1471 2775,1471 2820,1471 2864,1465 2909,1468 2954,1465 2999,1465 3043,1468 3088,1465 3133,1468 3178,1474 3223,1483"/>
                <TextEquiv>
                    <Unicode>Blick, dass Sie es begreifen müssen. Sie haben</Unicode>
                </TextEquiv>
            </TextLine>
            <TextLine id="tr_2_tl_8" custom="readingOrder {index:7;}">
                <Coords points="941,1656 3109,1656 3206,1618 3206,1494 3024,1568 944,1585"/>
                <Baseline points="957,1653 972,1650 1017,1650 1062,1647 1107,1647 1151,1644 1196,1644 1241,1644 1286,1644 1331,1644 1375,1644 1420,1644 1465,1641 1510,1641 1554,1638 1599,1638 1644,1635 1689,1632 1733,1635 1778,1632 1823,1632 1868,1632 1912,1635 1957,1635 2002,1635 2047,1632 2092,1638 2136,1638 2181,1632 2226,1629 2271,1632 2315,1629 2360,1629 2405,1629 2450,1629 2494,1626 2539,1626 2584,1623 2629,1620 2673,1620 2718,1620 2763,1620 2808,1620 2852,1620 2897,1617 2942,1617 2987,1617 3032,1617 3076,1614 3121,1614 3166,1617 3211,1620"/>
                <TextEquiv>
                    <Unicode>mich auch nicht verachtet, haben mich nicht var-</Unicode>
                </TextEquiv>
            </TextLine>
        </TextRegion>
        <TextRegion id="tr_1" custom="readingOrder {index:1;}">
            <Coords points="963,1719 3354,1719 3354,3647 963,3647"/>
            <TextLine id="tr_1_tl_1" custom="readingOrder {index:0;}">
                <Coords points="944,1865 3259,1818 3218,1682 2791,1729 2538,1635 1974,1721 1262,1753 1115,1656 947,1715"/>
                <Baseline points="963,1814 1008,1811 1053,1805 1098,1805 1142,1805 1187,1808 1232,1811 1277,1811 1289,1814 1316,1802 1342,1802 1387,1805 1432,1802 1477,1802 1521,1802 1566,1799 1611,1799 1656,1796 1701,1796 1745,1796 1790,1793 1835,1793 1880,1793 1924,1793 1969,1790 2014,1790 2059,1787 2103,1787 2148,1787 2193,1787 2238,1784 2282,1787 2327,1787 2372,1784 2417,1784 2462,1781 2506,1781 2551,1781 2596,1781 2641,1781 2685,1781 2730,1778 2775,1778 2820,1775 2864,1775 2909,1772 2954,1769 2999,1769 3043,1772 3088,1772 3133,1775 3178,1772 3223,1772 3267,1769"/>
                <TextEquiv>
                    <Unicode>lachty- Sie sind überhaupt ein Mensch, von dem XH</Unicode>
                </TextEquiv>
            </TextLine>
            <TextLine id="tr_1_tl_2" custom="readingOrder {index:1;}">
                <Coords points="965,2003 1147,1977 1265,2050 1432,2050 1606,1962 1874,1965 1874,1859 1738,1903 1703,1879 1459,1897 1371,1862 1109,1909 965,1882"/>
                <Baseline points="981,1969 1026,1969 1071,1966 1116,1963 1160,1963 1205,1963 1250,1963 1295,1963 1339,1963 1384,1963 1429,1963 1474,1963 1519,1960 1563,1957 1608,1954 1653,1954 1698,1954 1742,1954 1787,1957 1832,1957 1877,1957"/>
                <TextEquiv>
                    <Unicode>ich Respekt habe.</Unicode>
                </TextEquiv>
            </TextLine>
            <TextLine id="tr_1_tl_3" custom="readingOrder {index:2;}">
                <Coords points="1194,2141 3174,2115 3174,1991 2829,1935 2500,1927 2156,2047 1197,2032"/>
                <Baseline points="1211,2112 1256,2112 1301,2109 1345,2106 1390,2106 1435,2106 1480,2106 1524,2106 1569,2103 1614,2103 1659,2103 1704,2103 1748,2100 1793,2103 1838,2103 1883,2103 1927,2103 1972,2106 2017,2103 2062,2103 2106,2097 2151,2094 2196,2092 2241,2092 2285,2089 2330,2086 2375,2086 2420,2086 2465,2086 2509,2083 2554,2086 2599,2083 2644,2083 2688,2083 2733,2080 2778,2080 2823,2080 2867,2077 2912,2077 2957,2077 3002,2077 3046,2074 3091,2074 3136,2074 3181,2074"/>
                <TextEquiv>
                    <Unicode>Ich war ein wenig geschmeiehelt und kannte</Unicode>
                </TextEquiv>
            </TextLine>
            <TextLine id="tr_1_tl_4" custom="readingOrder {index:3;}">
                <Coords points="953,2303 3121,2253 3144,2153 1947,2203 1797,2118 1606,2194 1444,2124 1332,2203 956,2212"/>
                <Baseline points="969,2268 999,2268 1044,2265 1089,2265 1134,2262 1178,2262 1223,2259 1268,2259 1313,2259 1357,2259 1402,2259 1447,2256 1492,2256 1536,2253 1581,2253 1626,2253 1671,2253 1715,2253 1760,2253 1805,2250 1850,2250 1895,2250 1939,2253 1984,2250 2029,2250 2074,2250 2118,2247 2163,2247 2208,2244 2253,2244 2297,2241 2342,2241 2387,2241 2432,2238 2476,2238 2521,2241 2566,2238 2611,2235 2656,2235 2700,2235 2745,2232 2790,2229 2835,2229 2879,2229 2924,2229 2969,2226 3014,2226 3058,2223 3103,2226 3148,2223"/>
                <TextEquiv>
                    <Unicode>mich nicht recht aus. Um ihre Lippen zuckte es</Unicode>
                </TextEquiv>
            </TextLine>
            <TextLine id="tr_1_tl_5" custom="readingOrder {index:4;}">
                <Coords points="968,2429 2197,2453 2762,2379 3015,2444 3168,2409 3168,2312 971,2365"/>
                <Baseline points="984,2414 1026,2417 1071,2414 1116,2414 1160,2411 1205,2411 1250,2408 1295,2408 1339,2408 1384,2405 1429,2402 1474,2402 1519,2402 1563,2402 1608,2402 1653,2402 1698,2402 1742,2399 1787,2399 1832,2396 1877,2396 1921,2393 1966,2396 2011,2396 2056,2393 2100,2396 2145,2396 2190,2393 2235,2390 2280,2390 2324,2390 2369,2390 2414,2390 2459,2387 2503,2387 2548,2387 2593,2384 2638,2384 2682,2381 2727,2381 2772,2378 2817,2378 2861,2375 2906,2375 2951,2375 2996,2375 3041,2375 3085,2378 3130,2375 3175,2372"/>
                <TextEquiv>
                    <Unicode>sehr sonderbar. War es nicht doch mög-</Unicode>
                </TextEquiv>
            </TextLine>
            <TextLine id="tr_1_tl_6" custom="readingOrder {index:5;}">
                <Coords points="962,2597 3062,2579 3285,2547 3288,2429 962,2509"/>
                <Baseline points="978,2572 1011,2569 1056,2569 1101,2569 1145,2569 1190,2569 1235,2566 1280,2563 1325,2563 1369,2560 1414,2560 1459,2557 1504,2557 1548,2554 1593,2554 1638,2551 1683,2551 1727,2551 1772,2551 1817,2548 1862,2548 1906,2548 1951,2545 1996,2542 2041,2542 2086,2539 2130,2542 2175,2539 2220,2539 2265,2539 2309,2536 2354,2536 2399,2536 2444,2536 2488,2533 2533,2536 2578,2536 2623,2536 2667,2533 2712,2533 2757,2530 2802,2530 2847,2530 2891,2527 2936,2527 2981,2527 3026,2527 3070,2524 3115,2521 3160,2524 3205,2527 3249,2527 3294,2530"/>
                <TextEquiv>
                    <Unicode>lich, dass sie sich über mich lustig machte? dass</Unicode>
                </TextEquiv>
            </TextLine>
            <TextLine id="tr_1_tl_7" custom="readingOrder {index:6;}">
                <Coords points="974,2729 2800,2732 3150,2694 3153,2579 976,2644"/>
                <Baseline points="993,2715 1005,2715 1050,2718 1095,2715 1140,2712 1184,2709 1229,2709 1274,2703 1319,2700 1363,2703 1408,2700 1453,2700 1498,2697 1542,2697 1587,2697 1632,2700 1677,2700 1721,2700 1766,2700 1811,2697 1856,2697 1901,2694 1945,2694 1990,2694 2035,2694 2080,2694 2124,2691 2169,2688 2214,2688 2259,2688 2303,2688 2348,2688 2393,2685 2438,2682 2482,2679 2527,2682 2572,2682 2617,2682 2662,2682 2706,2682 2751,2679 2796,2676 2841,2676 2885,2676 2930,2679 2975,2676 3020,2676 3064,2676 3109,2679 3154,2679"/>
                <TextEquiv>
                    <Unicode>der Herr, der dort am Strande unserem Boote zu</Unicode>
                </TextEquiv>
            </TextLine>
            <TextLine id="tr_1_tl_8" custom="readingOrder {index:7;}">
                <Coords points="971,2868 3050,2877 3247,2859 3247,2774 2694,2694 2218,2785 1853,2709 1297,2815 971,2785"/>
                <Baseline points="987,2858 1017,2861 1062,2858 1107,2858 1151,2855 1196,2852 1241,2852 1286,2852 1331,2852 1375,2850 1420,2850 1465,2850 1510,2850 1554,2850 1599,2850 1644,2847 1689,2847 1733,2847 1778,2847 1823,2844 1868,2844 1912,2841 1957,2841 2002,2844 2047,2847 2092,2847 2136,2850 2181,2847 2226,2841 2271,2838 2315,2838 2360,2835 2405,2835 2450,2835 2494,2835 2539,2832 2584,2832 2629,2832 2673,2832 2718,2832 2763,2832 2808,2835 2852,2838 2897,2838 2942,2835 2987,2832 3032,2832 3076,2832 3121,2832 3166,2829 3211,2829 3255,2826"/>
                <TextEquiv>
                    <Unicode>folgen schten, xxxatte, the Liebhaber, am Ende</Unicode>
                </TextEquiv>
            </TextLine>
            <TextLine id="tr_1_tl_9" custom="readingOrder {index:8;}">
                <Coords points="976,3047 3038,3032 3253,3012 3253,2865 2082,2847 1915,2935 976,2962"/>
                <Baseline points="993,3020 1023,3017 1068,3014 1113,3014 1157,3014 1202,3008 1247,3005 1292,3002 1336,3005 1381,3002 1426,2999 1471,2996 1516,2996 1560,2996 1605,2999 1650,2996 1695,2996 1739,2993 1784,2990 1829,2987 1874,2987 1918,2987 1963,2987 2008,2987 2053,2987 2097,2987 2142,2987 2187,2987 2232,2990 2277,2987 2321,2987 2366,2987 2411,2987 2456,2987 2500,2981 2545,2981 2590,2981 2635,2984 2679,2984 2724,2984 2769,2984 2814,2984 2858,2984 2903,2984 2948,2984 2993,2981 3038,2978 3082,2981 3127,2981 3172,2981 3217,2981 3261,2975"/>
                <TextEquiv>
                    <Unicode>gar ihr Schwager zart Plötzlich achien nie alles</Unicode>
                </TextEquiv>
            </TextLine>
            <TextLine id="tr_1_tl_10" custom="readingOrder {index:9;}">
                <Coords points="2197,3177 2282,3188 2350,3150 2444,3185 2544,3141 2729,3162 2729,3079 2656,3062 2627,3079 2562,3065 2268,3079 2200,3038"/>
                <Baseline points="2214,3139 2217,3139 2262,3139 2306,3139 2351,3139 2396,3139 2441,3139 2485,3136 2530,3136 2575,3133 2590,3130 2635,3133 2679,3133 2724,3136 2736,3136"/>
                <TextEquiv>
                    <Unicode>sos ets ni</Unicode>
                </TextEquiv>
            </TextLine>
            <TextLine id="tr_1_tl_11" custom="readingOrder {index:10;}">
                <Coords points="2815,3182 2891,3182 2909,3168 2959,3182 2985,3159 3018,3171 3041,3159 3135,3224 3194,3185 3218,3188 3215,3035 3171,3027 3138,3056 3091,3068 3068,3053 3032,3074 2968,3021 2874,3035 2812,3006"/>
                <Baseline points="2829,3136 2873,3136 2918,3136 2963,3139 3008,3136 3052,3136 3097,3136 3142,3139 3187,3142 3223,3136"/>
                <TextEquiv>
                    <Unicode>estanten</Unicode>
                </TextEquiv>
            </TextLine>
            <TextLine id="tr_1_tl_12" custom="readingOrder {index:11;}">
                <Coords points="982,3182 1409,3259 1632,3153 1721,3191 1771,3156 2124,3177 2159,3082 2021,3050 1829,3077 1765,3032 1600,3085 1488,3056 985,3100"/>
                <Baseline points="999,3163 1044,3154 1089,3151 1134,3148 1178,3148 1223,3148 1268,3148 1313,3145 1357,3142 1402,3142 1447,3142 1492,3142 1536,3145 1581,3142 1626,3142 1671,3142 1715,3142 1760,3139 1805,3139 1850,3136 1895,3136 1939,3136 1984,3136 2029,3136 2074,3139 2118,3142 2163,3142"/>
                <TextEquiv>
                    <Unicode>wahrscheinlicher als das,</Unicode>
                </TextEquiv>
            </TextLine>
            <TextLine id="tr_1_tl_13" custom="readingOrder {index:12;}">
                <Coords points="982,3403 1012,3400 1047,3377 1118,3377 1124,3388 1147,3374 1165,3385 1188,3374 1212,3397 1238,3374 1262,3379 1268,3232 1212,3232 1188,3244 1121,3218 1074,3241 1050,3218 1026,3235 991,3224"/>
                <Baseline points="1005,3297 1044,3297 1089,3300 1134,3297 1178,3288 1223,3291 1268,3291"/>
                <TextEquiv>
                    <Unicode>hatte.</Unicode>
                </TextEquiv>
            </TextLine>
            <TextLine id="tr_1_tl_14" custom="readingOrder {index:13;}">
                <Coords points="1206,3462 3235,3479 3327,3459 3327,3359 2891,3259 2179,3338 1603,3288 1206,3391"/>
                <Baseline points="1223,3449 1229,3446 1274,3446 1319,3443 1363,3440 1408,3440 1453,3440 1498,3437 1542,3440 1587,3440 1632,3437 1677,3440 1721,3440 1766,3440 1811,3437 1856,3437 1901,3437 1945,3437 1990,3437 2035,3434 2080,3434 2124,3434 2169,3434 2214,3434 2259,3434 2303,3434 2348,3434 2393,3434 2438,3434 2482,3434 2527,3434 2572,3431 2617,3431 2662,3431 2706,3431 2751,3431 2796,3431 2841,3434 2885,3431 2930,3431 2975,3428 3020,3428 3064,3428 3109,3428 3154,3431 3199,3431 3243,3434 3288,3434 3333,3431"/>
                <TextEquiv>
                    <Unicode>Ein leichter Wind hatte sich erhoben. Wird's</Unicode>
                </TextEquiv>
            </TextLine>
            <TextLine id="tr_1_tl_15" custom="readingOrder {index:14;}">
                <Coords points="985,3665 2274,3688 3247,3630 3347,3538 3074,3462 2121,3456 985,3574"/>
                <Baseline points="1002,3637 1026,3637 1071,3634 1116,3634 1160,3634 1205,3634 1250,3631 1295,3631 1339,3628 1384,3628 1429,3625 1474,3622 1519,3622 1563,3619 1608,3622 1653,3622 1698,3625 1742,3625 1787,3622 1832,3622 1877,3619 1921,3619 1966,3616 2011,3616 2056,3613 2100,3613 2145,3613 2190,3613 2235,3611 2280,3611 2324,3611 2369,3608 2414,3608 2459,3605 2503,3605 2548,3602 2593,3602 2638,3602 2682,3602 2727,3602 2772,3599 2817,3596 2861,3599 2906,3602 2951,3602 2996,3602 3041,3602 3085,3602 3130,3599 3175,3596 3220,3596 3264,3593 3309,3590 3354,3584"/>
                <TextEquiv>
                    <Unicode>was werden?“ fragte ich den Bootemann. “Nein“, er-</Unicode>
                </TextEquiv>
            </TextLine>
        </TextRegion>
    </Page>
</PcGts>
