6888 4248
639 208 817 524 46
1293 260 3344 602 Slk. Sie haben einzule fiele Min-
1293 513 3262 754 been well in 20 fit by last.
1293 628 3288 899 Fevr. Kercuegler - 20 Jahre...
1341 825 3399 1111 Alledin il selbst tebe løvne tet
1274 977 3187 1282 are to bee will well betrett.
1371 1233 3135 1430 Eheminlyled - Her pass:-
1341 1401 3381 1597 Talt. I'd denbe sent the for Jna -
1809 1553 2965 1687 spreiter hi recht dann -
1345 1623 3384 1831 Tens. 1d hab ich gebellet ernige
1382 1776 3377 2036 she will espelt. Ist erst. etc.
1397 1954 3436 2236 -ne wisser es nicht! - Es wird Julijer
1352 2136 3336 2392 braside wich it zu rechschen -
1389 2355 3288 2556 ¬tursport habuisend joues...
1341 2508 3329 2712 Sehr bemerkt ist die Freilie. Be
1382 2667 3407 2924 spreiter (de rue Herr). wird falle
1382 2857 3284 3113 hier ich auf Sie rechten dürfte.
1423 3043 2236 3247 Heer Barn.
1434 3221 3344 3396 Talk. Ist lebe nicht hier - hi wel
1419 3410 3258 3574 Antworend - abe was i wem
1423 3563 2370 3830 k. steidert.
6468 245 6676 464 4t.
3644 271 6152 617 Sevs. Mes jours aux légends surtoutes. des uns
3678 513 6041 836 Allauden. Eine Intrigue, die die Jugend
3656 717 6646 981 erger uns einfèdelt. Sie het erleicht, die (der äppere
6263 929 6616 1137 ssen.
3667 888 6126 1159 ne leur k mit der zuhilfe. Man auch ein
3708 1066 5903 1441 Ende damit zuesten! Mit Wylers
3644 1334 6026 1601 welnichs auf. - Grein Hau¬  Ehe
3693 1516 6003 1846 des ist es je n'a vu licher -, die kleine
3652 1735 6312 2047 Méditer. Son Jura n'a.. ob alte at me ancien
3633 1906 6022 2288 Al-hé cede je relhtsche... hi muss su élevé
3711 2103 6015 2426 fuhl haben -  We Kuse de Obergang
3678 2389 6304 2690 sind sich etwa nicht erwart bleibe. So im 12
3600 2500 6182 2827 herum - gibt es bille tax. Die Legende. Man
3641 2753 6197 3087 ist selbst er Gefahr ihn zu überliegen. Ehe
3678 2946 6093 3306 dei (riugl. Charpogneau- auf den
3737 3173 6330 3596 d'effet êtreur. leurs Heures de Haud.
