6936 4264
6418 166 6584 319 21
578 170 794 392 70
3666 256 4597 459 25. Cruche has. -
1084 259 3487 658 Telt. (che Bleit bemerken) dort lacht es stèrkes.
3786 396 5959 638 has. Allen - Barum-ca will then -
1273 479 2323 701 Den Hände riaten
3816 578 4750 814 Au. Et est fort.
1207 661 3025 907 ausbegleit borben – wird)
3806 735 4922 974 chen tieß zu allen
1180 874 3224 1130 Teulk. (verschrudel ihr) (a smahr als 2
3802 914 4989 1127 An: Wardeflet is -
3816 1034 4929 1250 Me. Le Kiederin.
1256 1094 2037 1293 cherle cuit)
3782 1207 4763 1399 An. Sie wen-
1180 1216 3314 1522 Qurele (abnad, vechallen) Hlest.
3799 1250 5747 1592 has. Ist glaube fast - sui tie! -
3856 1516 5458 1815 An. (viellt, nicht der fort)
3822 1748 5371 1971 has. Er sind mittelte
3832 1888 6355 2194 Qui Ist die das Magertakte hiekels de
3939 2131 4454 2293 nacht...
3892 2247 5504 2426 bei. Dies ist, der borgenand.
5640 2234 6072 2463 Hannen
3879 2390 6548 2679 Om. Ch - borger schon....  Le tratist jeiderhaft.
3882 2599 6202 2835 leas. Nun näher schon. Der Trubenlagen sehr
3929 2769 6292 2985 durch Waldeschrift... in sein... durch aller¬
3935 2948 5139 3207 Au. Wa den ist.
3912 3134 6262 3350 leas. Hier churft was wohl auch denk. als
4045 3377 6375 3630 die Serenie Trühlenstraße und wohl einzel¬
4035 3513 5630 3762 der ancien Seite lebst.
4022 3679 6621 3919 Amt. Ode an eine andres. da die Hause Heil
1320 3816 2150 4088 F.TrubyKing.
