6920 4280
465 240 632 456 de
1181 274 2750 515 ide - der man wissen trifft
1714 395 3030 567 ne dit ala die miele in pr -
1174 462 3385 721 leon. Wie das die Stunde inke werst.
1446 635 2235 786 u crise will..
1113 669 2340 965 Am Mittfürstelt.
1193 903 2081 1088 leas, Amelie,
1141 1073 3264 1267 Aui la luyer nachtet deux de Fes
1147 1276 2965 1464 vercois d'h... Le beauve. fladt
1168 1418 3292 1637 lies. Und was besser ist, at teste...
1464 1523 1680 1665 de
1187 1597 2315 1794 des trous beginnent.
1153 1711 3264 1970 Aus. I. Capt. un haiver.. Toou
1270 1923 3375 2149 dem das Lertsen. Leen Lippen
1242 2102 3292 2337 i in Juglingm. Oh... heim Augs
1230 2284 3218 2494 kein Trois - een kein Beteres.
1205 2441 3147 2648 auch - wäre die witt... (tem)
1227 2620 3101 2879 tippen. Zimgleich. Dein Lippen.)
1208 2836 2383 3027 tout de ceux et corvé
1193 2925 3156 3163 beo. Euer wär nen Tod. für ein
1261 3147 2096 3335 nacht mit die
1178 3221 2694 3539 Aur. V. Mlle. A. de Tod
1208 3468 2182 3745 hem Geliebte.
1224 3634 3271 3875 On  geliebt . ...  Den Ljnf als Cume.
1378 3896 2706 4118 pri c'est was...
4648 228 5382 410 zweiter Eht.
6553 240 6754 410 23.
6489 391 6782 678 3.10.11
3902 444 5413 644 Erste Sœur. Bei Amelie.
3791 607 5240 829 1. Aprilie - Türstin
3832 780 5958 1070 Auszug. und solle hiebelteruvel inderkennen?
3838 912 6088 1190 Ambos. Sie werden in ersteten – es närmdes alle Chete.
3850 1116 5749 1353 wider derer ge hahlen — und einer neclat...
3825 1245 4858 1458 Juristen. dit Mereconf.
3859 1412 4750 1661 1. Burtie. Felri.
3822 1612 5835 1911 Stalia (melb) - Woderke hébins, Amelis -
3807 1831 6193 2115 Aurelt.  Jhreip nicht. Da doch tich später sein
3745 1979 5283 2232 wel ait the hild si leren.
3767 2124 6248 2475 Fehi.  Une seile ist jaar an andere.. In the Hun
3773 2355 6177 2651 will not. (lieuoch Roi thre heele not,
3733 2521 5884 2904 Annelie. Das ticht ist vielleicht will jet.
5333 2783 5573 2888 is so
3724 2762 5700 3015 talri. Das Licht wäre im übel. hei¬
5727 2925 6492 3160 Twee leurs-incère ferne.
3776 2965 5647 3234 wird vielte... Sel kommen witt weiter
5767 3082 6202 3224 Stattvater
3727 3129 5912 3415 Annelie. Wenn w umschieden... Heu¬
3798 3366 5755 3591 Ihre recht ist. Dies aus clost eine
3810 3526 4907 3773 Nunie zeigen.
