3416 4152
2991 235 3226 474 16 V.
268 275 1631 524 15. Quelie Teltence
297 427 3204 712 Talt. Er schiess nunnesse gefonst. Ein wie e cl
2672 561 3074 774 bilebt
286 571 2054 799 Rein. in Lettest. kein Beill.
336 691 2886 984 Telt. At men's darinfonkème. - That we may
300 900 2770 1128 Dies. lieber zum Fasse - ein Recht?
300 1110 2846 1284 Crais, qui uitst dei - mei Freund -
1154 1230 1645 1399 ecion
380 1287 2047 1526 Es ist das best. Ichrott zu sezt
409 1392 3034 1743 Tuck Iil ke wilet lebes obus deit. 1.fuhl at
362 1624 2893 1982 Une seis in Quel... durch neu? nährend ist. In
380 1819 2065 2097 nur mit wilden die fiel.
423 2029 2040 2282 Arie. Oole, Etiume indes...
383 2155 2882 2445 Talk. Bleib Cerelle.  hen. Amile - che'in
380 2365 1830 2625 alle mit bleiben. Am
383 2517 2799 2821 An. Li verpöst - der Frans het drit geladen¬
380 2698 2289 2926 tult. him. wt das so nichtig -
336 2832 2860 3193 Ain Ja " Jch vill - daß di auf de Schiffel
376 3005 3077 3294 Kreis gebot.. Asl wei di in clost ju2 Shuur
344 3247 3027 3540 und die beharrt darauf - das - (soll alle
409 3511 966 3714 jul en.
383 3642 1880 3938 Tult. - he beclentet elars.
