7000 4376
515 256 709 378 " "
360 366 593 563 116
1081 351 2648 596 Tevs. Aber einhaar dort...
1072 554 2949 754 tuept. t- könne uns wohl. - Ebe
1117 718 2529 885 vereint wird auch -
1540 819 3318 1040 i. Gül leur. Her Mer... And
1189 867 1427 1057 Twee
1189 962 3232 1194 Ich solllet heil noch misizierte... J -
1206 1171 3006 1290 man wird nur mit wiederischen -
1212 1263 3253 1543 (son chepaa. Sécepter à Tous ab.)
1308 1531 2815 1716 Bleibe zweite Antros. Meis.
1194 1671 2594 1909 Man welch in Friede hier
1177 1862 3178 2076 Auhr Avd you redurfelt it in um a
1194 1978 1886 2204 Lukonnen
1215 2151 3217 2371 twe Krallem weil was nicht verliebt.
1129 2303 1448 2440 ret.
1186 2395 3172 2666 Ambassade nt ein großer Flück.
1230 2562 2836 2806 No y intirxé en est de eurige
1183 2717 3381 2901 Antroach, Ihre ewigs. Erichtenstueillig ist verlobt
1212 2895 3360 3077 2 in - his which she is as a Liret Lis will
1239 3032 2106 3265 ni getan cie sie...
6375 274 6640 474 11th
3753 375 4575 661 4. autres. la
3729 503 5403 846 dies Geld in Friedehier -
3786 769 6062 983 Anton - Teilich anders at ev wis her kommen.
3840 944 5585 1138 10de mdele and toon dehe2).
3846 1129 6041 1334 uex. Je M. est tratrimé, ni Bnud ae
3849 1293 6199 1525 celui me le cas meille (une Stoffe
3890 1454 5960 1656 to it willenet in herr - (the ni
3822 1585 6214 1826 (tet ut in Beut).  Che de Leben ist ai echsen
3792 1749 6059 1987 (Ambos. Ist er möglich. de p hs Cevelia
3911 1918 6202 2166 nicht werde denken – i. Was and in he then.
3840 2070 5686 2285 wir sie nicht weh ging nä.
3834 2225 6157 2481 Mrs. Middetin who laing -
3846 2428 6092 2651 Ambassadeuré. De ceci Sie einmal Sorge
3869 2568 4647 2788 tela - : -
3908 2779 5993 3047 Mulm. Inhut mussie schon rem
3980 2967 6089 3235 es ein ein über und witt halten
3935 3175 5585 3408 richt u. fosse wollen.-
3935 3348 5293 3515 has. Sie reise wirze
6020 3414 6252 3634 Geo
4784 3411 5689 3628 weis unillkosten.
3956 3530 6324 3804 Andern. Jo... Nach Zillellige. - - In Spivak
3980 3709 6175 3947 Sie ist jedenfalt, dort - an 30 Gebenb
