3592 4104
2711 316 2897 583 63
781 567 2736 710 Als Stück: alle drei Handlungen verknüpft.
775 719 3257 861 Der Held Verführer; drei Liebschaften zugleich, eine
793 818 967 927 die
818 933 3309 1106 nxxe burlesk, aine andere, die sentimental, eine drit
784 1035 1816 1184 te die tragisch endet.
796 1174 2625 1336 "Der Verführer und die drei Jungfrauen.“
775 1348 2640 1481 Er lernt sie alle an einem Abend kennen.
762 1509 3068 1670 Maskenball? Semmerabend? Frühjahrsfest im Prater?
765 1667 3226 1853 Die tragisch zu enden bestimmt ist, tritt heiter auf.
765 1813 3071 1974 Sie ist ein junges Mädchen aus guter Familie, war
768 1980 2829 2135 verlobt, wirft es hin. Der Verlebte: Al###ine!
747 2110 3176 2352 Die Zweite, Tochter aus guter Familie: "Ich will Ko-
716 2247 2116 2442 kotte werden." Ihre Schwester.
710 2417 3151 2640 Die Dritte: junge Sezialistin, Violinspielerin. Ihre
762 2600 2916 2745 zwei Schwestern. Eine ältere und eine jüngere.
803 2730 3062 2888 II.Akt. Verhältns mit der Tragischen und mit der
768 2922 1525 3068 Vielinspielerin.
768 3040 3229 3220 Im Hause der Vielinspielerin. Wie er als Held geprie-
725 3173 2386 3384 sen wird. (Gleriole:)
762 3328 2371 3502 Wie er flieht. Nein, nicht binden!
762 3477 2807 3725 Der Brief, den er an die Trag ische schreibt.
