6968 4376
405 254 718 464 ....
910 348 3052 659 -pa dieu Tag het mich de Priris ait
182 436 411 652 11 S
1051 552 3111 853 ren Titiff gebeten... tot möge selbst in
317 652 715 800 to - -
850 715 3058 1022 Mrs. T.D. heb. L heiert glaets. I he hei
257 762 775 931 Es was sein
257 897 775 1069 Kap. pdle
919 897 1822 1138 ammen c. J.
298 1041 721 1186 habe, dann sein
947 979 2644 1242 Rulcq Wo sahen to itn -:-
238 1129 856 1327 Liver ag...)
878 1167 2189 1427 was bei Amelie.
916 1402 1979 1631 Aus Rent -? -
935 1477 2995 1731 be tent per hilleg - rest us
922 1603 2932 1907 wilt i or teneus John.
979 1781 2738 2079 Ambrs Td bleib vizt E
979 1963 2703 2239 bres (him he until and I
621 2114 2976 2427 (4o Soo hew (Alles) (Confory-) Il hélt ait tt
486 2330 1179 2475 hie eine zu verliebe
1066 2302 2707 2597 sinden allerlei entlei-
405 2453 630 2543 Mud.
1258 2616 3008 2838 Indits het de hos verspurs
1399 2829 2757 3042 -crind de euil un
423 2910 1088 3095 Une konnte
1323 2920 3215 3259 aber erst in der Anerst vorher.
367 3083 1142 3262 itin der nicht
1355 3215 2892 3447 bei weit pomtlet ici i
367 3268 762 3456 regen.
1440 3400 3042 3701 in d a ét p verlieren.)
6486 226 6702 414 115
3785 348 4830 558 5. Culms has. -
3851 489 4940 671 Séraphon - terre -
3826 615 5482 834 tres. J. vier nord ni fort.
3823 762 6012 966 Ambassadeur Leibes-id gehe - u ei nicht ver¬
4883 831 6498 1091 - Cibe u bleibe dort oock, le
3908 953 4676 1095 nicht nieder. -
3873 1044 5027 1289 Sans Conerttemnée.
3836 1038 5990 1436 Séraphine. A- und el.. Am 14. t (viel
3817 1317 6341 1603 Aulm. So oude hie aber, und das wieder
3974 1446 6128 1753 sen. Man wird sich sehn. - Das ist an
3961 1634 6442 1907 Tag-de de Prur abføhrt.  he and sent by Cents
3889 1803 6376 2120 Sevr. (u zu bei) Rück, ist wolle unterthehl.
3889 1998 6395 2261 Mr Uierbell wollt it will age - in kleine
3964 2180 6194 2465 Verabreding. Toute même gesangen de
3964 2327 5209 2569 -bladt wie leere ain...
3939 2446 6113 2794 Semptine - Iil holl je veut être très. bien
4008 2694 6066 2895 vul cas in quele... Es ist j alsst de
3958 2829 5281 3055 letzte Mal. mit ich.
4036 3058 5987 3246 Ses. (mertis) Rude. je mais ou
4065 3186 5975 3440 she is will at well or Elisibess
4046 3390 5971 3594 sollteit willkte - ich hab heil
4043 3572 6122 3713 vort en Verabrestine... in de Geschäft
4137 3682 5567 3920 - id bleib uit ceux ans
4134 3883 6332 4077 Ambrn. I will he begleit-in & Unabsent
