6712 4232
405 188 629 428 48
1008 259 3246 612 Ain Cuit mein Valé est Cost - nd weine.
3541 272 5553 580 19. Salhenier, 4 Teux. (Tho Kommis)
6302 327 6542 557 26/5
988 444 1672 606 luitter...
3600 480 5770 778 Talk. (schlechst – naan Schulle-veter bleiben)
1063 573 3130 816 Sult.  Wie scheint the lut as? - Tit d
480 590 855 768 (f.i.)
3596 706 5942 975 Eliz. Secr. (mit Kommiss.) Richer. Rekommt in dies
405 732 823 881 wifliep
943 739 3165 978 and kenand toft -:- Seltsamer..
402 826 816 969 ohne Blick
3567 872 5894 1157 Gegen – kinnen mit erzell. Aber es nicht
369 930 859 1150 inendre.
988 953 3188 1251 Reyschungen giels ont der W. elf.
3525 1047 5916 1351 mit den Teufel zu jetzt. es bin will unt dan
2679 1102 3052 1254 Mond
988 1108 3088 1351 1. The Vater fill out the tâtus tand.
3496 1254 5884 1533 pagne noules uu wllte (das selt, nicht
1030 1309 3123 1562 Amelie was riud so viele tafel her
3499 1432 5722 1792 leere Theides - 4 mund verschieden,
839 1536 3039 1711 Falt Blutache gibt auch nicht nicht
3554 1678 4821 1918 (mit zeigliches Leuten)
1354 1707 2067 1892 (durch)
930 1824 2530 1993 Am. hilichos - in fein...
3609 1808 6030 2080 Nos nichts, leider nicht meine Wasser¬
956 1967 1902 2148 Thes. rer taux
3596 2025 6000 2343 Falt. Anwand die Domen fort - Herr Teur
920 2080 3217 2323 Falk Hettes he will himt in tausci
4150 2200 4951 2372 wurde nicht aus.
3658 2258 5774 2592 -teos. he tis us abbe versentes Sie -
5923 2291 6555 2534 Test.. + à boire
920 2300 2067 2492 Am. Tit. Insbereit
914 2436 3165 2696 Talk. Nichtich... Aber es konntnis
3606 2492 6049 2751 Salh. T. la Talheure - Sie müsse n et will
1034 2641 2462 2867 well in Touse inde
3541 2689 6150 2981 même erinner. En Heur ou den Peltum
885 2819 2978 3075 Chas. Seuf, il un du gnade lit.
3609 2861 6000 3136 Sevr. End Hoek. Cnks - t.. Ob an heim
907 3026 2161 3266 am. Thn hier -. -
3587 3062 6007 3337 in Feind. Herr Paiss woll mit
872 3159 3123 3486 Falt. Je n'a du Teich - Umsid schöne
3645 3259 6017 3532 U. I. luitt de Verstellungsbei.
1008 3370 2880 3590 ni - Un immesirter.. Ist
3642 3480 6052 3752 (dit sele ne sera vu).. J. Schuar. in Hea
966 3554 1934 3771 fel. Eid schon.
3606 3687 4692 3937 ein Verlenhoffen
1134 3700 2174 3985 (he was fort)
