3912 4200
1081 543 2048 738 Scraphine und Max.
1087 695 3309 901 Seraphine behandelt ihn mit lronie: Da man
1090 827 3389 1058 sich gerade so trifft,nicht wahr? Vielleicht
1093 1024 2008 1184 nach dem Konzert.
1104 1124 3266 1358 Ich spiele schöner. Ja, es hat schon einen
1098 1330 1745 1524 Sinn gehabt.
1104 1596 3160 1859 Mit drei Kindern hätt ich zu viel sorgen.
1110 1790 3157 1991 Ein Vater, ein Geliebter und ein eigenes
1127 1973 1401 2162 Kind.
1138 2219 3338 2428 Ambros: Die Summe des Glücks auf Erden ver
1133 2411 3200 2583 mehren, das ist im Grunde eine ganz nütz-
1141 2588 2199 2748 liche Beschäftigung.
