6760 4216
1206 222 1818 454 autemte.
1101 369 3158 612 Arch but jeder and as merke he
1058 549 2539 819 irgenden en Geschäft!
1087 700 3358 985 Avilsos. Un vie soll de imprès -
1157 900 3115 1192 Sie schreiben eine Rettel her-
1083 1065 3122 1378 the tabes onder Schlosses and
1111 1248 1762 1505 garten —
1143 1421 3277 1762 Archie. Van demeWelle...
1132 1660 2261 1878 in heute iai!
1143 1786 3260 2082 Ausbron Aruselin - wasi we sent
1178 1973 2264 2250 en est Omeilie -.
1167 2134 3147 2447 Arch. Hei ist vie des ander
1192 2331 2247 2570 Spiel zu tost. -
1181 2497 3056 2792 Ambros gibt ungender Ries!
1178 2718 3136 3045 Ode erarlet will ers tusteile
1255 2883 2159 3094 and he -
1266 3027 3274 3277 - Aust. Curele - huis cent telle
1340 3235 3319 3488 Culm. Ist workl it will antwet her
482 3260 988 3527 lasser:-
1181 3365 3319 3646 begeyven -. - Zeit katht.. Til geb.
520 3481 1069 3667 jule tems.
1305 3530 3358 3847 Ard. Colle hi morge cent un pritetu se
422 3594 1157 3836 Auf Trievand
1262 3636 3210 3907 in Ambr. Leitabe - (wir leld not
1340 3787 2451 3963 see thume immert em-
2437 3850 3056 4016 Seccleit arve
1403 3924 2451 4047 qui crit was....
3611 229 3780 443 27.
3833 190 4852 464 Amehe Talheme
3689 415 4958 629 Ains-Eurlich - geben in
3731 538 5141 738 sulx. C'est l'asse - de trifs.
3692 636 5492 963 wolle, hiert unteriligsten
3727 781 5095 1051 An Wis hé, jehrter
3720 960 5559 1283 1 alt. Teendarm. Heil sie jetzt:
3734 1139 5032 1350 Anne, Last... bemerkt.
6002 1115 6354 1350 letzt.
3741 1308 6277 1639 Nett. C be daß Sie seligener - ob auf¬
3699 1435 6224 1835 An Excursion..  Wolle he will also and am
3724 1603 5763 1909 talk. heim. Sie oude Mal.
3717 1772 6129 2120 Amt.  to bett ich doch nicht kurze collen.
3748 1937 5436 2194 tek. Très niverstet vint -
3731 2092 5654 2395 Am. So peuer, wie vie- heil.
3734 2279 6561 2634 Valt. Aufricht wird — teul. ob ich dort ein etwas
3805 2426 5549 2729 Falk. Gute – dieser - und
5798 2616 6073 2771 Monsieur
3769 2563 5942 2827 Qui, that thereof. We will alles.
3787 2771 6041 3035 halt. Was kann ich die wär heraus de¬
3762 2908 6083 3175 Am. Sagt ist will. ich will uren die
3829 3136 4061 3309 M.
4501 3126 6596 3418 :- nicht heraus! - Er that der Ein¬
3755 3284 4504 3558 telt. We
4589 3295 6466 3671 -vult die Welt (da sehr)
4125 3442 4561 3682 Relation
4641 3502 5190 3734 him do
4205 3664 4525 3942 & soe
