3432 4152
224 333 343 551 4.
349 295 2325 596 ap. 1 at den Begleiten. do
259 528 2568 753 but schon dein witt-weil ist mit
176 685 2492 945 seine Inhalt habe, oder nicht zum
234 903 820 1146 Rein
839 884 1502 1188 Hudw
247 1092 2658 1371 Les Juiss - escai sije etwa Cstuler
295 1284 2530 1608 wesen. He had in December as
259 1499 2568 1797 Begleite - de Koliumturz teraben
243 1755 2495 1928 Teey.. Un Sieur dorste pre fer
371 1938 2415 2200 f. das ich noht dein Fehler...
208 2120 1265 2312 daf di meine
154 2255 2729 2568 Mai Ei, n'est eue woll ai il en avec
391 2431 1771 2706 hirol geworden
144 2671 2620 2914 See, has and we indl alle-... We
314 2901 2431 3154 ist me will allen -. Solller
253 3071 2556 3315 di es glasse. dass im liebe her
240 3260 2495 3542 herxleid Schreiberlein ud geb.
285 3481 1765 3725 tenden ihnen wieder
288 3654 1681 3984 Mrs. Srauvenove
