3880 4280
2561 384 2899 522 peuille.
1057 477 2887 707 Falkenir nimmt im ersten Akt xxx
1063 637 3346 843 schied von 4 urelie. Refüsiert ihre Hand, fühlt
1057 731 3464 1000 sich zu alt. xxxx Würde sie quälen. Hat schon
1054 891 3407 1132 Aehnliches erlebt. Sein Verhängnis ist Vorher
1069 1000 3256 1284 sehen. Das ist an sich Schuld. Er wird ihr
1072 1184 3482 1483 Freund sein. Wenn sie ihn braucht,soll sie Ihn
1051 1434 1404 1616 rufen.
1063 1492 3494 1721 Also nicht: Erst wenn du Liebhaber gehabt hast,
1069 1646 3237 1900 werde ich dein Mann, was lächerlich wirken
1063 1809 3373 2060 müsste - sondern: du bist frei, ich kann, darf
1081 1927 3280 2196 dein Geschick nicht an meines knüpfen. Sie
1081 2150 2443 2371 bleibt also allein zurück.
1069 2286 3398 2540 Auch keine vorher festgesetzte Zusammenkunft
1084 2464 3337 2691 in Gileleie,sondern Ambrosius ruft ihn her,
1099 2618 3032 2839 um Aurelie noch vielleicht zu retten.
1105 2697 3331 2984 Nun weist sie seine nand zurück. Er ist be-
1093 2893 3521 3150 reit, trotz allem was geschehen, sie zur Frau zu
1096 3011 3401 3289 nehmen. Will sofort mit ihr abreisen. Nein
1111 3216 3201 3446 sagt sie, du musst die Kraft haben meiner
1120 3358 3265 3539 Vergangenheit gegenüberzutretahin welcher
1105 3455 3449 3727 Gestalt immer sie sich zeigt. Der Zufall fügt
1129 3654 3316 3908 es märchenhaft, dass er drei Prüfungen zu be-
