6872 4296
1084 121 3089 337 Selbeine, Teur, Leupture, Twerlin, Tabri -
355 352 542 634 re
1059 381 3180 630 Sciell. So behelt he de dutte.. jeder self
1059 579 3081 861 bevnt. ma dürfte ne will love
1055 751 3272 1008 allen lesien, wie nicht einliebte.
1084 945 2535 1242 tuit tatte. tre u halten.
1161 1077 3231 1385 Ma Jmme ned fop uit beher
1022 1312 3129 1557 No vier - selve ein unser schon
1059 1506 1755 1762 Serephine
1147 1579 3158 1858 Serens. but Bann Aînelie - inlitt
1132 1814 2598 2041 - he seilobt ist..
1172 1931 3305 2224 terept. he when will one, as Mr. with
1227 2169 3103 2367 he ist viel in dergleiches -
1117 2330 3246 2539 dieser. Sie heute und wohl sehr gut
1128 2462 3305 2762 sereft. Da weiss weiss sordulich, deve
1114 2715 2949 2924 slui -! - meilheit pas ube com't for
1209 2847 3213 3078 tea to erschle hi unis in such -
1286 3012 3206 3268 nest. Da. Un terromgenette Ecst
1282 3206 2209 3440 schaft: Eitel:-
1301 3312 3096 3598 dias. Ich telle was anf und ab
1315 3558 2854 3766 wohl sind ich sich in ou -
1359 3689 2337 3909 Serex. Trinler.
6426 191 6628 407 53
3634 282 5693 579 Mär. Soll war ein Gefühl verlügen. Das
3766 484 6646 762 nicht wahr da ist... (Terie) nu de cau Trenlompe
3711 645 4942 960 serapl. serviteur
3733 810 6173 1106 dies. ten wiss den Sorgen. (und Schwerken)
3642 1030 5737 1304 veut enregense – me l'exepres chez
3664 1224 4770 1498 achtelben Wege
3682 1396 5990 1733 Sereps. Aber hirvient he nicht.
3752 1634 6690 1931 Aus ist tüt geantwortet. Neu - erzubelehren,
3675 1850 5987 2129 was so betald herecht.) Und me the Krs.
3678 2074 4576 2301 mult loit sein.
4162 2118 4975 2294 dan ich woll sehr
5844 2059 6016 2312 me
3704 2231 6100 2491 bei... Ist das weit ein Eigenhaft vor mir.
3719 2411 6239 2704 He is in there in the said
4169 2565 4712 2719 tise in
3722 2623 5723 2891 Secaph. minute. There were now is
3770 2806 4887 3078 mir zu erzählen.
3755 3026 6012 3264 Déc. M r. Sie schein nichtän, at esi hs
3810 3209 5518 3462 aux chuteurs ouvrages! -
3785 3363 5932 3693 Sevent. Gott beteile nert dann
3847 3565 5657 3781 Sehr de West-il so te vleit.
4085 3759 5499 3964 Elle des Châteux
5620 3634 6155 3950 nulle
