6488 4152
3844 426 4963 668 Anfang 90iger Jahre.
3880 592 5970 815 kommen Sie doch herein, Nelly, kommen sie.
3880 792 5922 922 Sei zen Sie sich zu mir, erlauben Sie mir
3880 894 6142 1128 Ihnen zu sagen, dass ich sie liebe. Erleben
3875 1080 6136 1280 sie noch einen letzten Roman,bevor Sie sich
3875 1246 5933 1438 in das Kokottenleben stürzen, in dem Sie
3878 1387 4800 1574 verkommen werden.
3875 1540 6119 1731 Und sie erlebt den letzten Roman, die letzte
3875 1686 5877 1881 Nacht. Am grauenden Morgen verlässt er
3875 1833 5713 1985 Ostende,am Abend verkauft sie sich.
3866 1991 5880 2146 dialog: wie er sie am Schluss aufleht:
2087 2028 2504 2231 le reste de
3886 2115 6119 2326 Tu es nicht, ich will dich glücklich machen.
3861 2324 5964 2465 Nein, nein, ich kann keine Zeit verlieran.
3861 2453 6018 2631 Schon gestern Abend hatte sie ihm gesagt,
3861 2603 6018 2809 sie sollte mit dem und dem zusammen sein.
