3352 4152
837 591 2862 822 Der Graf erklärt ihr, dass sie das ja gar noch
857 783 1135 958 wissen
1664 727 2906 958 e kenne sich überhupt nicht
1188 780 1431 893 könne
845 908 2708 1091 die meisten Menschen sich nicht kennen.
2752 908 2871 1023 da
1446 1049 3098 1239 in allerlei Gesetzen ihr Dasein hin
845 1073 1422 1182 eingefriedet,
840 1159 3092 1416 bringen. Man kennt sich erst, wenn man Lockungen
834 1354 2672 1525 folge, nicht wenn man ihnen widerstehe.
840 1490 3196 1617 Vielleicht hier die Novelle von jener Sternguckers
840 1599 2871 1833 gattin,die dem Ton einer Hirtenflöte folgte
834 1812 3072 2004 und damit endet, dass sie ihren einst geliebten
890 1957 1783 2164 Gatten töten lässt.
1868 1966 2256 2111 Pieter Hei
845 2093 3219 2294 Aurelie: Ich würde dem Ton der Flöte nicht folgen
840 2235 2439 2471 Graf: Wenn ich es aber verlangte.
