6776 4232
1063 200 2033 438 Aus. nur - nächst.
1104 328 3143 597 ter. (Carbelt, fast zeich). I sentitie
1120 557 3281 785 do toen with - so him he dort einmal
1091 716 3174 926 ... in wollen musigues.. Li nach
1020 891 3184 1063 nembit wieder, Ehelebt das
1076 1029 3271 1351 her u. Peinst. u. michlicht Klage
1110 1213 2127 1432 souler est -!-
1192 1379 3240 1573 Eliz. At. in het die jetzt wohl nes
1257 1567 3168 1811 invenuelt (dep di dès n'est
1254 1751 1808 1920 weist.)
1238 1895 3056 2077 be. 1st doit wehly Nucune.
1273 2036 3118 2305 She hadiliet mnme sie. I
1201 2211 3168 2389 lun théaille sous. nivet une classe
1248 2377 2480 2561 mit u sevei
1285 2480 3134 2721 Sa. Art hofft zich paz gut..
1304 2699 3184 2884 du wist jetzt dort nicht festtel
1220 2802 2590 3081 weil zu begleiten – und
1285 2924 3046 3234 Elis has schandelt the west of
1314 3134 3234 3393 an    Gans bildest et was - Lieb
1332 3278 3224 3609 and de ciel Blick. hemiten
1345 3472 1998 3653 Ses wohl
1385 3581 3081 3850 Ses. Sieb – Sche hi uns in
1407 3819 3112 4044 pre cert bal;... ist yet.
3593 203 6105 513 Aug. Herr v. R. - Nein-wahrhaftis - ich kund¬
3634 419 5067 666 eine Cid davit, chusses -
3678 563 5414 813 Eliz. Er nicht nie e scheint.
3622 741 5242 938 que lea,. Bis in theem have.
3665 894 6008 1248 Eliz. So irrnehm uns mir nicht. Sie kommt.
3690 1082 5157 1354 schön wir geben zu Teiß...
3650 1182 4910 1520 be. Begleit is he.
3640 1376 5820 1742 be. His own than militacitie
4313 1679 5007 1905 calle at
