3336 4168
639 600 1571 777 meiner zu erinnern.
648 702 1852 935 Aurelie: Aber wo er es.
657 839 2844 1087 Max: Es ist lang her. Vor sieben jahren. ich
666 1007 2796 1177 war fast ein Bub. Auf dem wohlmarkt war es in
672 1108 3074 1344 einem kleinen, etwas dunkeln Laden. Baronesse waren
660 1276 2802 1518 mit Ihrer Frau Mutter dort. Due Frau Baronin
672 1425 2988 1667 suchte eine Broche. Ich erinnere mich sehr genau.
666 1559 3041 1766 Keine gefiel ihr, da befahl die Baronin eine Zeich
690 1700 2967 1915 nung anzufertigen. Mein Vater rief mich und ich
684 1828 2778 2106 übernahm die Anfertigung der Zeichnung. Ba
696 1993 2521 2268 ronsse tragen ja heute diesen Schmuck.
2297 2085 2587 2184 & unilie
705 2073 2982 2411 Aurelie- Sie sind der Sohn des juwelenhändlers?
762 2226 3032 2554 Max: Der jüngste:- — Ich hie desselb Herr
1927 2336 3017 2480 R. der Thele Veleier im
732 2408 2943 2662 Graf: Wo befindet sich jetzt eingetlich dieses
744 2656 3011 2961 Ma <: Virgends Herr Graf, es besteht nicht mehr.
741 2674 1183 2841 Geschäft
768 2802 3038 3128 Aurelie: Wie schade. Es war das einzige in dem
762 2958 2847 3259 man geschmackvollen Schmuck zu kaufen bekam.
792 3092 2871 3406 Max: Ja, es wurde verkauft vor zwei Jahren,
801 3268 2408 3570 gleich nah dem Tode meines Vaters.
819 3376 3080 3681 Graf: Warum übernahmen Sie es nicht? Bei Ihrem
819 3666 1282 3839 Geschmack
