3496 4168
2523 572 2952 788 aber
955 765 3139 987 lich auch weibliche Wesen, einzelne allein, und
2190 844 2535 946 andere
949 882 3297 1107 nicht nur die Dunkelheit, auch meine Gleichgiltig-
961 1063 3136 1279 keit hinderte mich daran, die Kokotten und die
1539 1183 3142 1393 Frauen von einander zu unterschei-
978 1188 1504 1381 anständigen
984 1326 3267 1521 den. Ich künmerte mich in diesen Tagen sehr wenig
1320 1480 1659 1565 mann.
975 1501 3212 1723 um die Weiber; sie gehörten nicht anders in die
990 1653 3159 1854 Velt, als wie auf einem Bild alles zu einander
987 1787 3159 2015 stimmen muss. Da var das Meer, der Strand, der
984 1951 3177 2111 Kursalon, die spielenden Kinder, die Hochstap-
993 2120 3230 2324 ler, die geordneten Familien, die schönen Frau-
1007 2231 3265 2464 en, - und es hätte mich allerdings gestört, wenn
1063 2400 3215 2596 eines Tags gerade die schönen xxxen plötzlich
1042 2523 3320 2724 nicht mehr dagewesen wären; aber nur als Betrach-
1028 2683 3291 2885 ter, nicht als Mann... Verzeihen Sie mein Lieber,
1060 2841 3221 3054 es schwätzt sich so angenehm hier oben auf dem
1016 2970 3276 3189 Verdeck und Sie hören so nett zu, dass ich immer
1069 3119 3230 3340 wieder plaudere statt zu erzählen. I:Ich nehme
1069 3265 3206 3539 keinen Anstand, dieses bescheidene Kompliment
