3192 4136
878 533 2944 824 Silberst: Vor meinem Freund können Sie ruhig
889 727 2039 935 sprechen, er ist diskret.
867 867 1538 1026 Max: Ein Grab.
867 989 2804 1223 Silberst : Na was sagst zu dazu? Wie wärs
865 1126 2936 1336 wenn Sie Ihrem Gemahl sa ten, dass Sie diese
854 1320 2917 1519 zwei Stunden mit meinem Freund Max verbracht
851 1420 1158 1632 haben-
849 1554 2775 1802 Alb: Oh. - do wurde it will bewthise
851 1721 2780 1948 S lberst: ein Los. Ich werde als Alibi
857 1896 1236 2042 benüt zt.
843 1985 2796 2201 Alb: Es ist nur, weil mein Mann zu Ihnen
849 2155 1883 2365 solches vertrauen hat
854 2298 3014 2511 Silberst: Es ist grauenaft. Mitter vertrauen
854 2432 2742 2637 mir ihre Töchter, Gatten Ihre Frauen an.
846 2610 2228 2799 Alb: Rächen Sie sich einmal,
859 2758 2780 2931 Silberst: Eine Mitschuldige wird gesucht.
854 2853 2944 3076 Schon lange habe ich Sie nicht gesehen, Fräu
862 3028 2939 3284 lein Judit. Reizend, erwachsen. Was machen
865 3184 1325 3408 Sie immer
870 3332 2247 3515 Alb: Sie lernt jetzt singen.
875 3453 2750 3647 Silberst: Wollen Sie am Ende zm Theaer.
