3064 4152
207 546 2409 745 sen als möglich. Ja, ich glaube, seit die Welt
264 681 2441 891 steht, hat noch keine Frau so ehrlich zu einem
207 868 1866 1078 Mann gesprochen, als ich zu Ihnen.
2130 886 2562 1009 mehr
431 1006 2392 1176 Es war dunkel. Vir hatten uns immer seite
239 1164 2467 1340 vom Ufer entfernt. Vom Strande her glänzten die
230 1288 2418 1504 Lichter der Laternen, die Klänge des Kurorche-
244 1435 2553 1636 sters tönten bis zu uns. Wir vermochten zu sehen,
256 1619 2539 1837 dass die grossen Glastüren, die auf die Zerrasse
256 1754 2536 1952 führten, weit offenstanden. Ich weise nicht, wie
279 1906 2579 2096 es kan, dass ich plötzlich Judiths beide Hände in
305 2064 2447 2251 den meinen hatte und XXX küsste. "Glauben Sie
279 2214 2478 2392 mir endlich?“ fragte sie mild, ungefähr in dem
279 2372 2521 2539 Tone, als wenn ich einen Zweifel an ihrer Liebe
290 2527 1601 2691 zu mir ausgesprochen hätte.
1377 2596 1941 2748 entgegnete
538 2671 2424 2835 „Sie sind seltsam", hegte ich, „und sehr
345 2872 690 3027 schön."
520 2950 2610 3151 Ich fühlte ihren Blick auf mir ruhen. "Scha-
1831 3062 2150 3186 sprach
356 3116 2533 3352 de, dass Sie nicht reich sind", wäte sie ein-
316 3324 592 3513 fach.
