3608 4152
2739 477 2883 657 11
1207 607 3184 825 Auf dem Rückweg, der über die weisse Land-
1022 807 3122 998 strasse ging, schwebte sie in Begleitung von
990 963 3163 1122 zwei andern Herren vor mir her und verlor sich
990 1113 3222 1308 für mich in einer unbegreiflichen Weise, eh wir
3083 1237 3275 1375 G.C.H.F.P.
1001 1255 2397 1487 einander adieu gesagt hatten.
1199 1434 3304 1596 Ein paar Tage später reiste ich ab, ohne sie
990 1564 3272 1758 wiedergesehen zu haben. In selben Herbst sah ich
1037 1732 3231 1938 sie einmal in Prater an der Seite einer jungen
1037 1873 3254 2070 Frau - wol ihrer Schwester - an mir vorüberfah-
3169 2038 3269 2173 G.C.F.P.
1043 2038 3139 2221 ren; sie schien mich aber nicht zu bemerken.
3131 2156 3263 2271 G.C.F.P
1007 2226 3266 2385 Allmälig vergass ich sie soziemlich bis zu jenem
2689 2332 2954 2424 jetzt
1007 2362 3319 2536 Abend in Ostende, von dem ich Ihnen eben erzählen
1004 2500 3219 2686 ### will. xxx fragte mich schon mit einigen Bühr-
1929 2674 3142 2868 einsenen Stunden hat einen
998 2668 1484 2860 uns
2035 2812 3304 2986 niner xxxallen überkommt.
1045 2807 1561 3010 Kuten, Sigen
115 2969 371 3154 Tiaat
1004 2989 3019 3131 so das hübsche Abschöpf sehr hingeraten sein
1007 3122 1593 3301 te, als die
1016 3301 2795 3463 mich an den Ischler Abenteuer animant.
1564 3416 3042 3608 wäre sieder an der Türksse vorub-
1004 3440 1272 3628 u
998 3569 3195 3802 die junge Deine, deren Gestalt und Gang
998 3684 3360 3884 mich vieles Ischler Mädchen erinnert hatte,
