3432 4136
807 567 2837 804 lie, die die Partie veranstaltet hatte. Das
1811 830 2041 978 l
2067 818 2178 984 F
835 813 1289 1009 ge. Mädchen
824 927 3059 1140 Jahne. Es hatte sich von allem Anfang an gefügt,
864 1086 2948 1297 dass wir Beide vorausgingen, xxx folgten der
818 1189 3114 1483 Herr des Hauses, seine Frau, die beide nicht mehr
904 1389 2974 1642 jung waren, dann ein anderes junges Paar und
818 1537 3111 1759 noch eine Anzahl von Mädchen und jungen Herren,
892 1688 3096 1933 die ich Alle nur ob erflächlich kannte.
853 1845 2988 2061 Zuerst ging es zwischen Villen vorwärts, dann
904 1979 3168 2233 hügelhinan durch Gesträuch, dann über eine gros-
921 2150 3045 2418 se Wiese, die in der heissen Nachmittagssonne
918 2338 2994 2521 wie dampfend dalag, endlich kamen wir in den
895 2478 3045 2697 Wald. Die Andern waren jemmenen weit hinter
881 2646 3057 2851 uns zurückgeblieben. Das junge Mädchen und ich
932 2746 3082 2985 waren allein, und in tiefen Schatten der Bäume
892 2962 2877 3148 fielen wir einander um den Hals. Vie es ge
947 3094 3094 3279 ist, könnt' ich Ihnen beim besten Villen nicht
907 3250 3159 3433 sagen; aber es war ebenso selbstverständlich als
975 3350 3239 3601 vennevoll. Als wir die Schritte und Stimmen der
932 3544 2934 3761 Andern wieder hörten, eilten wir weiter, so
