3704 4200
2865 305 3157 491 1113 9
1256 643 1782 794 Erster Akt.
1253 757 3367 974 Abende in einem Park. (Allein) Schloss in Hgr.
2920 892 3239 998 sche weit
1251 972 3202 1126 Licks gegen hiten ein Teich. In der Mitte
1256 1112 3282 1288 des Teichs eine Marmorstatue. In der Ferne
1251 1251 3284 1404 Musik. Bogenlichter in den fernern Alleen.
1930 1351 2620 1471 awper Rexemplats)
1248 1383 3239 1580 Auch der Vordergrund ist stark beleuchtet.
2275 1495 2767 1628 ohne tuffet
1272 1532 1503 1625 Recht
1251 1548 3329 1723 Linka vorn ein kleines Zelt, wo Getränke ver
1248 1686 3234 1845 kauft werden. In der Nähe des Zelts stehen
1245 1821 3372 1986 einige kleine Tischchen und Sessel. Der Park
1248 1954 3345 2132 ist an dieser Stelle nicht sehr belebt. Zu
1277 2137 3393 2347 weilen gehen Paare, oder einzelne Herren vor
1248 2278 1471 2437 bei.
2249 2355 2480 2482 kreuz
1574 2400 3210 2575 Die Herren end in Uhiform, oder in
1243 2538 3353 2705 mehr weniger eleganten, wohl auch etwas über
1248 2721 3380 2854 triebenen Sommeranzügen. Die Damen in Sommer
1237 2833 3234 3021 kleidern, manche mit Seidenmänteln, einige
1235 3019 3327 3181 mit schwarzen Seidenmänteln, wie in Domino
1659 3141 1874 3226 ohne
1232 3125 3343 3316 Doch trägt-keine Maske. Am Zelt von als Ver
1251 3295 3271 3459 käuferin die Fürstin un die Schauspielerin
1256 3473 2015 3688 Fräulein Winter.
1274 3608 3292 3855 In Herr in Zivil und ein Kavallerieoffizier
