<?xml version="1.0" encoding="UTF-8" standalone="yes"?>
<PcGts xmlns="http://schema.primaresearch.org/PAGE/gts/pagecontent/2013-07-15" xmlns:xsi="http://www.w3.org/2001/XMLSchema-instance" xsi:schemaLocation="http://schema.primaresearch.org/PAGE/gts/pagecontent/2013-07-15 http://schema.primaresearch.org/PAGE/gts/pagecontent/2013-07-15/pagecontent.xsd">
    <Metadata>
        <Creator>prov=READ-COOP:name=TrHtr:version=2.1.0:model_id=51170:date=29_07_2023_21:38</Creator>
        <Created>2023-05-10T13:15:31.652+02:00</Created>
        <LastChange>2023-07-29T21:38:26.991+02:00</LastChange>
        <TranskribusMetadata docId="1428570" pageId="55411428" pageNr="260" tsid="131464948" status="IN_PROGRESS" userId="64420" imgUrl="https://files.transkribus.eu/Get?id=VSAEXUYSASIPMZDUQACGRLOQ&amp;fileType=view" xmlUrl="https://files.transkribus.eu/Get?id=FCCJDDIFEONLWRXRFCTLRKIR" imageId="44685571"/>
    </Metadata>
    <Page imageFilename="1428570_0260.jpg" imageWidth="3880" imageHeight="4200">
        <ReadingOrder>
            <OrderedGroup id="ro_1711793434795" caption="Regions reading order">
                <RegionRefIndexed index="0" regionRef="tr_1"/>
            </OrderedGroup>
        </ReadingOrder>
        <TextRegion id="tr_1" custom="readingOrder {index:0;}">
            <Coords points="1026,550 3271,550 3271,3132 1026,3132"/>
            <TextLine id="tr_1_tl_1" custom="readingOrder {index:0;}">
                <Coords points="1012,655 2905,666 3010,652 3013,542 2779,457 2559,553 1015,572"/>
                <Baseline points="1029,650 1047,650 1092,650 1137,650 1182,650 1226,650 1271,650 1316,650 1361,647 1405,644 1450,644 1495,644 1540,641 1585,638 1629,638 1674,638 1719,638 1764,635 1808,635 1853,632 1898,632 1943,629 1988,626 2032,626 2077,626 2122,623 2167,623 2211,620 2256,620 2301,617 2346,617 2391,617 2435,614 2480,614 2525,614 2570,611 2614,611 2659,611 2704,611 2749,608 2794,605 2838,602 2883,602 2928,600 2973,600 3017,605"/>
                <TextEquiv>
                    <Unicode>Fel kenir: Fluch dem Verstehen.Es führt</Unicode>
                </TextEquiv>
            </TextLine>
            <TextLine id="tr_1_tl_2" custom="readingOrder {index:1;}">
                <Coords points="1015,823 2949,847 3158,809 3161,671 1015,762"/>
                <Baseline points="1029,808 1059,808 1104,805 1149,808 1194,805 1238,802 1283,802 1328,800 1373,800 1417,800 1462,797 1507,794 1552,794 1597,794 1641,794 1686,791 1731,791 1776,788 1820,785 1865,785 1910,782 1955,782 2000,782 2044,776 2089,776 2134,776 2179,776 2223,773 2268,773 2313,770 2358,770 2402,770 2447,767 2492,770 2537,767 2582,767 2626,764 2671,761 2716,761 2761,758 2805,758 2850,758 2895,755 2940,755 2985,755 3029,752 3074,752 3119,749 3164,746"/>
                <TextEquiv>
                    <Unicode>nirgends hin. Unser Dasein ist Gefühl und</Unicode>
                </TextEquiv>
            </TextLine>
            <TextLine id="tr_1_tl_3" custom="readingOrder {index:2;}">
                <Coords points="1021,966 2977,977 3153,957 3156,842 1023,902"/>
                <Baseline points="1035,964 1056,961 1101,958 1146,955 1191,955 1235,952 1280,952 1325,952 1370,952 1414,952 1459,949 1504,949 1549,949 1594,943 1638,943 1683,940 1728,940 1773,940 1817,937 1862,937 1907,937 1952,934 1997,937 2041,934 2086,934 2131,931 2176,931 2220,928 2265,925 2310,925 2355,925 2400,922 2444,922 2489,919 2534,916 2579,916 2623,913 2668,913 2713,913 2758,913 2802,910 2847,910 2892,910 2937,910 2982,910 3026,904 3071,901 3116,898 3161,898"/>
                <TextEquiv>
                    <Unicode>Leidenschaft. Verstand sitzt wie ein lah</Unicode>
                </TextEquiv>
            </TextLine>
            <TextLine id="tr_1_tl_4" custom="readingOrder {index:3;}">
                <Coords points="1010,1120 1744,1150 2548,1081 2776,1134 2806,1023 1012,1051"/>
                <Baseline points="1026,1119 1068,1113 1113,1110 1158,1110 1202,1107 1247,1107 1292,1107 1337,1104 1382,1104 1426,1104 1471,1101 1516,1098 1561,1098 1605,1098 1650,1098 1695,1095 1740,1092 1785,1092 1829,1092 1874,1089 1919,1089 1964,1086 2008,1086 2053,1086 2098,1086 2143,1086 2188,1083 2232,1080 2277,1080 2322,1077 2367,1077 2411,1074 2456,1074 2501,1071 2546,1068 2591,1068 2635,1068 2680,1068 2725,1068 2770,1068 2814,1068"/>
                <TextEquiv>
                    <Unicode>mer Wächter im Turm und schaut zu.</Unicode>
                </TextEquiv>
            </TextLine>
            <TextLine id="tr_1_tl_5" custom="readingOrder {index:4;}">
                <Coords points="1026,1277 3150,1288 3222,1266 3224,1117 1029,1205"/>
                <Baseline points="1041,1274 1080,1268 1125,1265 1170,1265 1214,1262 1259,1262 1304,1259 1349,1259 1394,1259 1438,1256 1483,1253 1528,1253 1573,1250 1617,1250 1662,1247 1707,1247 1752,1244 1797,1244 1841,1244 1886,1244 1931,1241 1976,1241 2020,1238 2065,1238 2110,1238 2155,1238 2200,1235 2244,1235 2289,1232 2334,1229 2379,1226 2423,1226 2468,1226 2513,1223 2558,1223 2602,1220 2647,1217 2692,1217 2737,1214 2782,1217 2826,1217 2871,1214 2916,1214 2961,1211 3005,1208 3050,1205 3095,1205 3140,1205 3185,1202 3229,1202"/>
                <TextEquiv>
                    <Unicode>Arduin über das vild. Cibt es denn andere?</Unicode>
                </TextEquiv>
            </TextLine>
            <TextLine id="tr_1_tl_6" custom="readingOrder {index:5;}">
                <Coords points="1029,1444 2341,1398 3021,1461 3235,1422 3241,1257 2468,1362 1029,1378"/>
                <Baseline points="1044,1444 1050,1441 1095,1441 1140,1438 1185,1435 1229,1438 1274,1435 1319,1435 1364,1432 1408,1432 1453,1429 1498,1429 1543,1426 1588,1423 1632,1423 1677,1420 1722,1420 1767,1420 1811,1417 1856,1414 1901,1417 1946,1417 1991,1414 2035,1411 2080,1408 2125,1405 2170,1405 2214,1405 2259,1402 2304,1400 2349,1397 2394,1397 2438,1397 2483,1397 2528,1394 2573,1391 2617,1391 2662,1388 2707,1388 2752,1385 2797,1382 2841,1382 2886,1382 2931,1379 2976,1379 3020,1376 3065,1376 3110,1373 3155,1370 3200,1370 3244,1364"/>
                <TextEquiv>
                    <Unicode>Gäbe es andere. auch wenn du tausendmal vor</Unicode>
                </TextEquiv>
            </TextLine>
            <TextLine id="tr_1_tl_7" custom="readingOrder {index:6;}">
                <Coords points="1023,1587 3134,1549 3180,1436 1026,1510"/>
                <Baseline points="1041,1573 1083,1573 1128,1570 1173,1570 1217,1570 1262,1573 1307,1570 1352,1570 1397,1570 1441,1567 1486,1564 1531,1561 1576,1558 1620,1555 1665,1555 1710,1552 1755,1552 1800,1549 1844,1546 1889,1549 1934,1549 1979,1546 2023,1546 2068,1546 2113,1543 2158,1543 2202,1540 2247,1540 2292,1537 2337,1534 2382,1534 2426,1534 2471,1531 2516,1531 2561,1528 2605,1528 2650,1525 2695,1522 2740,1522 2785,1522 2829,1522 2874,1519 2919,1519 2964,1519 3008,1516 3053,1513 3098,1513 3143,1510 3188,1510"/>
                <TextEquiv>
                    <Unicode>her gemalt worden wärst. Verräterisch und</Unicode>
                </TextEquiv>
            </TextLine>
            <TextLine id="tr_1_tl_8" custom="readingOrder {index:7;}">
                <Coords points="1043,1747 2267,1703 2267,1659 2154,1618 1951,1623 1764,1684 1706,1631 1510,1673 1290,1642 1219,1678 1175,1634 1112,1687 1045,1681"/>
                <Baseline points="1059,1740 1065,1740 1110,1731 1155,1728 1200,1725 1244,1722 1289,1722 1334,1719 1379,1722 1423,1719 1468,1719 1513,1716 1558,1713 1602,1713 1647,1710 1692,1710 1737,1707 1782,1707 1826,1707 1871,1707 1916,1704 1961,1701 2005,1698 2050,1698 2095,1698 2140,1698 2185,1698 2229,1701 2274,1701"/>
                <TextEquiv>
                    <Unicode>geheimnisvoll zugleich.</Unicode>
                </TextEquiv>
            </TextLine>
            <TextLine id="tr_1_tl_9" custom="readingOrder {index:8;}">
                <Coords points="1037,1890 3194,1882 3200,1755 1040,1810"/>
                <Baseline points="1053,1889 1098,1883 1143,1880 1188,1877 1232,1877 1277,1874 1322,1874 1367,1874 1411,1874 1456,1871 1501,1871 1546,1868 1591,1868 1635,1865 1680,1865 1725,1865 1770,1862 1814,1862 1859,1859 1904,1856 1949,1856 1994,1853 2038,1853 2083,1850 2128,1850 2173,1850 2217,1847 2262,1847 2307,1844 2352,1844 2397,1844 2441,1838 2486,1838 2531,1838 2576,1835 2620,1835 2665,1835 2710,1832 2755,1832 2800,1829 2844,1829 2889,1826 2934,1826 2979,1823 3023,1823 3068,1820 3113,1817 3158,1817 3202,1817"/>
                <TextEquiv>
                    <Unicode>Ein ehrlicher Handel. Die Summe nenne ich</Unicode>
                </TextEquiv>
            </TextLine>
            <TextLine id="tr_1_tl_10" custom="readingOrder {index:9;}">
                <Coords points="1037,2041 2842,2033 3169,1948 2545,1904 2330,1973 1923,1926 1037,1995"/>
                <Baseline points="1053,2041 1071,2038 1116,2035 1161,2032 1205,2032 1250,2032 1295,2032 1340,2029 1385,2029 1429,2029 1474,2026 1519,2023 1564,2023 1608,2020 1653,2020 1698,2017 1743,2017 1788,2014 1832,2011 1877,2011 1922,2008 1967,2008 2011,2008 2056,2005 2101,2002 2146,2002 2191,2000 2235,2000 2280,1997 2325,1997 2370,1994 2414,1994 2459,1991 2504,1991 2549,1988 2594,1988 2638,1988 2683,1991 2728,1991 2773,1988 2817,1985 2862,1985 2907,1982 2952,1979 2997,1979 3041,1976 3086,1976 3131,1976 3176,1979"/>
                <TextEquiv>
                    <Unicode>nicht. Manchen könnte es viel erscheinen.</Unicode>
                </TextEquiv>
            </TextLine>
            <TextLine id="tr_1_tl_11" custom="readingOrder {index:10;}">
                <Coords points="1043,2190 3106,2182 3142,2052 2096,2118 1948,2072 1513,2160 1043,2124"/>
                <Baseline points="1059,2191 1086,2191 1131,2188 1176,2188 1220,2188 1265,2185 1310,2185 1355,2185 1400,2182 1444,2182 1489,2182 1534,2179 1579,2179 1623,2176 1668,2176 1713,2173 1758,2170 1802,2170 1847,2167 1892,2164 1937,2164 1982,2164 2026,2161 2071,2164 2116,2161 2161,2161 2205,2155 2250,2155 2295,2152 2340,2152 2385,2152 2429,2149 2474,2149 2519,2149 2564,2146 2608,2146 2653,2146 2698,2146 2743,2143 2788,2140 2832,2140 2877,2140 2922,2137 2967,2137 3011,2137 3056,2134 3101,2131 3146,2131"/>
                <TextEquiv>
                    <Unicode>Mir ists ein Bettel, ihm war es genug.Ich</Unicode>
                </TextEquiv>
            </TextLine>
            <TextLine id="tr_1_tl_12" custom="readingOrder {index:11;}">
                <Coords points="1051,2352 3059,2341 3103,2204 2443,2281 2220,2229 2083,2292 1967,2240 1257,2319 1054,2278"/>
                <Baseline points="1065,2349 1092,2343 1137,2343 1182,2343 1226,2343 1271,2340 1316,2340 1361,2340 1405,2337 1450,2337 1495,2334 1540,2334 1585,2334 1629,2331 1674,2331 1719,2328 1764,2328 1808,2325 1853,2325 1898,2322 1943,2319 1988,2319 2032,2316 2077,2316 2122,2316 2167,2313 2211,2310 2256,2310 2301,2307 2346,2304 2391,2304 2435,2307 2480,2301 2525,2301 2570,2301 2614,2298 2659,2298 2704,2298 2749,2295 2794,2295 2838,2292 2883,2292 2928,2292 2973,2289 3017,2286 3062,2283 3107,2286"/>
                <TextEquiv>
                    <Unicode>bot, ernahm. Aber dir gehört es, sobald du</Unicode>
                </TextEquiv>
            </TextLine>
            <TextLine id="tr_1_tl_13" custom="readingOrder {index:12;}">
                <Coords points="1056,2504 2498,2457 2754,2531 3054,2487 3057,2374 1059,2449"/>
                <Baseline points="1071,2498 1092,2498 1137,2501 1182,2498 1226,2498 1271,2498 1316,2498 1361,2495 1405,2495 1450,2492 1495,2489 1540,2489 1585,2486 1629,2486 1674,2483 1719,2483 1764,2477 1808,2477 1853,2474 1898,2474 1943,2471 1988,2471 2032,2471 2077,2468 2122,2468 2167,2468 2211,2465 2256,2462 2301,2462 2346,2459 2391,2459 2435,2459 2480,2459 2525,2456 2570,2456 2614,2453 2659,2453 2704,2453 2749,2450 2794,2447 2838,2447 2883,2444 2928,2444 2973,2441 3017,2441 3062,2444"/>
                <TextEquiv>
                    <Unicode>willst. Ich nenne den Preis nicht. Ein</Unicode>
                </TextEquiv>
            </TextLine>
            <TextLine id="tr_1_tl_14" custom="readingOrder {index:13;}">
                <Coords points="1056,2663 2872,2622 2875,2553 1059,2581"/>
                <Baseline points="1071,2653 1086,2653 1131,2653 1176,2650 1220,2653 1265,2653 1310,2653 1355,2650 1400,2647 1444,2644 1489,2641 1534,2641 1579,2638 1623,2638 1668,2638 1713,2635 1758,2635 1802,2635 1847,2632 1892,2632 1937,2629 1982,2629 2026,2626 2071,2626 2116,2626 2161,2623 2205,2620 2250,2620 2295,2620 2340,2617 2385,2617 2429,2614 2474,2611 2519,2611 2564,2611 2608,2608 2653,2608 2698,2605 2743,2602 2788,2602 2832,2602 2877,2605"/>
                <TextEquiv>
                    <Unicode>Wort, Murelie und es ist nicht mehr.</Unicode>
                </TextEquiv>
            </TextLine>
            <TextLine id="tr_1_tl_15" custom="readingOrder {index:14;}">
                <Coords points="1070,2974 3059,2908 3233,2988 3266,2751 2292,2892 1073,2894"/>
                <Baseline points="1086,2964 1122,2961 1167,2961 1211,2961 1256,2961 1301,2958 1346,2958 1391,2955 1435,2955 1480,2955 1525,2952 1570,2952 1614,2949 1659,2949 1704,2949 1749,2949 1794,2946 1838,2946 1883,2946 1928,2943 1973,2940 2017,2940 2062,2937 2107,2931 2152,2931 2197,2925 2241,2925 2286,2922 2331,2922 2376,2922 2420,2922 2465,2922 2510,2919 2555,2919 2600,2916 2644,2913 2689,2913 2734,2910 2779,2913 2823,2910 2868,2910 2913,2910 2958,2910 3002,2907 3047,2904 3092,2901 3137,2898 3182,2898 3226,2898 3271,2895"/>
                <TextEquiv>
                    <Unicode>Falkenir:King Fluch dem Verstehen,es nimmt</Unicode>
                </TextEquiv>
            </TextLine>
            <TextLine id="tr_1_tl_16" custom="readingOrder {index:15;}">
                <Coords points="1073,3123 2897,3103 3035,3073 3040,2982 1076,3076"/>
                <Baseline points="1089,3122 1119,3119 1164,3119 1208,3119 1253,3116 1298,3116 1343,3116 1388,3113 1432,3113 1477,3110 1522,3110 1567,3107 1611,3104 1656,3101 1701,3101 1746,3101 1791,3101 1835,3098 1880,3095 1925,3095 1970,3092 2014,3092 2059,3089 2104,3089 2149,3086 2194,3083 2238,3086 2283,3086 2328,3083 2373,3080 2417,3080 2462,3077 2507,3074 2552,3071 2597,3068 2641,3068 2686,3068 2731,3065 2776,3065 2820,3065 2865,3062 2910,3062 2955,3062 3000,3062 3044,3065"/>
                <TextEquiv>
                    <Unicode>uns nicht die Schmerzen, nur die Kraft.</Unicode>
                </TextEquiv>
            </TextLine>
        </TextRegion>
    </Page>
</PcGts>
