3688 4264
3045 361 3166 493 68
991 516 3074 736 Aeligius Fenz, alternder Schauspieler. Seine
994 633 3023 885 Töchter Seraphine und Elisabeth treten auf.
1011 811 3157 1008 Begleitet von dem kleinen Leutnant Leindörfer
1020 925 3200 1178 Eligius Fenz, komödiantenhaft, gutmitig, wird
1040 1063 3275 1286 von seinen Töchtern fast wie ein Kind behandelt.
1034 1175 3240 1427 Er geht auf Abenteuer aus, spielt dabei den Me
1057 1332 3154 1559 lancholischen, der wohl kein Recht mehr dazu
1060 1584 1301 1736 haté
1072 1613 3100 1848 Seraphine ist Violinspielerin, die Aeltere.
1086 1733 3392 2003 Elisabet, die jüngere bürgerlich, etwas spiessig,
1092 1940 3023 2203 Eligius über seine Jugend seine Karriere.
1103 2091 2664 2338 Ueber den Prinzen, über das Fest.
1114 2243 2742 2458 Der Leutnant hält um Elisabeth an.
1126 2295 3346 2599 Eligius sehr einverstanden. Spricht von seiner
1163 2573 3429 2899 Seraphine wird ihn im Sommer auf ihre Kunstreise
1149 2613 1676 2756 Einsamkeit.
1169 2919 1667 3051 mitnehmen.
1186 2934 2962 3217 Eligius, gasstiert in Badeorten herum.
1200 3028 3174 3355 Ueber die verstorbene Frau des Egidius.
1209 3266 2464 3518 Eligius über sai ne Töchter.
