6728 4232
3553 227 4917 526 14. Aprilis Talberne.
422 230 684 469 38
3541 463 5777 743 (Aurelo.we gehöre ut thun en Feund!
3657 693 5730 967 Talbein I. L. denk Itrea. Aneelii.
3641 850 5909 1147 Amel. (Notsböttel) - Dank- u. Wichler
3708 1058 6045 1342 Elle laure n'a en dieu drei honate un trund -
3717 1197 6023 1474 In tronali cal et Vn Himmme nicht gehört -
3704 1399 6083 1666 sollen sie sei wird mit länger vart lassen.
3657 1553 5894 1818 Pallem. T'il denke thure, Overtie! -
3645 1745 5850 2025 Aiurelie. Nach 10. Octobre Stalr- in
3708 1959 6240 2199 (H)   Natur toute une
3695 2104 5727 2394 Taltames -  du Himmel de ce mois
3717 2293 6120 2577 Aivelis (honptellet)
3641 2501 5175 2772 Ein schöne Wort-abe
5635 2618 6133 2781 ltaen?
5134 2640 6489 2939 Ich rechtenschönes
3698 2687 6073 2992 ich er nicht ein wenig... bin! Ich ist
3796 2885 4590 3103 dichlich - : -
3714 3059 5131 3330 Chalt Talhle. Ourelis in
3812 3263 6026 3515 Auerlie Ichath Escer in weiniges
3720 3503 6209 3793 kundisch.  daf ich die Mitterschleiben
4120 3635 4593 3799 amorte
3704 3711 6202 3972 keit sein mussi... Leopstheft ist sie prüfe
