3576 4328
146 289 292 500 14
1029 309 3421 530 will ich Ochste geben. daß mein koch.
1068 488 2121 690 d.1 tel autres.
1110 652 3207 848 Amelie mit die so sichte, dass im
1184 779 2579 1023 dem Eulers folgen -? -
1172 961 3180 1220 Ardin. Ich hoffe sehr —
1223 1151 2460 1354 W ist keu alteine
1181 1235 3350 1431 Andern.  Baldistes da... nelesse hi at
2930 1380 3145 1529 lée
1205 1467 1601 1595 Aîne til
1211 1499 3174 1740 Arstin. Die Verlobten!  The?  Ool.
1223 1726 2591 1952 in de geliebte jetzt!
1276 1853 2948 2065 Auille. tras hi weil dit -!
1250 2011 3329 2291 Ardin Oder ja der Gatteschen - : -
1244 2207 2921 2440 in develwill fay ich -...
1270 2368 2276 2561 Amel. Wenns -
1327 2451 3195 2791 Justic. Weil es möglich eine.d
1351 2618 3249 2892 ihn ant een t hoff aeck alle
1315 2782 3436 3079 er gefällt - daß in dieses Gastwoll
1312 2972 3168 3261 (unse terlenete) in Friede eod
1339 3195 1880 3394 stimmte
1348 3249 3275 3525 Amel. Spivak nicht. Ratich.
1348 3484 3165 3719 C-est. De ita ef tbut-?...
1425 3650 3320 3915 Ambassadeur Loach... a âtre chezlich
1443 3769 2796 4067 intensat ich der Früh
