2856 4168
1944 482 2099 665 14
448 624 2427 825 die entseitete nichts, drehte Ihren Wissam
244 788 2482 946 Sonnenschirm langsam hin und her und bliekte zu
229 974 581 1128 Boden.
414 1097 2451 1261 „Sie sind zum Theater gegangen nicht sehr?
201 1243 2448 1428 Sie haben ein Engagement! jetzt sind Sie auf Ur-
229 1400 2488 1580 lauht Sie sind mit Ihrem., Geliebten daß setzte
223 1543 1379 1756 ich etwas zögernd hinzu.
1456 1725 1774 1867 den Kop
1870 1688 1975 1855 un
2022 1703 2380 1929 erwidder
396 1703 1743 1904 Sie schüttelte wieder xxx
1808 1824 1963 1904 G.C.H.P.
235 1901 2442 2074 sehr ruhig: sich bin nicht beim Theater und ich
223 2015 2352 2186 habe keinen Geliebten. Ich bin hier, um meine
219 2164 2399 2383 Laufbahn zu beginnen.“ Sie sagte das mit einem
226 2318 2451 2495 boinäk düstern ärzt, etc.
1648 2488 2420 2646 erst sah sie von
204 2495 1434 2655 ehen Entschluss mitteilt.
173 2624 2529 2838 Boden auf, blickte mir in Gefieht und vorste dem
176 2767 2658 2974 ihre Augen auf's Mär. Vollkommen regungelos lag
108 2912 386 3063 ternor
201 2934 2436 3110 es vor uns, und eine ermattende Schriile lastete
223 3073 2448 3258 in der Luft. "Funderschön", sagte Judith. "Den-
185 3286 2488 3428 ken Sie, dass ich das Meer noch nie gesehen habe;
2322 3382 2420 3549 be
179 3468 1394 3620 immer var ich im Gebirge."
439 3521 2417 3756 Und was brachte Sie diesmal auf die Idee,
