3304 4168
635 562 2718 773 Ich will Ihnen nicht verhehlen, dass ich als
647 720 2769 888 Journalist frage. Persönlich ist es mir ganz
649 883 2803 1037 gleichgültig, was der Prinz mit seinem Schloss
649 1091 846 1212 tut.
655 1175 2449 1347 Graf: Die Sache beruht auf Wahrheit -
658 1259 2907 1504 Silberst: Ich danke -hnen sehr, Herr Graf. Neh
661 1456 1799 1676 men Sie mirs nicht übel.
2648 1661 3053 1864 Entdeckt
672 1690 2606 1962 Max, (hat sich am Zelt zu schaffen gemeht.
683 1886 2876 2114 die Champagnerflasche Ha, kein Mensch mehr da.
717 2139 824 2252 G.F.P.
722 2100 2901 2401 Siberst: Nun will ich nicht länger aufhalten.
694 2294 2713 2510 Graf: Durchaus nicht. Ich freue mich. Die
692 2499 1223 2673 Erinnerung.
711 2553 2879 2814 Silberstein- Ja. Doch ich bin in Gesellschft.
720 2738 2353 2963 Graf: o ich kenne ja Ihren Freund.
722 2803 2808 3129 Max: Guten Abend. Ich habe da soeben einen
731 2974 2943 3286 Einbruch verübt. Es wird sich wohl Gelegenheit
745 3129 2227 3416 ergeben meine Schuld zu zahlen.
762 3343 1504 3537 Graf stellt vor.
779 3424 2435 3688 Aurelie: Ich glaube Sie zu kennen.
779 3565 3045 3885 Max: Ja Baronesse, wenn Sie die Güte haben sich
