3544 4344
1218 481 3225 714 Herr Westenberg. Klein, sehr elegant, böses
1218 622 3322 818 Geishet, von beinahe dämonischer Hässlichkeit
1226 745 3168 1022 West: Guten Abend, Ich suche Dich etwa
1223 988 2107 1179 seit drei Stunden.
1223 998 3249 1325 Alb: Ich in mit Doktor Silberstein im Park
1234 1296 1770 1451 promeniert.
1242 1333 3309 1592 West: würden Sie einen Eid darauf schwören.
1257 1566 2256 1743 Silb: Ohne weiteres.
1247 1655 3210 1939 West: Und wenn ich Ihnen sagte, dass ich
1262 1879 1621 2039 zweille.
1260 1864 3317 2188 Silb: so würd ich Ihnen selbstverständlich
1273 2130 2279 2334 zwei Zeugen schicken.
1283 2146 3244 2460 West: Ich würde Sie totschiessen und wir
1294 2342 3304 2609 wären um nichts weiter. Aber hier vor Zeu
1304 2441 3416 2760 gen sprech ichs aus. Sobald ich Dich erwische
1328 2624 3346 2854 erdrossel ich Dich und die geschwirenen wer
1323 2773 2888 3001 den mich einstimmig freisprechen.
1963 2886 2690 3027 nfalls eingelasten.
1323 2909 3225 3204 Max: Wenn ich dabei bin wird es mit der
1343 3016 3283 3280 Einstimmigkeit happen..Mein Name ist Max
1336 3233 2018 3421 von Rosenberg,
1362 3338 3306 3594 W. Trät mit der komme. Siscelli-Anno¬
2601 3502 3184 3693 I am here I
1200 3544 2303 3800 fils t'empes contiundes
2546 3620 3257 3811 C sonder welt heim
2329 3659 3202 3936 läuft – ich ein Justi¬
2365 3795 2692 3926 verläve
