3384 4136
202 276 2525 470 Cler ventel ist. Wel nach hilfte! - Weil
254 426 2547 676 nie niedersch - ich reip - de Ehel.. 2
235 592 2539 878 Nass wird mir zu Habe steiger - und
151 801 2561 1047 we it were the yege in erhebe...
154 978 2595 1213 so wärnt weit, dane hs as this ist
143 1110 3098 1374 tier -!  Aas Corble hi weit hee!.. (Auch in 1.4
2606 1327 3087 1507 she allel of
151 1352 2543 1547 him he, will lesse, in [illegible].
2642 1459 3065 1602 evall us.
176 1481 2547 1749 Hätte ui mit ullst wissen... 2 - das
2672 1566 3109 1782 me „
265 1650 2459 1955 Culm. best si ind de.  Un il
408 1918 2304 2128 in vif in i  richt ue
180 2080 1036 2337 uet.
636 2426 2462 2701 (Amelie hitt am den
459 2650 2323 2889 Hors; - Ambassn - entferr
548 2892 1455 3087 und erfort.
