3688 4200
3045 423 3141 614 6
1236 570 2909 802 was glaubt Ihr wie alt sie is?
1192 750 3225 955 Seraph: Wie soll man das in der Dunkelheit
1192 914 2148 1102 beurteilen können?
1182 1029 3037 1222 Elisabet- Sie hat sehr gut ausgesehen.
1182 1190 3326 1400 Herrl- Sie ist älter als ich. Jawhl.) Es gab
587 1304 996 1498 Die Turcke,
1179 1367 3103 1561 eine Zeit, da sass sie immer in der Loge,
609 1454 1056 1596 du de tant
1176 1520 3375 1681 wenn ich spielte. Noch als Prinzessin hab ich
592 1553 1045 1684 eroffnet hat.
1182 1670 3184 1798 sie gesehen. Ja, dass war zu der Zeit, da
1618 1766 2595 1861 and Chunniglier wit
1179 1776 3135 1976 ich noch grosse Rollen gespielt hab. Ja,
1182 1905 3179 2134 junger Mann das gibts bei Euch nicht, dass
1182 2079 2983 2259 man sozusagen zurückavanciert. Bas ist
1198 2224 3288 2385 ein Schicksal. Versuchen Sie sich da nur ein
1190 2358 3321 2540 mal hineinzudenken. Sie sind Leutnant, weiden
1195 2486 2707 2699 Oberleutnant, Hauptmann,Oberst..
1577 2617 1727 2731 be im
1192 2647 3225 2843 Leutnant All- Vorher noch Major und Oberst
1203 2832 1686 3002 leutenant.
1184 2917 1403 3010 seur.
1190 2920 3239 3141 Herr-Nun—ja, Pedant. Oberst General, Feld
1182 3092 3133 3277 marschall...Und nun sagt man Ihnen eines
1192 3223 3149 3395 Tag, so nun gehts wieder zurück. Und 1s
1195 3378 3305 3599 Greis von siebzig werden Sie wieder reutnant.
1187 3517 1785 3708 Oder Kadett
