6968 4392
1140 252 3040 487 as to him and have it a
273 286 481 528 20
1031 416 3217 689 er dict sleta in Ex. a with huis in do
435 472 624 727 02
1068 621 3049 900 - und will in it.Die er wäre
1102 848 3254 1071 renrecht -. Sagt vier : - has sleet at
1046 975 3248 1236 tute..  his abllest it - und es he
1071 1189 3176 1444 dich verschmelt. Capz mit Amiti
1046 1425 2826 1646 dier it so - with de telle
1099 1608 3291 1829 Aimebe. His most left wohl wein Ritter
1068 1801 2304 2059 sein -. Last was -.
1851 1950 2453 2074 to. de. lle
1068 1978 3285 2189 Arohe. Wie wie - zu talve decht di with
1177 2183 3201 2462 In celt with an. Ist lepe wat
1059 2391 1285 2549 zu
1121 2422 3251 2655 Aurel. Lii -! Ist he weine ny Henn.
1093 2642 3360 2847 Cntin Bist di  - -  him    wie
1105 2835 3279 3077 bist... im meinen tafen Recht
1205 3030 3189 3257 Amilie - wolubt herstes
1155 3282 3257 3490 nais, den de den alten natillert.
1140 3471 2475 3726 Aiveh. nicht nicht
1214 3648 3164 3934 Oucke. Her harre... we halle
1195 3828 3062 4117 es will ernst oelme dürfe
1391 4111 2121 4226 VÄWÄKÄRÄS.
6474 279 6670 525 83
3676 401 4984 593 - vh - ich n a ein harr.
3627 550 5918 832 Ausche- hart der heim Vorwurf - den feil
3689 770 4623 916 - i enant will.
3683 888 4884 1105 Aribi bevel seit -
3620 1071 5937 1323 Aurele. Ilt auch kommt vellent
3726 1289 5872 1540 V.llenbl ainsamt..  Loch carne cost
3673 1500 5785 1754 -laheleftes - die löst, schon - het jenes -
3720 1677 4195 1857 wint
3707 1816 6204 2096 Andern. We that die loses? - Wis list with
3754 2043 4726 2242 dis :  In soll:-
5775 2177 6080 2341 Gute
3658 2198 6135 2484 Annelie zusammen that uurhores! Ich bin
3673 2447 4496 2608 so with him...
3707 2577 6055 2844 And Aurelie.  Wie iene de seist – ich het
3679 2791 5918 2947 dich... Vergenen u... alle.. Talbenie...
3624 2947 5788 3195 du Leese.. avit der Einfall mit Terri¬
3614 3183 5428 3391 - id all pui For at it nehmen!...
3689 3307 5884 3645 Ameln. Wahrheftig. das ist dort – als
3723 3596 5769 3779 Cit dis sare... de plut ci une deux pi
3723 3766 6036 3996 kennenl. - Die Smartestglock nicht erhalten.
