3464 4168
851 619 3030 853 für meine Person hier einzuschalten, da ich ja
896 819 3024 982 über meinen Freund ohne besondere Nötigung so
902 954 3038 1148 viele freundliche Dinge gesagt habe.: Denken
862 1105 3164 1335 Sie, wie viel Zeit wir noch haben! Die Sonne geht
876 1246 3133 1461 ja heute nur auf zwei Stunden unter. Eine Stunde
916 1409 3173 1638 vor Mitternacht, und wir schwimmen noch in Lichs
876 1509 3159 1764 Immerhin, ich will Sie beruhigen: meine Geschich-
916 1698 3041 1950 te hat schon angefangen, ohne dass Sie es be-
931 1873 3110 2085 merkt haben. Denn unter den Frauen, die drüben
891 2016 3133 2245 am Strand herumspazierten, befand sich auch die,
891 2148 2970 2377 von der ich Ihnen erzählen will. Sie war mir
893 2297 3182 2509 schon aufgefallen, als sie das erste Mal vorüber-
979 2486 3016 2635 ging, trotz Dunkelheit und Gleichgiltigkeit.
770 2577 1575 2784 Gepält und ganz
1180 2617 2494 2815 wie erinnerte mich an
2133 2789 2222 2941 8
1627 2789 2033 2981 Witsen
902 2772 1360 2944 nachliefer
965 2921 1249 3130 Gatai
956 3067 3156 3242 ###n an ein junges Mädchen denken, das ich vor
959 3222 3018 3431 einigen Täg### Jahren in Ischl bei Gelegenhei
928 3333 3110 3577 eines Ausflugs kennen gelernt hatte. Sie war da
1163 3497 1541 3703 gleichun
1587 3534 2849 3757 ein Gast der liebenswürdige
1019 3534 1151 3769 alt
