3688 4344
2991 496 3113 647 11
1135 615 2328 819 gentlich auch eins haben.
1132 806 2914 941 Elis: Was hab ich für eine Schwester,
1140 936 1853 1100 Ser: Und ich!„
1238 1068 1373 1177 Fey
1143 1076 3107 1283 Herri: Abenteuer..Kinder.. Ich, ein alter
1145 1217 3028 1387 Mann. Ja Alldorf da können Sie sich wohl
1135 1397 3083 1556 nicht hineindenken. Unter einem duftenden
1145 1527 3182 1676 Frühlingsnachthimmel, inmitten einer süssen
1156 1652 3123 1835 Jugend umherwandelnd und selbst nicht mehr
1159 1837 2832 1978 dazugehörend. Ach ja
1986 1949 2137 2041 1er
1153 1980 3242 2124 Leutnant: Herr Herrling es wird Ihnen viel
1164 2121 3256 2285 leicht nicht als passende Stunde erscheinen,
1169 2240 3301 2418 aber gestatten Sie mir um die Hand Ihrer Toch
1175 2429 2368 2561 ter Elisabeth anzuhalten.
1225 2535 3152 2765 sieht beide an  Meiner Tochter
1180 2683 3158 2871 Elisabet. schauspielerisch
1180 2853 3258 3009 einer, da seh mal einer.. Seit am Ende schon
1188 2977 3128 3187 längst im Geheimen einverstanden.—Na was
1196 3179 2153 3359 meinst pu, Seńaphne?
1198 3248 3134 3492 Ser: Nichts dagegen. Sie passenganz gut
1206 3463 1978 3651 zusammen.. Wel.
