3523 4312
354 294 1312 562 Arch. Aulm.
243 463 2273 731 Amtens. Sie habe dieahl in Tuhr sehenst.
255 632 2442 868 Gerti is - has bei i deren liegen - he
201 808 2407 1006 the Hen Telbein dan liege... Ih in
201 977 2305 1216 1 erlebe übe all das? Ehr wolle —
198 1165 955 1341 will so in..
259 1245 2829 1513 Cumhos. He ist nicht edel in there. Bey Arch
230 1459 2599 1698 Arsten Eheleist sept Annelie für weit
233 1628 2564 1893 verlove it 4 oces Knte with as
211 1791 1868 1970 hier wollen dort sehr - . -
252 1935 2024 2107 Amher. C. a collen hi seten -? -
268 2110 2455 2270 Jurtin. Ob Hee n talkeme  and
291 2228 2580 2516 den Fobstich verh auf de Hulzeitbesteck
249 2449 626 2608 ind
249 2541 1287 2816 Au leur médecle
623 2793 1523 3087 zurück zugleich,
297 2912 2586 3244 si M. Gilhogh, F.A. A. T. rue
303 3167 2653 3445 muthleit! Ich bin auch: - Werk
313 3349 1082 3588 be L Ahne
217 3544 2388 3767 Cordin. (ou il.) - Welche Tage? - In
316 3713 1207 3908 him; I hier –?
338 3866 2295 4093 In der Ehe höveten nicht auf -!
