3576 4248
792 640 3008 862 der Dufall erkoren hat. Auch ich hielt mich für
847 819 2968 992 sehr geliebt in dieser Macht. Ich war sicher,
847 989 3059 1135 dieses junge Geschöpf nicht nur gewonnen zu ha-
856 1099 3047 1302 ben, sondern auch es halten zu dürfen.
2067 1229 3005 1423 an meiner Brust er-
625 1269 2040 1451 alesie in ersten Morgendänner
1973 1369 2489 1481 fluiderte.
1181 1436 1390 1524 une
819 1378 3065 1654 wachte. Hüsterte ich zärtlich) "Judith, bleibe
1724 1548 1900 1636 wch
826 1551 3081 1772 bei mir." Ich sagte es ihr in der bestimmten Ue-
877 1709 3135 1915 berzeugung, ein Ja als Antwort zu hören. Während
856 1842 3162 2076 als schlief, hatte ich mir allerlei überlegt. Ich
841 2018 3081 2255 hatte-manckerlei Pläne für die Zukunft gemacht.
986 2043 1244 2121 man
674 2043 822 2216 Och
847 2173 3108 2404 Es konnte zum mindesten ein schönes Jahr werden,
859 2294 3126 2546 und natürlich dachte ich auch eingebildeterweise
874 2455 3029 2634 dass Judith froh sein musste, gleich und ohne
877 2634 3105 2810 jede Schwierigkeit, ohne die sonstigen Gefahren
874 2774 3126 2938 ihres erwählten Berufes in den Besitz eines lie-
880 2908 3059 3141 benswürdigen, jungen und ziemlich wohlhabenden
874 3071 3002 3275 Liebhabers gekommen zu sein. Und als nie nie-
677 3238 3117 3393 nicht gleich antwortete, wiederholte ich, noch
892 3381 3117 3545 immer ohne ### den entferntesten Gedanken,
892 3527 3217 3742 abgewiesen werden zu können: "Judith, wir bleiben
