6792 4248
1480 65 2993 355 Teur. Leopthuie, Turlin, Teteau,
1162 277 3296 595 Serepti. Ruillern! Jeade si nel ius
1201 485 3208 800 zu wissen, dass ich keine poße hr -
1188 677 3172 911 bei witt jenen Gottes Dank — un
1123 830 3117 1110 Schuers darüber zu einsfinden!...
1188 1038 3400 1262 Tür weit ses dit es sche àis... xxx
1194 1171 3332 1471 Ma. 14 bale hi hent gehört. Lehe schon
1181 1367 2066 1565 miele hi! -
1188 1471 3351 1783 Seren. Lom verleh Sie naher denke
1113 1708 2089 1956 sas wertts -:-
1162 1812 3195 2131 to in weus. Smele klané
1188 2034 2821 2320 be. Ils en Lilellent avril.
1188 2219 2313 2460 then. This Chegeig
1217 2398 3371 2662 See. He wielen ich in ihr ganz
1357 2531 3338 2834 Tresder Amille - Thaulomes -
1214 2736 3283 3065 lie. Wote une hé des alles? -
1227 2990 3127 3270 S. V. H.C. R. was with a
1337 3120 2310 3400 schi unie de
1214 3303 2749 3547 dres, toll as it with.
1256 3420 3176 3758 Ses. It is in here.
1334 3660 3267 3882 Wun Zeleh.. La ist... Selbst
1402 3859 3189 4054 [illegible] but I do you will
3693 225 5118 547 Besicht weil in hörerliebte
3722 387 5883 700 das Geweis des zu der Fall un kommt
3791 641 5795 849 e. So has soll nenwertt verschienen – Ce
3781 813 6052 1025 ohne sehrte man es - Weil alles erklärst —
5138 986 5437 1119 ume.
3833 953 6049 1253 he made it door me but letter - are in that
3950 1178 5583 1487 Madamte anders
3768 1393 5756 1646 ter. - Das - könnte wohl ein! -
3755 1575 6299 1982 herr. Ein Bild statt in Neue Avisten- nahmals.
3748 1783 6205 2134 du de reste. Herr v Talterne had there
3706 1991 6101 2294 Sei. Tabelbest. Ja der. Dort ist. Schönner
3716 2252 6342 2600 Gefahr... Ider he nie gut nur einem & verslet
3856 2421 6039 2753 Aber er ist j - verlobt - Gott zu trank.
3735 2570 5284 2899 Nur ich gehe Conseile geben.
3752 2798 6189 3107 bren. Mischow auff es verh in es ist in Ihrem Schop
3781 3026 6075 3296 ausweiner, wie einen eine verlassen. Schul¬
3755 3172 4041 3390 het
3742 3322 6104 3719 Seit. Ehemelden bei wollen wie uns hier
3771 3553 4243 3833 Klagen
