6952 4376
509 447 761 683 92.—
950 466 3394 649 aber höhet mit einer nur et alle reichen habe.
907 658 3388 848 gekommt... Her Bible. Das weg ihr..... Ruf
1009 767 3133 981 Willst die so guter ein. nur zu eröfen.
550 823 767 1040 3/10
916 925 1826 1105 Dith - filie.
885 1046 3375 1295 Westerl. - Est are in Erlehre - en Eiküteres -
416 1143 792 1248 le brûtésist en
413 1236 761 1348 laurent
975 1239 3251 1441 daie dergledt ne ved mits schelt
425 1317 814 1441 suitetes
447 1413 826 1543 in lharen
975 1363 1379 1531 be 1.
475 1528 755 1618 N'a
1022 1462 2441 1689 de M Te lis-ci en ici
932 1608 2673 1832 2. Juillet. Freibil, es ware veu-
1031 1785 2816 1990 trestet die haltet en sein vergleit.
1087 1941 2164 2083 Jours leave with.
1068 2090 3248 2236 Mr Freilis, Fai kevue interesnome.
1000 2201 3055 2419 Jodly. Wer die wir will feit seilest
1046 2382 3313 2577 Sr. Hei wllteit -?  Es in
1118 2543 3322 2711 prief bei weiter – Sie in calmede je ses
1046 2667 3226 2835 we veu.  Wit het is it was
1074 2816 2229 3024 seomut.. but j
1046 2928 3220 3155 Jurich nicht geringe arb Tage ein
1093 3136 2291 3294 in liberheil zu sehr.
1003 3245 3310 3425 Dr. Die Wahlung zu rezen; es liege auch
1140 3391 3366 3561 vor mir... Wei die nicht mit verletts
1053 3524 3220 3748 I so sie wie [illegible] 3 coste your
1081 3714 3301 3903 his dahin... Aber was for in Wism.
1158 3835 3071 4009 son in reden... Ich möchte denn
1180 3962 3322 4170 at terlande wubleit... Und der Linieh.
6434 224 6626 357 9 3
5216 307 5468 441 in ye
3683 360 6154 571 Nur bildt wie ein-Jahr konnte u u nennetalle.“
3683 509 6089 699 Teilich hin ich erst drüben. Um Romstour
3689 696 6021 885 di cette vérité, un ich médecle... Oh w été Lure
3704 814 5980 1037 het er gegeben.. Inles aurem komen...
3732 922 5766 1155 Raust die wis verh – d späte in Jahren.
3714 1105 5940 1329 stattl.. Um  uders aus mir geworden - :
6129 1149 6536 1376 vrkes!-
3720 1289 5999 1456 So wie weit eine Privitleere sein.. oh - gewiss.
6257 1313 6564 1475 Rumb
6179 1407 6592 1531 décreté sur
3757 1413 5903 1608 and einer Prinse herieten – Aber allein ist
6222 1481 6626 1590 leur elle.
6250 1549 6604 1655 retter.
6201 1624 6642 1745 Ein Nebiis
3707 1577 4685 1757 A went.. let wll.
6309 1702 6679 1910 mehr!)
3760 1754 6213 1941 Jurilt. Greich mit ih.. Lii hart es selbst gesagt
3766 1938 5986 2118 -de tenit ist + clorlieb. Willst d.
3791 2102 6167 2357 I will di oba pder Kewal-ne ane
3717 2366 4654 2543 steilenen -
3773 2506 5462 2748 Dr. Rifie wis kind... je...
3915 2698 4456 2956 zeittet.
3866 2922 4477 3139 Dr. Chley.
4257 3142 6135 3394 Bde ce est eut klone wil das Rieks-
4127 3353 5980 3558 Oder: er geht und will jalie ust nach dem
4154 3506 6111 3642 Jas schöne an den Stück der Frau stellt
4294 3599 5847 3748 es gelt in die Räugle – nochmal
4307 3701 5539 3866 alles ordre - Überneh
4363 3763 6129 4015 I heffer ich falle die nächst,
