6728 4232
268 150 472 395 26
3524 236 4693 475 12. bis. Jäckl. -
3578 373 5127 625 Mäs. Miecleur und die Frau
6185 401 6443 615 23/9
3588 567 6051 825 Jurill. Was sie ein Schicksal (zweck)
3607 653 4658 876 Sien. Sie wlt flieb.
3591 800 4888 1029 Juille. Er hält sie fest.
3613 962 5831 1185 lie. Sie ist viel Schloss geschriebt
3607 1128 5213 1322 Juillet. Er wird ich tödte.
3613 1290 5347 1523 M Cume, geschlecht de Frère
3642 1434 6003 1673 Judk. Tuit bedaure hi nicht. Ich werde
3639 1590 4442 1781 mit ténal.
3623 1727 6009 2014 May Ovil in geliebt wohtt in Reilla
3613 1838 5101 2116 Julk. I'd send ten taber
3591 2081 6149 2345 Dn. Oder der Kloste - ein Impartiehlet
4572 2218 4802 2355 F.
3623 2256 5872 2498 Jurits. Tit verde gehöre - au nebene-t as - i
3620 2383 5621 2731 wer mir gefällt, soll liebe nie!
3594 2578 5824 2887 ches, to rede he - well postenfest ist...
3632 2750 5710 3075 [illegible].. id la dièce,
3648 2906 4789 3145 shezeit in.
3661 3033 4454 3234 Jurist. Reil!...
3629 3189 5831 3393 doe. Me ersehlt - Th Str gibt ich in billi
3626 3314 5745 3588 publ. incie in halle... Ist
3658 3473 5777 3757 Hebe hi vellenk The seld
3642 3636 4569 3833 bei ihm liegt?
