3672 4296
967 719 3241 917 verfolgte sie bis zum Tor des Hôtels, in dem Ju-
1013 874 3300 1043 dith wohnte. Ich ging vor ihren Fenstern auf und
983 1023 3218 1234 ab. Sie blieben heute geschlossen. Doch sah ich
1010 1172 3171 1409 hinter den Vorhängen das Licht schimmern. Bis
977 1340 3310 1498 zum frühen Morgen hat es geschimmert, und bis zum
990 1472 3290 1647 frühen Morgen hab' ich es gesehen. Als die Sonne
1033 1614 3280 1782 aufing, lieg ich nach Hause, packte ein, und um
997 1769 3188 1987 neun Uhr Früh bin ich abgereist - über Brüssel
1040 1950 3303 2096 nach Hamburg, wo ich durch einen glücklichen Zu-
1000 2115 3221 2274 fall das selbe Schiff nahm als Sie... Sie wun-
1053 2251 3290 2379 dern sich, dass ich so mager geworden bin, das
1511 2366 1676 2462 lat
1013 2363 3392 2548 ich so bleich aussche.. Nun, lieber Freund, warum
1020 2534 3274 2746 soll ich's nicht gestehen? Ich sehne mich - ich
1561 2640 2650 2769 nach diesen herrlichen Geschw.
1020 2693 3257 2874 verzehre mich geradezu in Sehnsucht nach dieser
917 2808 2458 2960 Verlernen, die mit verlassen ha¬
1086 2825 3260 3016 Dirne,- nach diesem herrlichen Geschäpf,- nach
1072 2970 3175 3191 diesem unschuldigen jungen Mädchen, das ich
1762 3132 2831 3369 brugs said. Cnolant
1086 3161 1762 3356 verführt habe.
1270 3326 3227 3498 . - Er schwieg, Ich erhob mich und wollte
1036 3419 3293 3653 ihm gute Nacht sagen. Aber er starrte so versun-
1033 3597 3270 3848 ken in die stille Helligkeit des nahen Morgens,
874 3726 3528 3990 * Ich hatte mich nicht gewändert - aber Herr Rosentner, braucht
917 3851 3023 4069 diese ertheilige Frage der seinen Abschluß
