6872 4296
1091 123 3108 314 Pelhemé, Teur, Leopthuë, Tuirlis, Tets -
1509 255 2646 483 Amelie wit los.
1288 418 3458 682 Quelis Tv. hierière me - heimstchet -
1331 578 3040 879 Chas (hout de du Hand.-)
1291 811 3243 1082 Twil Omelie - was not the
1319 1014 1955 1183 alleriste -
1325 1103 3347 1405 Avril: liebe Tueste - daß ich als nicht
1248 1322 2241 1497 Vulobte untill.
1352 1432 3329 1687 Fruit - Lie-? - Au Überrasch ne
1208 1654 1930 1872 de ander -
1365 1777 3381 2001 Fahr. he haler schonst. Ome he
1248 1970 2822 2195 Hof Bibliothek N. Bronling
1282 2167 1915 2358 Talt Oh-
1273 2321 2948 2560 Auiee. Et - ou est es jeunes
1266 2441 3409 2702 Telt. Darvna Wiedersome Mucik¬
1226 2665 3283 2868 Ame Eieneuet ook- ind deri uit
1236 2831 3065 3111 die - ist berlete darauf -. -
1359 3043 3381 3292 (tabri mil Amelie terstet)
1177 3240 3111 3492 Talheméi, Teux – mit der Truste
1248 3436 2859 3636 al.) (hinollen nicht! -! -
676 3778 888 4067 G.F.P
553 3968 796 4125 G.C.F.P.
6501 212 6667 366 51.
3667 255 5041 550 21. Seranbrui May.
3679 501 6052 710 Mas. Sie müders. Sie in der Heider! “Cueläst
3738 658 4829 904 I had in the
3667 790 6028 1079 Serept. Sie haben weit wohl nicht sehr befte
3698 1048 4257 1279 geneht.
3713 1205 5969 1417 Mes. Hier ist de Cred.. hiculen dort..
3732 1337 5942 1604 alie gouse feit trug ich ihn -
3707 1537 4718 1752 Suerl. fiviel...
3670 1654 6141 1943 alras. Esearen sogar nicht - drei-einer ist
3676 1850 5256 2118 mir, ihn erlässe wirst.
3741 2029 6083 2302 sev. In geben hi um den einen - in un¬
3688 2232 5935 2428 bebellen he der drittes - wen than a
3725 2407 5533 2634 wissen - And an leben he wohl!
4039 2594 5803 2843 trotin die 4. Bleih hic dort.
3725 2610 3974 2806 he
3732 2742 6089 3018 Sei. Ich nicht weit im neu Voll kim̄ers¬
3756 2920 5785 3200 En fait suis en nordertoue Tag - da.
3771 3154 4629 3350 in men ine.
4088 3289 6123 3440 terie sich doch sehr zu sich.“
3698 3301 4030 3495 Ma
3790 3415 5988 3719 Ich habe ich Teur - nie ich im Josephus
3790 3642 4758 3919 daß ich ist schon
3778 3821 4328 4002 in me.
