3688 4200
3134 431 3248 553 91
930 562 1750 777 Max, Dioberstein,
933 706 2513 902 Weisst Du, dass Seraphine da ist?
936 876 1903 1078 Wombist Du gesteckt?
930 970 3168 1234 Das neueste. Der böse Zwerg hat seine Frau umge
944 1186 1288 1359 bracht.
930 1251 3162 1515 Ich hab eine Stellung für Dich gefunden. Kunst
933 1427 2499 1673 refferent in einer kleinen Stadt.
939 1600 2141 1787 Du machst ja eine Partie.
953 1702 3046 1929 Einsam. Aurelie tot, Judit mit dem Prinzen.
961 2056 1747 2252 Seraphine kommt.
967 2195 3004 2348 Vielleicht Nachrichtavon der Schwester, die
973 2314 3256 2544 heute noch erwarte wird, weil sie sich va ihrem
981 2451 3196 2660 Manne trennt., dem schüchternen Leutnant., der
993 2564 3239 2814 in jedem Hotel mit einer andern angebandelt hat.
