3480 4216
467 267 1776 473 autros - Aînelie. - Auti-
712 454 1354 683 Anelie’ -
343 442 451 620 be
207 575 2329 836 Aurel. Ein-Zufall! - weil nun. Credi in¬
219 712 2091 1010 And - but -. him -. - hes his
261 782 2755 1141 Ard i (V. elleicht das nicht) Zeit bey Amhrs.
270 1071 1614 1268 Dr. Scheiz ist viel übel
273 1227 1897 1420 aulon. Was henke he - 4.
289 1277 2850 1579 Ardin has les dit je decke ist... Barin et
273 1465 2780 1719 so weit am Mal aus der Well verschieden.
302 1665 2466 1894 nieuen wünftt u u die naert, Ämtlic.
264 1798 2545 2034 Amba Quiele. Ist hebt weist nicht erlage
296 1964 2675 2246 ale. I habe evil nieuand Reitenschift.
210 2192 639 2443 geben! -
241 2221 2783 2599 Ambassadeur Nachs Sie nicht, Andern...
289 2478 2466 2710 Dud. Amelie erwartet hier. Ein-Vulob
315 2695 833 2872 Culterie
353 2682 2621 3038 Arbe. Kielick. Wollt ich mir alle i
375 2879 2701 3197 haren werken? Ehe glaubt mir - ich bis
2644 3060 3028 3282 Mai. de
378 3098 2434 3324 des vaches. I doit le dit degré... Je
2695 3219 3054 3378 said the
369 3286 2501 3486 Eel die Einwefe u de Haus... so ist
2695 3340 2936 3549 relevant
432 3441 2469 3670 u lles jet! La cie en hurlich
2049 3610 2447 3842 to it.
384 3603 2027 3829 Tituell onf weiven Sibi
499 3772 2545 4020 die vabeherl tein läuft.... Gleich,
