3880 4184
1136 383 2170 562 Zweite r Akt, 1.Szene
1139 598 3347 747 Max: (zu 4 urelie) Du hättest mich nicht be-
1130 750 2552 906 merkt,viel weniger geliebt.
1136 906 2726 1061 Aurelie sucht Rettung bei Max?
1133 1010 3297 1187 Oder sies elbst: Es ist aus, Anderes lookt
1130 1169 1417 1423 mich.
1118 1429 3524 1689 Gysar lädt Aurel zum heutigen Abendfest ein.
1139 1641 2690 1817 Ich komme! (Schlus s der Szene).
1121 1886 3419 2113 Die Fürstin soll zu Beginn dieser Szene auf-
1130 2149 1539 2265 treten...
1130 2352 3237 2567 Seraphine: Oh, das es nur kein Verhältnis
1136 2603 1399 2738 wird.
1136 2789 3485 3066 Fel kenir im dritten Akt zu Ambros: Ich habe es
1124 3034 3428 3252 mir zu leicht gemacht. Ich hätte kämpfen müs-
1124 3228 1348 3353 sen.
1139 3282 3455 3554 Vielleicht bringt Gilda die Nachricht von dem
1121 3506 1399 3706 Bild.
