<?xml version="1.0" encoding="UTF-8" standalone="yes"?>
<PcGts xmlns="http://schema.primaresearch.org/PAGE/gts/pagecontent/2013-07-15" xmlns:xsi="http://www.w3.org/2001/XMLSchema-instance" xsi:schemaLocation="http://schema.primaresearch.org/PAGE/gts/pagecontent/2013-07-15 http://schema.primaresearch.org/PAGE/gts/pagecontent/2013-07-15/pagecontent.xsd">
    <Metadata>
        <Creator>prov=READ-COOP:name=TrHtr:version=2.1.0:model_id=51170:date=29_07_2023_21:37</Creator>
        <Created>2023-05-10T13:15:08.971+02:00</Created>
        <LastChange>2023-07-29T21:37:54.257+02:00</LastChange>
        <TranskribusMetadata docId="1428570" pageId="55410665" pageNr="146" tsid="131464803" status="IN_PROGRESS" userId="64420" imgUrl="https://files.transkribus.eu/Get?id=JRBKCTAINMCAHPVRPLRLEELQ&amp;fileType=view" xmlUrl="https://files.transkribus.eu/Get?id=ZXUWZAJJYAOIQTCLOONTESBB" imageId="44684808"/>
    </Metadata>
    <Page imageFilename="1428570_0146.jpg" imageWidth="6904" imageHeight="4264">
        <ReadingOrder>
            <OrderedGroup id="ro_1711793284098" caption="Regions reading order">
                <RegionRefIndexed index="0" regionRef="tr_1"/>
            </OrderedGroup>
        </ReadingOrder>
        <TextRegion id="tr_1" custom="readingOrder {index:0;}">
            <Coords points="358,218 6569,218 6569,3844 358,3844"/>
            <TextLine id="tr_1_tl_1" custom="readingOrder {index:0;}">
                <Coords points="6354,340 6374,333 6388,347 6402,337 6446,344 6464,326 6484,323 6508,337 6539,333 6522,137 6491,155 6474,148 6450,175 6419,165 6402,186 6367,162 6336,168"/>
                <Baseline points="6366,268 6455,280 6545,286"/>
                <TextEquiv>
                    <Unicode>19.</Unicode>
                </TextEquiv>
            </TextLine>
            <TextLine id="tr_1_tl_2" custom="readingOrder {index:1;}">
                <Coords points="5268,354 5512,375 5735,454 5955,419 6127,474 6206,433 6202,234 5945,302 5903,271 5440,299 5268,261"/>
                <Baseline points="5285,352 5374,358 5464,358 5553,364 5643,364 5733,364 5822,364 5912,358 6001,364 6091,370 6181,382 6210,388"/>
                <TextEquiv>
                    <Unicode>dui l'a, at morte tou</Unicode>
                </TextEquiv>
            </TextLine>
            <TextLine id="tr_1_tl_3" custom="readingOrder {index:2;}">
                <Coords points="337,450 423,443 471,412 505,416 509,309 409,292 381,313 340,316"/>
                <Baseline points="358,394 424,388 513,388"/>
                <TextEquiv>
                    <Unicode>18</Unicode>
                </TextEquiv>
            </TextLine>
            <TextLine id="tr_1_tl_4" custom="readingOrder {index:3;}">
                <Coords points="814,546 1670,567 2354,488 2354,440 2175,364 1832,423 1718,388 1584,433 1474,361 818,430"/>
                <Baseline points="836,519 842,519 931,525 1021,519 1110,519 1200,519 1289,525 1379,519 1469,519 1558,513 1648,507 1737,507 1827,501 1917,501 2006,495 2096,489 2185,483 2275,483 2364,489"/>
                <TextEquiv>
                    <Unicode>have Reserbers - inbei -</Unicode>
                </TextEquiv>
            </TextLine>
            <TextLine id="tr_1_tl_5" custom="readingOrder {index:4;}">
                <Coords points="3739,564 4412,533 4539,605 5536,519 6010,598 6013,440 5227,340 4979,416 4175,323 3742,409"/>
                <Baseline points="3756,531 3780,531 3869,531 3959,531 4049,531 4138,531 4228,531 4317,525 4407,525 4496,525 4586,519 4676,519 4765,519 4855,519 4944,513 5034,513 5123,507 5213,507 5303,501 5392,501 5482,507 5571,507 5661,513 5751,513 5840,519 5930,519 6019,519"/>
                <TextEquiv>
                    <Unicode>Elisabeth. - Ein assulich heinsch: Kennttlich</Unicode>
                </TextEquiv>
            </TextLine>
            <TextLine id="tr_1_tl_6" custom="readingOrder {index:5;}">
                <Coords points="873,770 1268,804 1653,701 3168,625 2660,457 2110,622 1828,636 1625,543 1344,684 880,605"/>
                <Baseline points="895,716 937,710 1027,710 1116,716 1206,716 1295,710 1385,704 1475,698 1564,692 1654,686 1743,686 1833,686 1922,686 2012,680 2102,680 2191,668 2281,662 2370,644 2460,633 2550,633 2639,633 2729,621 2818,621 2908,621 2997,615 3087,615 3177,627"/>
                <TextEquiv>
                    <Unicode>Secophine (Rise ihm si -) (die Buren des</Unicode>
                </TextEquiv>
            </TextLine>
            <TextLine id="tr_1_tl_7" custom="readingOrder {index:6;}">
                <Coords points="3756,742 3859,749 4003,704 4048,725 4110,708 4189,725 4189,608 4137,605 4106,636 4041,608 3959,653 3880,605 3814,632 3756,625"/>
                <Baseline points="3774,698 3839,698 3929,698 4019,698 4108,698 4198,686"/>
                <TextEquiv>
                    <Unicode>6.6.</Unicode>
                </TextEquiv>
            </TextLine>
            <TextLine id="tr_1_tl_8" custom="readingOrder {index:7;}">
                <Coords points="2673,725 2732,708 2790,735 2845,715 2972,732 3034,715 3113,756 3175,732 3172,629 3096,632 3072,653 2972,629 2756,643 2718,615 2670,639"/>
                <Baseline points="2693,704 2782,698 2872,704 2962,704 3051,710 3141,710 3183,704"/>
                <TextEquiv>
                    <Unicode>Dichelst.</Unicode>
                </TextEquiv>
            </TextLine>
            <TextLine id="tr_1_tl_9" custom="readingOrder {index:8;}">
                <Coords points="2464,866 2642,801 2746,842 2893,797 2962,835 3072,821 3158,893 3223,900 3216,746 3165,718 3127,763 3027,711 2801,735 2732,708 2663,742 2553,698 2457,718"/>
                <Baseline points="2478,776 2567,782 2657,782 2747,788 2836,794 2926,794 3015,800 3105,806 3195,818 3230,818"/>
                <TextEquiv>
                    <Unicode>du de été frâte.</Unicode>
                </TextEquiv>
            </TextLine>
            <TextLine id="tr_1_tl_10" custom="readingOrder {index:9;}">
                <Coords points="3773,866 4230,852 4464,911 4917,869 5003,917 5161,859 5426,914 5426,790 5264,825 5079,739 4962,797 4361,708 3773,746"/>
                <Baseline points="3792,836 3881,842 3971,848 4060,842 4150,842 4240,836 4329,836 4419,830 4508,836 4598,836 4688,836 4777,842 4867,842 4956,842 5046,842 5135,842 5225,848 5315,848 5404,848 5434,848"/>
                <TextEquiv>
                    <Unicode>Schontine Kunt darauf an - -</Unicode>
                </TextEquiv>
            </TextLine>
            <TextLine id="tr_1_tl_11" custom="readingOrder {index:10;}">
                <Coords points="945,945 1117,962 1244,883 1505,931 2254,921 2278,766 2182,718 1959,780 1601,732 1186,825 948,777"/>
                <Baseline points="967,853 1033,859 1122,865 1212,871 1301,865 1391,859 1481,853 1570,848 1660,848 1749,848 1839,848 1928,848 2018,848 2108,848 2197,842 2287,842"/>
                <TextEquiv>
                    <Unicode>nés (mait merkend).</Unicode>
                </TextEquiv>
            </TextLine>
            <TextLine id="tr_1_tl_12" custom="readingOrder {index:11;}">
                <Coords points="6340,893 6388,887 6398,904 6419,897 6495,945 6556,945 6567,766 6536,763 6505,728 6488,725 6450,739 6443,728 6398,749 6378,735 6350,742"/>
                <Baseline points="6360,859 6390,853 6479,848 6569,842"/>
                <TextEquiv>
                    <Unicode>le</Unicode>
                </TextEquiv>
            </TextLine>
            <TextLine id="tr_1_tl_13" custom="readingOrder {index:12;}">
                <Coords points="2663,945 2749,952 2770,935 2776,945 2818,938 2852,917 2911,942 2955,924 2962,821 2928,804 2890,832 2811,821 2787,838 2766,821 2735,842 2715,828 2673,835"/>
                <Baseline points="2687,919 2699,925 2788,919 2878,907 2968,907"/>
                <TextEquiv>
                    <Unicode>s.c.b</Unicode>
                </TextEquiv>
            </TextLine>
            <TextLine id="tr_1_tl_14" custom="readingOrder {index:13;}">
                <Coords points="825,1079 1399,1058 1691,1141 2192,1110 2464,1062 2467,883 1979,955 1454,897 1065,983 945,914 828,938"/>
                <Baseline points="842,1027 859,1027 949,1033 1039,1045 1128,1045 1218,1051 1307,1045 1397,1039 1487,1033 1576,1027 1666,1021 1755,1021 1845,1015 1934,1021 2024,1021 2114,1015 2203,1015 2293,1015 2382,1021 2472,1021"/>
                <TextEquiv>
                    <Unicode>Secapbure (heftes du jecite)</Unicode>
                </TextEquiv>
            </TextLine>
            <TextLine id="tr_1_tl_15" custom="readingOrder {index:14;}">
                <Coords points="3814,1079 6474,1117 6470,1003 5422,911 4766,1000 4309,880 4099,972 3811,917"/>
                <Baseline points="3828,1027 3917,1033 4007,1033 4096,1033 4186,1027 4275,1021 4365,1027 4455,1027 4544,1027 4634,1033 4723,1039 4813,1033 4903,1033 4992,1033 5082,1033 5171,1033 5261,1033 5350,1033 5440,1039 5530,1039 5619,1045 5709,1045 5798,1051 5888,1057 5977,1057 6067,1063 6157,1068 6246,1074 6336,1086 6425,1092 6479,1092"/>
                <TextEquiv>
                    <Unicode>Elis to istue. Und dabe ist nejen wihl so</Unicode>
                </TextEquiv>
            </TextLine>
            <TextLine id="tr_1_tl_16" custom="readingOrder {index:15;}">
                <Coords points="1031,1278 1234,1333 1385,1271 1691,1289 1849,1220 2148,1240 2185,1141 1842,1168 1488,1120 1306,1203 1155,1151 1031,1186"/>
                <Baseline points="1051,1236 1116,1236 1206,1236 1295,1236 1385,1236 1475,1224 1564,1230 1654,1224 1743,1218 1833,1218 1922,1218 2012,1218 2102,1212 2191,1212"/>
                <TextEquiv>
                    <Unicode>leas  Gell das am</Unicode>
                </TextEquiv>
            </TextLine>
            <TextLine id="tr_1_tl_17" custom="readingOrder {index:16;}">
                <Coords points="3763,1268 6192,1285 6189,1186 5969,1120 5852,1192 5323,1172 4818,1048 4051,1189 3763,1055"/>
                <Baseline points="3780,1236 3869,1236 3959,1236 4049,1236 4138,1230 4228,1230 4317,1224 4407,1230 4496,1230 4586,1236 4676,1230 4765,1236 4855,1236 4944,1230 5034,1230 5123,1230 5213,1230 5303,1230 5392,1230 5482,1230 5571,1236 5661,1236 5751,1242 5840,1248 5930,1254 6019,1254 6109,1266 6198,1272"/>
                <TextEquiv>
                    <Unicode>Lecemb. Et puis arbe, ai, il auf den Zeige.</Unicode>
                </TextEquiv>
            </TextLine>
            <TextLine id="tr_1_tl_18" custom="readingOrder {index:17;}">
                <Coords points="952,1457 1182,1491 1261,1429 1309,1447 1519,1368 1588,1402 1773,1368 1828,1412 1941,1361 1945,1306 1897,1323 1790,1261 1234,1333 1192,1299 959,1278"/>
                <Baseline points="973,1379 1057,1379 1146,1385 1236,1385 1325,1391 1415,1379 1504,1367 1594,1367 1684,1355 1773,1355 1863,1349 1952,1343"/>
                <TextEquiv>
                    <Unicode>teopt. Ich glaube.</Unicode>
                </TextEquiv>
            </TextLine>
            <TextLine id="tr_1_tl_19" custom="readingOrder {index:18;}">
                <Coords points="3811,1488 4577,1423 5611,1505 5611,1388 5491,1340 5206,1381 5082,1326 4866,1399 4663,1292 3811,1368"/>
                <Baseline points="3828,1433 3917,1433 4007,1427 4096,1427 4186,1421 4275,1415 4365,1421 4455,1421 4544,1421 4634,1421 4723,1421 4813,1427 4903,1427 4992,1427 5082,1427 5171,1427 5261,1433 5350,1433 5440,1433 5530,1433 5619,1439"/>
                <TextEquiv>
                    <Unicode>spielte. Die er das er schon</Unicode>
                </TextEquiv>
            </TextLine>
            <TextLine id="tr_1_tl_20" custom="readingOrder {index:19;}">
                <Coords points="924,1594 1935,1498 2344,1591 2783,1491 3261,1557 3264,1440 3148,1374 2072,1429 1904,1357 1347,1478 928,1454"/>
                <Baseline points="943,1552 1033,1552 1122,1546 1212,1540 1301,1534 1391,1534 1481,1522 1570,1510 1660,1504 1749,1498 1839,1492 1928,1492 2018,1492 2108,1498 2197,1498 2287,1504 2376,1498 2466,1498 2556,1492 2645,1492 2735,1492 2824,1487 2914,1487 3003,1487 3093,1481 3183,1487 3272,1492"/>
                <TextEquiv>
                    <Unicode>May Viele Dank - that it dost gleich - so denke</Unicode>
                </TextEquiv>
            </TextLine>
            <TextLine id="tr_1_tl_21" custom="readingOrder {index:20;}">
                <Coords points="1240,1622 1450,1639 1546,1598 1694,1625 1790,1577 1883,1577 2041,1632 2075,1622 2079,1526 1931,1498 1845,1533 1773,1502 1649,1546 1608,1515 1536,1557 1495,1529 1289,1581 1244,1563"/>
                <Baseline points="1260,1606 1278,1606 1367,1606 1457,1594 1546,1594 1636,1588 1725,1576 1815,1576 1905,1570 1994,1570 2084,1570"/>
                <TextEquiv>
                    <Unicode>mit gleiche Febr. mit</Unicode>
                </TextEquiv>
            </TextLine>
            <TextLine id="tr_1_tl_22" custom="readingOrder {index:21;}">
                <Coords points="3804,1752 4642,1608 5797,1677 5794,1553 5336,1560 5137,1429 4745,1567 4361,1440 4148,1546 3800,1488"/>
                <Baseline points="3822,1624 3834,1624 3923,1618 4013,1612 4102,1612 4192,1612 4281,1600 4371,1600 4461,1600 4550,1600 4640,1606 4729,1606 4819,1606 4908,1606 4998,1612 5088,1612 5177,1612 5267,1618 5356,1618 5446,1624 5536,1624 5625,1624 5715,1624 5804,1618"/>
                <TextEquiv>
                    <Unicode>Er hatte ich vorstellen wünst.</Unicode>
                </TextEquiv>
            </TextLine>
            <TextLine id="tr_1_tl_23" custom="readingOrder {index:22;}">
                <Coords points="907,1742 2261,1673 3251,1752 3251,1598 3086,1546 2856,1639 2478,1539 2086,1636 1783,1577 907,1646"/>
                <Baseline points="925,1707 931,1702 1021,1702 1110,1696 1200,1696 1289,1702 1379,1702 1469,1702 1558,1702 1648,1702 1737,1696 1827,1690 1917,1684 2006,1684 2096,1678 2185,1678 2275,1672 2364,1678 2454,1678 2544,1678 2633,1678 2723,1684 2812,1684 2902,1684 2991,1684 3081,1690 3171,1696 3260,1702"/>
                <TextEquiv>
                    <Unicode>mit gleichen Luft. + Dort soud cesamen then.</Unicode>
                </TextEquiv>
            </TextLine>
            <TextLine id="tr_1_tl_24" custom="readingOrder {index:23;}">
                <Coords points="911,1862 3134,1883 2866,1752 2581,1797 2337,1694 2089,1807 1928,1742 911,1746"/>
                <Baseline points="931,1833 1021,1839 1110,1845 1200,1845 1289,1845 1379,1851 1469,1851 1558,1851 1648,1857 1737,1851 1827,1845 1917,1845 2006,1839 2096,1833 2185,1833 2275,1833 2364,1833 2454,1833 2544,1839 2633,1845 2723,1845 2812,1845 2902,1851 2991,1857 3081,1863 3141,1863"/>
                <TextEquiv>
                    <Unicode>bleibt bielem Sillen. Ist hien In die¬</Unicode>
                </TextEquiv>
            </TextLine>
            <TextLine id="tr_1_tl_25" custom="readingOrder {index:24;}">
                <Coords points="966,2096 1313,2106 1673,2007 2732,2010 2852,2075 2941,2062 2941,1897 2330,1948 2093,1862 1880,1966 1639,1914 1509,1990 1254,1900 966,1917"/>
                <Baseline points="985,2000 1074,2006 1164,2018 1254,2012 1343,2018 1433,2018 1522,2012 1612,2012 1702,2006 1791,1994 1881,1994 1970,1994 2060,2000 2149,2000 2239,2006 2329,2006 2418,2006 2508,2006 2597,2006 2687,2006 2776,2006 2866,2006 2950,2012"/>
                <TextEquiv>
                    <Unicode>Sevpbine. Et leere keine borbe.</Unicode>
                </TextEquiv>
            </TextLine>
            <TextLine id="tr_1_tl_26" custom="readingOrder {index:25;}">
                <Coords points="935,2203 3203,2220 3244,2069 1928,2034 1646,2148 1426,2065 1179,2155 935,2096"/>
                <Baseline points="955,2173 1015,2173 1104,2179 1194,2185 1283,2185 1373,2185 1463,2179 1552,2179 1642,2173 1731,2161 1821,2161 1911,2155 2000,2167 2090,2167 2179,2167 2269,2173 2358,2173 2448,2173 2538,2167 2627,2161 2717,2161 2806,2161 2896,2167 2985,2161 3075,2161 3165,2167 3254,2167"/>
                <TextEquiv>
                    <Unicode>lieb. Hoch    Aure tippen. La tete  all</Unicode>
                </TextEquiv>
            </TextLine>
            <TextLine id="tr_1_tl_27" custom="readingOrder {index:26;}">
                <Coords points="3629,2240 6391,2216 6391,2082 6007,2017 4405,2103 4124,1983 3629,2062"/>
                <Baseline points="3648,2197 3708,2179 3798,2173 3887,2167 3977,2167 4066,2167 4156,2167 4246,2167 4335,2167 4425,2167 4514,2167 4604,2161 4693,2161 4783,2155 4873,2161 4962,2161 5052,2161 5141,2161 5231,2167 5321,2173 5410,2173 5500,2179 5589,2173 5679,2173 5768,2173 5858,2173 5948,2173 6037,2173 6127,2173 6216,2179 6306,2185 6396,2179"/>
                <TextEquiv>
                    <Unicode>10. Auibros (doss) Serephine- Elisabeth. -Leindorf.</Unicode>
                </TextEquiv>
            </TextLine>
            <TextLine id="tr_1_tl_28" custom="readingOrder {index:27;}">
                <Coords points="1031,2385 1488,2347 1914,2426 2474,2337 3175,2399 3175,2264 2344,2306 1574,2234 1478,2292 1258,2220 1031,2292"/>
                <Baseline points="1051,2346 1140,2341 1230,2341 1319,2341 1409,2341 1498,2341 1588,2341 1678,2341 1767,2341 1857,2346 1946,2341 2036,2341 2126,2346 2215,2346 2305,2346 2394,2341 2484,2335 2573,2335 2663,2335 2753,2335 2842,2329 2932,2335 3021,2335 3111,2341 3183,2346"/>
                <TextEquiv>
                    <Unicode>clas it hasbe - have cellst. I shol</Unicode>
                </TextEquiv>
            </TextLine>
            <TextLine id="tr_1_tl_29" custom="readingOrder {index:28;}">
                <Coords points="3855,2467 5388,2402 6264,2491 6402,2368 5776,2275 5275,2350 4921,2237 4742,2313 4422,2244 4237,2361 3859,2309"/>
                <Baseline points="3875,2424 3899,2424 3989,2430 4078,2424 4168,2424 4258,2418 4347,2412 4437,2406 4526,2400 4616,2400 4705,2394 4795,2394 4885,2394 4974,2388 5064,2388 5153,2394 5243,2394 5332,2400 5422,2400 5512,2400 5601,2406 5691,2406 5780,2400 5870,2406 5960,2400 6049,2406 6139,2406 6228,2406 6318,2412 6407,2412"/>
                <TextEquiv>
                    <Unicode>Ambassadeur So geton hi mit meinen Besse eien¬</Unicode>
                </TextEquiv>
            </TextLine>
            <TextLine id="tr_1_tl_30" custom="readingOrder {index:29;}">
                <Coords points="972,2546 1612,2529 1711,2587 1801,2519 2612,2533 2612,2453 2539,2426 2385,2467 2075,2378 1667,2433 1186,2361 972,2423"/>
                <Baseline points="991,2496 1080,2496 1170,2496 1260,2502 1349,2496 1439,2496 1528,2496 1618,2502 1707,2496 1797,2502 1887,2496 1976,2502 2066,2502 2155,2508 2245,2514 2335,2514 2424,2514 2514,2514 2603,2508 2621,2514"/>
                <TextEquiv>
                    <Unicode>den Heiden, der lassen ein-</Unicode>
                </TextEquiv>
            </TextLine>
            <TextLine id="tr_1_tl_31" custom="readingOrder {index:30;}">
                <Coords points="3797,2656 5955,2581 6512,2653 6512,2567 6120,2443 5903,2519 5708,2429 4821,2460 4704,2550 4457,2453 4055,2570 3797,2484"/>
                <Baseline points="3816,2603 3905,2609 3995,2609 4084,2615 4174,2615 4264,2609 4353,2603 4443,2597 4532,2597 4622,2597 4711,2597 4801,2591 4891,2585 4980,2585 5070,2585 5159,2579 5249,2579 5338,2579 5428,2579 5518,2579 5607,2579 5697,2579 5786,2579 5876,2579 5966,2579 6055,2579 6145,2591 6234,2597 6324,2609 6413,2615 6503,2627 6521,2627"/>
                <TextEquiv>
                    <Unicode>Sciaat. he heues ita! We heupt is.. but</Unicode>
                </TextEquiv>
            </TextLine>
            <TextLine id="tr_1_tl_32" custom="readingOrder {index:31;}">
                <Coords points="993,2708 3292,2742 3288,2553 3048,2529 2797,2615 990,2543"/>
                <Baseline points="1009,2651 1098,2651 1188,2663 1278,2669 1367,2675 1457,2669 1546,2675 1636,2675 1725,2675 1815,2675 1905,2675 1994,2675 2084,2681 2173,2681 2263,2687 2352,2687 2442,2687 2532,2687 2621,2687 2711,2687 2800,2687 2890,2687 2980,2693 3069,2693 3159,2705 3248,2711 3302,2717"/>
                <TextEquiv>
                    <Unicode>Herrn.  Beweik dit witt! - Bis di m'est</Unicode>
                </TextEquiv>
            </TextLine>
            <TextLine id="tr_1_tl_33" custom="readingOrder {index:32;}">
                <Coords points="3924,2818 5278,2766 6436,2893 6433,2656 6182,2701 5890,2591 5477,2667 4928,2615 4780,2694 4447,2639 4330,2735 3921,2677"/>
                <Baseline points="3941,2776 4031,2776 4120,2776 4210,2771 4299,2771 4389,2765 4478,2765 4568,2771 4658,2771 4747,2765 4837,2765 4926,2765 5016,2765 5106,2765 5195,2765 5285,2765 5374,2765 5464,2765 5553,2759 5643,2759 5733,2765 5822,2765 5912,2765 6001,2771 6091,2782 6181,2788 6270,2800 6360,2806 6443,2812"/>
                <TextEquiv>
                    <Unicode>Sie! - Eli ubelt heren sie - Her sein dorfe.</Unicode>
                </TextEquiv>
            </TextLine>
            <TextLine id="tr_1_tl_34" custom="readingOrder {index:33;}">
                <Coords points="1003,2911 3017,2945 3017,2828 2821,2780 1952,2780 1790,2842 1003,2773"/>
                <Baseline points="1021,2878 1110,2872 1200,2878 1289,2878 1379,2884 1469,2884 1558,2884 1648,2884 1737,2878 1827,2872 1917,2878 2006,2884 2096,2884 2185,2884 2275,2878 2364,2878 2454,2878 2544,2878 2633,2878 2723,2878 2812,2878 2902,2878 2991,2878 3027,2878"/>
                <TextEquiv>
                    <Unicode>kneuwil - oeges.t de l'Oogst. -</Unicode>
                </TextEquiv>
            </TextLine>
            <TextLine id="tr_1_tl_35" custom="readingOrder {index:34;}">
                <Coords points="3831,2993 4292,2972 4357,3010 4684,2952 4794,2996 5065,2993 5065,2845 4704,2807 4388,2814 4271,2862 4103,2801 3831,2825"/>
                <Baseline points="3851,2926 3941,2932 4031,2938 4120,2944 4210,2944 4299,2938 4389,2944 4478,2944 4568,2944 4658,2944 4747,2938 4837,2938 4926,2944 5016,2938 5070,2944"/>
                <TextEquiv>
                    <Unicode>Ambrn. Gläckensch.</Unicode>
                </TextEquiv>
            </TextLine>
            <TextLine id="tr_1_tl_36" custom="readingOrder {index:35;}">
                <Coords points="1007,3048 1752,3069 1880,3137 2646,3075 2890,3165 3158,3075 3158,2990 2849,2941 2440,3034 2034,2938 1265,2990 1003,2931"/>
                <Baseline points="1027,3039 1116,3039 1206,3045 1295,3051 1385,3057 1475,3051 1564,3051 1654,3057 1743,3057 1833,3057 1922,3057 2012,3057 2102,3063 2191,3063 2281,3063 2370,3063 2460,3063 2550,3063 2639,3063 2729,3063 2818,3063 2908,3063 2997,3063 3087,3063 3165,3063"/>
                <TextEquiv>
                    <Unicode>leas. Ist fühle, das we ich in den de¬</Unicode>
                </TextEquiv>
            </TextLine>
            <TextLine id="tr_1_tl_37" custom="readingOrder {index:36;}">
                <Coords points="3886,3144 6350,3168 6350,3007 3886,3003"/>
                <Baseline points="3905,3117 3995,3117 4084,3117 4174,3117 4264,3105 4353,3105 4443,3099 4532,3099 4622,3093 4711,3093 4801,3099 4891,3099 4980,3099 5070,3099 5159,3099 5249,3099 5338,3099 5428,3099 5518,3099 5607,3099 5697,3099 5786,3105 5876,3105 5966,3111 6055,3111 6145,3117 6234,3123 6324,3123 6360,3123"/>
                <TextEquiv>
                    <Unicode>Elis. 1st 1 og dir hiebe jüst - in der - a, id je</Unicode>
                </TextEquiv>
            </TextLine>
            <TextLine id="tr_1_tl_38" custom="readingOrder {index:37;}">
                <Coords points="1014,3271 1371,3258 1718,3364 2399,3237 3196,3309 3220,3158 1010,3127"/>
                <Baseline points="1033,3224 1122,3230 1212,3242 1301,3242 1391,3242 1481,3242 1570,3236 1660,3242 1749,3236 1839,3242 1928,3242 2018,3242 2108,3242 2197,3242 2287,3242 2376,3236 2466,3242 2556,3236 2645,3236 2735,3236 2824,3236 2914,3236 3003,3242 3093,3248 3183,3254 3230,3254"/>
                <TextEquiv>
                    <Unicode>Vererenteil läßt - V. der ich wieder</Unicode>
                </TextEquiv>
            </TextLine>
            <TextLine id="tr_1_tl_39" custom="readingOrder {index:38;}">
                <Coords points="3897,3302 6323,3361 6323,3182 5629,3230 4532,3141 3897,3227"/>
                <Baseline points="3917,3266 4007,3272 4096,3278 4186,3284 4275,3278 4365,3278 4455,3272 4544,3272 4634,3272 4723,3272 4813,3272 4903,3272 4992,3278 5082,3278 5171,3278 5261,3278 5350,3278 5440,3278 5530,3284 5619,3284 5709,3278 5798,3278 5888,3278 5977,3278 6067,3278 6157,3284 6246,3284 6330,3290"/>
                <TextEquiv>
                    <Unicode>liebt... Erbel omt Gedible as [illegible]</Unicode>
                </TextEquiv>
            </TextLine>
            <TextLine id="tr_1_tl_40" custom="readingOrder {index:39;}">
                <Coords points="990,3484 1570,3426 1990,3495 2529,3450 3014,3584 3268,3539 3264,3282 2890,3357 2423,3295 2289,3385 1550,3299 990,3354"/>
                <Baseline points="1009,3421 1098,3415 1188,3421 1278,3421 1367,3427 1457,3421 1546,3421 1636,3427 1725,3427 1815,3433 1905,3439 1994,3439 2084,3439 2173,3445 2263,3439 2352,3433 2442,3433 2532,3433 2621,3433 2711,3433 2800,3433 2890,3433 2980,3439 3069,3439 3159,3445 3248,3451 3272,3457"/>
                <TextEquiv>
                    <Unicode>empor. Ich sein haen gleich. - (Cl.)</Unicode>
                </TextEquiv>
            </TextLine>
            <TextLine id="tr_1_tl_41" custom="readingOrder {index:40;}">
                <Coords points="3897,3502 4203,3553 4471,3467 4842,3502 4893,3491 4893,3302 4770,3299 4694,3343 4574,3278 4471,3275 4261,3364 4058,3316 3897,3343"/>
                <Baseline points="3917,3427 4007,3439 4096,3445 4186,3445 4275,3439 4365,3439 4455,3439 4544,3439 4634,3439 4723,3439 4813,3439 4903,3433"/>
                <TextEquiv>
                    <Unicode>Culms. Vorbei¬</Unicode>
                </TextEquiv>
            </TextLine>
            <TextLine id="tr_1_tl_42" custom="readingOrder {index:41;}">
                <Coords points="3897,3663 4505,3694 4921,3601 5457,3649 5577,3629 5580,3539 4921,3481 4653,3570 4453,3491 3900,3553"/>
                <Baseline points="3917,3624 3977,3630 4066,3636 4156,3630 4246,3630 4335,3624 4425,3619 4514,3619 4604,3613 4693,3607 4783,3607 4873,3601 4962,3607 5052,3607 5141,3607 5231,3607 5321,3607 5410,3607 5500,3607 5589,3601"/>
                <TextEquiv>
                    <Unicode>Seapr. has - but was</Unicode>
                </TextEquiv>
            </TextLine>
            <TextLine id="tr_1_tl_43" custom="readingOrder {index:42;}">
                <Coords points="3886,3893 4258,3955 4787,3835 5450,3893 5680,3811 6223,3886 6323,3849 6326,3574 5560,3694 4976,3629 3886,3721"/>
                <Baseline points="3905,3834 3911,3828 4001,3822 4090,3828 4180,3828 4269,3828 4359,3822 4449,3822 4538,3828 4628,3822 4717,3828 4807,3828 4897,3828 4986,3828 5076,3828 5165,3828 5255,3822 5344,3828 5434,3822 5524,3822 5613,3816 5703,3810 5792,3810 5882,3810 5971,3804 6061,3804 6151,3804 6240,3798 6330,3804"/>
                <TextEquiv>
                    <Unicode>Amloss. Cn pefabel de lieu et Cie. Verführte.</Unicode>
                </TextEquiv>
            </TextLine>
        </TextRegion>
    </Page>
</PcGts>
