3352 4136
750 587 1693 863 Silberstein und Max.
742 824 2305 973 Max möchte noch Khampagner trinke.
798 931 2694 1128 Wilberstein fragt den Grafen, ob sich das
728 1075 2928 1267 rücht vonnder Schenkung des Prinze bewahrheite
742 1230 2895 1425 Graf und Silbersten kennen sich von Zeylon her
742 1422 2875 1594 Silberstein unterlässt nicht vn seinem geplag
2192 1492 2454 1673 G.C.H.F.P.F:D
728 1543 1808 1727 ten Leben zu sprechen¬
739 1631 3002 1873 Max hat eine Champagnerflasche im Zelt entdeckt.
745 1772 3016 2031 Aurelie kennt Max, weil sie mit ihrer Mutter vor
753 1930 2852 2181 Jahren im Geschäft des väterlichen Juveliers
753 2122 2943 2361 gewesen ist. Sie trägt einen Anhänger, den Max
1532 2316 1724 2488 G.H.F.P.
762 2322 1504 2505 gezeichnet hat.
753 2432 2209 2612 Das alte Geschäft ist verkauft.
705 2517 2872 2765 (Die zwei ältern Brüder Maxens, ein Philosoph
793 2748 1608 2943 und ein Lebemann
860 2810 2612 3033 Wei sind fest versandt! - Mein Valé est
889 2920 2096 3160 ers bomen corden in den Her¬
1444 3140 2934 3383 Er bleibt mit Cürelie house.
