<?xml version="1.0" encoding="UTF-8" standalone="yes"?>
<PcGts xmlns="http://schema.primaresearch.org/PAGE/gts/pagecontent/2013-07-15" xmlns:xsi="http://www.w3.org/2001/XMLSchema-instance" xsi:schemaLocation="http://schema.primaresearch.org/PAGE/gts/pagecontent/2013-07-15 http://schema.primaresearch.org/PAGE/gts/pagecontent/2013-07-15/pagecontent.xsd">
    <Metadata>
        <Creator>prov=READ-COOP:name=TrHtr:version=2.1.0:model_id=51170:date=29_07_2023_21:37</Creator>
        <Created>2023-05-10T13:14:53.946+02:00</Created>
        <LastChange>2023-07-29T21:37:30.059+02:00</LastChange>
        <TranskribusMetadata docId="1428570" pageId="55410197" pageNr="62" tsid="131464702" status="IN_PROGRESS" userId="64420" imgUrl="https://files.transkribus.eu/Get?id=ZCJJPCHIZEQVUDSOGWMUOHKU&amp;fileType=view" xmlUrl="https://files.transkribus.eu/Get?id=NKFFPLTQBUIFJEBAGUTROGXT" imageId="44684340"/>
    </Metadata>
    <Page imageFilename="1428570_0062.jpg" imageWidth="3704" imageHeight="4264">
        <ReadingOrder>
            <OrderedGroup id="ro_1711793196399" caption="Regions reading order">
                <RegionRefIndexed index="0" regionRef="tr_1"/>
            </OrderedGroup>
        </ReadingOrder>
        <TextRegion id="tr_1" custom="readingOrder {index:0;}">
            <Coords points="976,538 3412,538 3412,2470 976,2470"/>
            <TextLine id="tr_1_tl_1" custom="readingOrder {index:0;}">
                <Coords points="3026,603 3041,603 3047,612 3059,606 3074,618 3083,609 3107,624 3128,624 3140,465 3110,465 3092,480 3086,477 3080,483 3071,477 3059,486 3035,474"/>
                <Baseline points="3042,594 3048,594 3093,591 3138,588"/>
                <TextEquiv>
                    <Unicode>69</Unicode>
                </TextEquiv>
            </TextLine>
            <TextLine id="tr_1_tl_2" custom="readingOrder {index:1;}">
                <Coords points="957,861 3338,756 3371,612 963,717"/>
                <Baseline points="976,821 1000,821 1045,818 1089,818 1134,815 1179,815 1224,809 1269,809 1313,806 1358,806 1403,803 1448,800 1492,800 1537,797 1582,797 1627,794 1672,794 1716,791 1761,791 1806,791 1851,785 1896,782 1940,782 1985,782 2030,779 2075,776 2120,779 2164,779 2209,773 2254,773 2299,770 2344,770 2388,764 2433,764 2478,761 2523,758 2567,755 2612,755 2657,752 2702,749 2747,749 2791,749 2836,746 2881,740 2926,737 2971,734 3015,731 3060,731 3105,728 3150,725 3195,722 3239,719 3284,719 3329,725 3374,731"/>
                <TextEquiv>
                    <Unicode>Max von Rosenberg vorbei, 26, hübsch, affektiert,</Unicode>
                </TextEquiv>
            </TextLine>
            <TextLine id="tr_1_tl_3" custom="readingOrder {index:2;}">
                <Coords points="966,984 2336,945 2534,912 2540,810 1922,855 1769,813 1643,867 1535,819 972,891"/>
                <Baseline points="985,958 1018,958 1063,955 1107,955 1152,952 1197,955 1242,952 1286,949 1331,946 1376,943 1421,940 1466,940 1510,937 1555,934 1600,931 1645,931 1690,931 1734,928 1779,928 1824,925 1869,922 1914,919 1958,916 2003,916 2048,913 2093,910 2137,907 2182,907 2227,904 2272,901 2317,898 2361,898 2406,898 2451,895 2496,892 2541,895"/>
                <TextEquiv>
                    <Unicode>Seraphine wirft ihm eine Rose zu</Unicode>
                </TextEquiv>
            </TextLine>
            <TextLine id="tr_1_tl_4" custom="readingOrder {index:3;}">
                <Coords points="975,1110 2924,1059 3260,999 3266,882 1952,948 1790,1026 1493,957 981,1011"/>
                <Baseline points="991,1107 1027,1104 1071,1104 1116,1101 1161,1101 1206,1098 1251,1095 1295,1095 1340,1092 1385,1089 1430,1089 1475,1086 1519,1083 1564,1080 1609,1080 1654,1077 1699,1077 1743,1074 1788,1074 1833,1071 1878,1066 1922,1063 1967,1060 2012,1060 2057,1057 2102,1054 2146,1048 2191,1048 2236,1048 2281,1042 2326,1042 2370,1042 2415,1039 2460,1036 2505,1033 2550,1033 2594,1030 2639,1027 2684,1024 2729,1024 2773,1021 2818,1015 2863,1012 2908,1012 2953,1009 2997,1003 3042,1000 3087,997 3132,994 3177,994 3221,991 3265,978"/>
                <TextEquiv>
                    <Unicode>Weder Koketterie, noch Frivolität, sondern Fest</Unicode>
                </TextEquiv>
            </TextLine>
            <TextLine id="tr_1_tl_5" custom="readingOrder {index:4;}">
                <Coords points="975,1280 1487,1238 1595,1271 1922,1208 2165,1232 2222,1223 2228,1146 1802,1080 1310,1202 1095,1161 981,1202"/>
                <Baseline points="994,1257 1021,1254 1066,1251 1110,1251 1155,1248 1200,1245 1245,1245 1289,1242 1334,1239 1379,1236 1424,1230 1469,1230 1513,1227 1558,1224 1603,1221 1648,1218 1693,1215 1737,1215 1782,1215 1827,1209 1872,1206 1917,1203 1961,1200 2006,1200 2051,1197 2096,1194 2140,1191 2185,1191 2230,1191"/>
                <TextEquiv>
                    <Unicode>laune, ehrliches Gefallen.</Unicode>
                </TextEquiv>
            </TextLine>
            <TextLine id="tr_1_tl_6" custom="readingOrder {index:5;}">
                <Coords points="990,1460 3398,1310 3407,1152 996,1304"/>
                <Baseline points="1009,1406 1030,1403 1074,1400 1119,1400 1164,1397 1209,1397 1254,1394 1298,1388 1343,1385 1388,1385 1433,1379 1478,1376 1522,1376 1567,1370 1612,1370 1657,1367 1702,1367 1746,1364 1791,1361 1836,1361 1881,1358 1925,1352 1970,1349 2015,1349 2060,1346 2105,1346 2149,1343 2194,1340 2239,1337 2284,1334 2329,1334 2373,1334 2418,1328 2463,1325 2508,1322 2553,1319 2597,1316 2642,1313 2687,1310 2732,1307 2776,1307 2821,1301 2866,1298 2911,1298 2956,1298 3000,1295 3045,1292 3090,1289 3135,1286 3180,1280 3224,1280 3269,1278 3314,1278 3359,1280 3404,1286"/>
                <TextEquiv>
                    <Unicode>Max, bedankt sich, verspricht sich zu revanchieren,</Unicode>
                </TextEquiv>
            </TextLine>
            <TextLine id="tr_1_tl_7" custom="readingOrder {index:6;}">
                <Coords points="990,1595 1733,1502 1946,1535 1982,1523 1985,1442 1712,1397 1529,1460 1361,1415 999,1457"/>
                <Baseline points="1009,1546 1051,1546 1095,1543 1140,1540 1185,1537 1230,1534 1275,1531 1319,1528 1364,1528 1409,1525 1454,1522 1498,1519 1543,1516 1588,1513 1633,1513 1678,1507 1722,1504 1767,1501 1812,1501 1857,1501 1902,1498 1946,1498 1991,1495"/>
                <TextEquiv>
                    <Unicode>entfernt sich bald.</Unicode>
                </TextEquiv>
            </TextLine>
            <TextLine id="tr_1_tl_8" custom="readingOrder {index:7;}">
                <Coords points="990,1712 3068,1622 3185,1598 3191,1505 996,1607"/>
                <Baseline points="1006,1699 1045,1699 1089,1696 1134,1693 1179,1693 1224,1687 1269,1684 1313,1681 1358,1678 1403,1678 1448,1672 1492,1669 1537,1666 1582,1663 1627,1660 1672,1657 1716,1654 1761,1654 1806,1651 1851,1648 1896,1645 1940,1642 1985,1639 2030,1636 2075,1633 2120,1627 2164,1627 2209,1624 2254,1621 2299,1621 2344,1621 2388,1621 2433,1618 2478,1615 2523,1612 2567,1609 2612,1603 2657,1600 2702,1597 2747,1597 2791,1594 2836,1591 2881,1588 2926,1582 2971,1579 3015,1573 3060,1570 3105,1564 3150,1564 3195,1567"/>
                <TextEquiv>
                    <Unicode>Elisabet äussert ihre Freude, in geordnete Ver</Unicode>
                </TextEquiv>
            </TextLine>
            <TextLine id="tr_1_tl_9" custom="readingOrder {index:8;}">
                <Coords points="1008,1871 2561,1784 2567,1676 1985,1694 1919,1742 1700,1712 1367,1781 1017,1760"/>
                <Baseline points="1027,1845 1048,1845 1092,1842 1137,1839 1182,1836 1227,1833 1272,1830 1316,1827 1361,1824 1406,1821 1451,1818 1495,1815 1540,1812 1585,1809 1630,1806 1675,1803 1719,1800 1764,1800 1809,1797 1854,1794 1899,1791 1943,1788 1988,1785 2033,1782 2078,1776 2123,1773 2167,1770 2212,1767 2257,1761 2302,1758 2346,1752 2391,1749 2436,1746 2481,1740 2526,1734 2570,1728"/>
                <TextEquiv>
                    <Unicode>hältnisse zu kommen durch ihn Heuelt</Unicode>
                </TextEquiv>
            </TextLine>
            <TextLine id="tr_1_tl_10" custom="readingOrder {index:9;}">
                <Coords points="1062,2012 3083,1910 3380,1874 3386,1769 1068,1922"/>
                <Baseline points="1077,1994 1101,1991 1146,1994 1191,1991 1236,1985 1280,1985 1325,1979 1370,1979 1415,1973 1460,1970 1504,1967 1549,1967 1594,1961 1639,1961 1684,1958 1728,1958 1773,1955 1818,1952 1863,1949 1908,1946 1952,1943 1997,1937 2042,1934 2087,1931 2132,1928 2176,1922 2221,1919 2266,1919 2311,1917 2355,1914 2400,1908 2445,1908 2490,1905 2535,1902 2579,1896 2624,1893 2669,1890 2714,1887 2759,1884 2803,1884 2848,1884 2893,1881 2938,1881 2983,1881 3027,1875 3072,1869 3117,1866 3162,1860 3206,1857 3251,1854 3296,1854 3341,1851 3386,1854"/>
                <TextEquiv>
                    <Unicode>Tørotzdem Traurigkeit beider Schwestern, dass sie</Unicode>
                </TextEquiv>
            </TextLine>
            <TextLine id="tr_1_tl_11" custom="readingOrder {index:10;}">
                <Coords points="1029,2171 1874,2159 2591,2051 2774,2096 2780,2009 2456,1973 2180,2033 1565,2024 1259,2105 1035,2072"/>
                <Baseline points="1048,2152 1083,2146 1128,2146 1173,2143 1218,2140 1263,2137 1307,2134 1352,2132 1397,2126 1442,2123 1487,2123 1531,2117 1576,2117 1621,2114 1666,2111 1710,2111 1755,2105 1800,2105 1845,2099 1890,2096 1934,2093 1979,2090 2024,2084 2069,2081 2114,2078 2158,2075 2203,2072 2248,2069 2293,2069 2338,2063 2382,2063 2427,2060 2472,2057 2517,2051 2561,2048 2606,2045 2651,2042 2696,2042 2741,2039 2785,2039"/>
                <TextEquiv>
                    <Unicode>sich nun von einander trennen müssen</Unicode>
                </TextEquiv>
            </TextLine>
            <TextLine id="tr_1_tl_12" custom="readingOrder {index:11;}">
                <Coords points="1038,2327 2060,2318 2219,2228 3284,2186 3407,2162 3413,2072 1047,2195"/>
                <Baseline points="1054,2305 1083,2302 1128,2302 1173,2302 1218,2299 1263,2296 1307,2290 1352,2287 1397,2284 1442,2281 1487,2278 1531,2275 1576,2272 1621,2266 1666,2266 1710,2260 1755,2257 1800,2254 1845,2251 1890,2248 1934,2245 1979,2239 2024,2236 2069,2233 2114,2230 2158,2227 2203,2224 2248,2221 2293,2218 2338,2218 2382,2212 2427,2209 2472,2209 2517,2203 2561,2200 2606,2197 2651,2194 2696,2188 2741,2185 2785,2182 2830,2179 2875,2176 2920,2176 2965,2173 3009,2170 3054,2164 3099,2161 3144,2158 3189,2152 3233,2149 3278,2146 3323,2143 3368,2140 3412,2143"/>
                <TextEquiv>
                    <Unicode>Eligius will seine Töchter und den Leutnant allein</Unicode>
                </TextEquiv>
            </TextLine>
            <TextLine id="tr_1_tl_13" custom="readingOrder {index:12;}">
                <Coords points="1044,2474 1170,2507 1316,2450 1496,2510 2207,2378 2471,2438 2483,2297 2324,2264 2210,2339 1952,2297 1466,2375 1053,2342"/>
                <Baseline points="1060,2460 1098,2457 1143,2454 1188,2451 1233,2448 1278,2445 1322,2442 1367,2439 1412,2439 1457,2436 1501,2436 1546,2430 1591,2424 1636,2418 1681,2412 1725,2409 1770,2403 1815,2400 1860,2397 1905,2391 1949,2388 1994,2385 2039,2385 2084,2379 2129,2376 2173,2373 2218,2367 2263,2364 2308,2361 2352,2358 2397,2355 2442,2352 2487,2346"/>
                <TextEquiv>
                    <Unicode>lassen. „da Ihr verlobt seid</Unicode>
                </TextEquiv>
            </TextLine>
        </TextRegion>
    </Page>
</PcGts>
