6632 4232
2386 209 2831 348 beiden t
352 232 572 475 70
3534 209 5969 572 Reineh Amptwerkt noquisi hiert vat-ci
1107 258 3153 554 aber man dürft der thieden de¬
5412 471 5726 580 -W:-
3538 426 5962 755 werden auf den Land notren.. in mein
1096 456 3243 755 ahre hierstuprück in der hard¬
3508 617 5797 875 Schloss cherhmsten.. Sie anders nach
1055 621 3149 916 leid with onderbes..... Kinder.
5382 703 5595 797 G.C.H.F.P.
2689 808 3059 987 lans
5584 845 5991 991 G.H.F.P.
1073 842 3224 1152 Falkena’ trifit he iden dito co
3523 853 6137 1133 nommet besuch. Lisweide Brantleute
5494 1055 5707 1159 G.C.H.F.P
3497 995 6511 1369 sen, der ganze somme leug - je couver lis
1137 1047 2222 1283 diese Stunde.
6089 1257 6478 1384 suchell
1118 1186 3142 1440 Aucelie dit glaube. A ich m S
6085 1313 6530 1530 Le Postlie
3508 1283 5999 1560 - und in Herbst.. soll Hochzeit ein¬
1103 1395 3160 1612 Nell be de Tuilis nach Hervn
3538 1462 5969 1754 Talben: Ich -!  Er ist ein Freunde nach
1070 1608 3265 1870 sühr... wenn es sehr ganz bestimmt... Obe
3531 1661 5868 1952 nahr! - très citer möglich. Les incliés
1096 1765 3186 2061 de vous avait fait germent n'ai -
3542 1877 6029 2169 dreier - ich -  -  Ein liame  „  hu Jugend”
999 1934 3224 2207 in ich weinon im Allein
3478 2053 5834 2345 de Josg... der eine – des enste Bishin -
1118 2121 3164 2371 theilenten den jaaren Trublien
6085 2266 6459 2438 No [?]
3527 2285 5924 2543 zullen: Unterkicheit. ich nicht
1156 2341 3119 2554 venbriges duift - so hal ich
6074 2386 6508 2491 noch.
6033 2453 6541 2573 niben. C Pstell
3553 2506 5872 2704 Crive: M ha et dit Coelt qu'on en aat les
5984 2528 6485 2667 -  de cult
1133 2502 3220 2771 weil geprüst uyselle.
6040 2622 6455 2738 nnelind
6119 2700 6463 2880 well.
3632 2678 6197 2947 Hilisten kann list einsam.
1115 2685 3112 2917 wird jede Eben-je d Ausser iuss
3590 2895 5868 3104 haft hundertheit gelebt.. die kennst
1070 2902 2880 3078 il.  Er ists.. Folkemes...
1511 3056 1743 3198 Your
3605 3071 5831 3336 gleich im Schmack, und bist die Stadt
1156 3052 3194 3310 Tall, ne jaten in einen diese feil.
6063 3056 6223 3228 P.
6126 3216 6377 3351 Votre ami
3572 3239 5890 3493 dich nicht verwissen - die - gehört mir
1096 3250 3093 3489 Ouvelie keu hemehle... onse
3568 3452 5763 3646 Hänli bist evissen. und verstehrt...
1118 3415 3228 3729 Feuer und Mäglicher und mehr
3602 3560 5924 3807 nicht ist den heuer. Sie willst will.
1204 3635 3093 3845 is den sehr ich viele zurück.
3572 3736 5786 3957 auch in der Well. Siegel des alles im¬
1178 3755 3112 3983 Mr behost die Sladt auslauck
