3880 4280
997 489 3285 729 Die allgemeine Zusammentreffen auf der Insel
1000 689 3356 879 die übrigens auch ein Strand sein könnte, eine
1003 832 3503 1066 Halbinsel, muss im ersten Akt vollkommen vorberei
1010 1007 1483 1212 tet sein.
1016 1137 3506 1318 Judith kommt hin,um mit dem Prinzen wegzufahren.
1010 1253 3369 1465 Seraphine hat ihr Konzert an einem bestimmten
1019 1477 3521 1658 Tage,und zwar an dem Tag,bevor der Prinz wegfah-
1010 1633 1508 1801 ren soll.
1022 1736 3415 1932 Ambros fühlt sich irgendwie schuldig an Falke
1013 1916 3434 2144 nirs Entschluss Aurelie in die Welt zu stossen
1025 2032 2854 2269 und führt sie hie r wieder zusammen.
1025 2213 3475 2396 Arduin lädt den Freihernn von Falkenir nach der
1035 2415 1552 2543 Insel ein.
1025 2484 3372 2699 Aurelie kommt her, nur mit dem wunsch Falkenir
1028 2677 2128 2883 noch einmal zu sehen.
1025 2836 3073 3007 Falkenir und Aurelie schon verheiratet?
1028 2979 3409 3166 Falkenir: Fluch dem Verstehen. (Grundstimmung!
1047 3138 3387 3366 Vielleicht lädt Arduin im ersten Akt Falkenir
1038 3338 2113 3484 und seine Braut ein.
