3592 4104
1158 586 3100 745 blasser Nacktheit aufzuerstehen. So liess
1153 776 3022 913 man sie denn weinen und die drei Herren
1171 900 3065 1080 setzten sich wieder an den Tisch. Marius
1176 1075 3052 1250 schenkte neu ein, man trank und rauchte,
1985 1194 2444 1316 Schlichseude
1191 1224 3186 1422 ohne sich um die Weinende besonders zu küm-
1181 1498 1440 1597 mern.
1417 1470 3227 1698 Aber plötzlich erhob sich Mathilde und
1197 1668 3192 1871 rief aus: "Ah, wenn Ihr ihn erreichen könn-
1212 1825 3121 2008 tet! Wenn er da wäre! Ich würde von Euch
1224 1993 3242 2198 verlangen, dass Ihr ihn in dieses Tischtuch
1214 2140 3141 2330 nähtet und ihn zum Fenster hinunterwurft.
1394 2307 3151 2464 Die drei Herren sahen einander an und
1222 2456 3123 2634 lächelten. Sie wussten schon, von wem Ma-
1240 2641 3174 2796 thilde sprach. Jeden Abend zum Dessert er-
1242 2738 3280 2966 sann sie neue furchtbare Todesarten für ihn
1270 2910 2020 3039 Cest am letster Montag
1242 2908 2991 3100 Das letzte Mal wollte sie ihn als ihr
1240 3085 2619 3278 Nachtlicht verbrennen lassen.
1455 3197 3083 3405 “Lächelt nicht!“ rief Mathilde aus.
1273 3354 3156 3592 "Ihr versteht mich nicht. Ihr kennt mich
1255 3534 3285 3742 nicht einmal - das ist es. Sonst würdet Ihr
