3464 4136
2973 429 3087 501 Monsieur
891 528 3087 771 stolzen Empfindsamkeit und dem liebenswürdigen
837 657 1275 753 Gewohnheit
2469 669 2742 768 ¬
2175 684 2373 771 eurs
882 684 3294 888 Bestreben hervorzugehen schien, über manchenlei in
810 801 1305 903 leichlicher
900 888 3165 1074 Dinge dieser Welt nicht ohne Ernst nachzudenken.
1512 963 1626 1065 De'
1125 1041 3123 1200 Im Laufe dee stillen klaren Sommertags auf
885 1182 3168 1359 dem Schiff kamen wir einander näher, als es in
882 1350 3144 1446 all den vergangenen Jahren geschehen war. Er war
876 1491 3027 1635 noch ein wenig melancholischer als sonat, und
888 1641 3153 1740 seinen Andeutungen konnte ich entnehmen, dass er
888 1800 3132 1914 eben aus irgend einem seltsamen Erlebnis herkam,
873 1962 3072 2091 das ihn fortdauernd beschäftigte. Gegen Abend
876 2094 3147 2196 sagte er! Noch vor wenigen Tagen hab* ich nicht
873 2253 3144 2433 geahnt, dass ich heute auf hoher See sein würde.
873 2382 3120 2535 Beim schwarzen Kaffee machte er die Bemerkung:
921 2538 3126 2670 Es tut mir wohl, Ihnen begegnet zu sein.“ Und
1428 2619 1692 2712 Abends
861 2670 3126 2865 als wir spät oben auf dem Verdeck sassen, rückte
864 2853 3114 3018 er seinen Streckstuhl an den meinen und sagte
1368 2931 1572 3027 wen
858 2994 3159 3159 mit seiner gewöhnlich leicht verschleierten Stim-
846 3159 3063 3324 me: "Ich möchte Ihnen erzählen, wie es kommt,
846 3312 2961 3495 dass ich Ostende so plötzlich verlassen habe.
846 3459 3108 3636 Ehrlich gestanden, ich habe ein Bedürfnis, davon
1509 3741 1929 3888 a lʼauteur ses mêmes sont avec les
