3464 4152
2564 398 2706 614 26
179 480 732 659 A. Benanestie
207 620 662 744 Ich spreite hé-
765 529 2922 793 Oder mit Reue. Nein, nur mit dem Gefühl, dass
216 705 680 841 schuldlos -! -
756 759 2813 942 ich einen ungeheuern Reichtum mit mir trage.
140 808 629 957 G. Hiefahch.
2011 784 2980 1033 (Dass ich niemand seläßte)
152 917 604 1057 verlet hé
2181 920 3080 1090 zurückte oder seitens.
772 911 1974 1081 Was hab ich alles zesehn!
115 1033 495 1197 mit:-
762 1066 3208 1239 Aurelie: Ich beneide Sie nicht. Ich bin froh, dass
134 1142 683 1361 rois gelovle
775 1169 3168 1403 ich eine Frau bin., dass mir vieles erspart blieb.
118 1315 608 1485 erstein in
784 1355 1829 1555 Warum reden Sie davon?
137 1428 747 1616 misschulden
787 1467 3080 1668 Graf: Sie wollen sich mir vermählen. Ich selbst
179 1586 504 1759 noich.
784 1610 3083 1829 habe Sie darum gebeten. Und doch erschein ich mir
793 1744 3086 1974 einwenig wie ein unredlicher Führer, der dem, der
796 1911 3071 2163 sich ihm anvertrüte, allerlei unterschlägt, weil
805 2062 2175 2275 er in Gefahren kömmen könnte,
793 2190 2974 2409 Wollt ich Ihnen alle Möglichkeiten des Daseins
817 2336 3028 2579 zeigen, wer weiss ob sich nicht eine fände, die
817 2439 2965 2746 Ihnen besser gefiele, als die meine Gartin zu
838 2728 3192 3001 Aurelie: Sie tun mir weh. Ich fühle, wie die alte
838 2725 1191 2904 werden.
863 2883 3059 3177 böse Krankheit wieder da ist. Glauben Sie mir,
863 3050 2527 3296 ich sehre mich nach nichty anderem,
881 3156 3007 3460 Graf: Wisse Sie es denn? Weiss einer, der
875 3326 3162 3697 nicht frei ist wonach er sich sehnt? Ob er sieh
905 3642 1209 3779 sehnt
