6936 4376
6508 239 6702 455 101
3712 293 4818 597 6. Zeith. Archos. -
335 368 539 639 108
1158 397 3012 619 de Revolo arde this and
3767 513 5495 668 Oudm. Nun -! Herr herlechaus
1051 597 3177 848 Juill Geh he weele. So wein Mevar
3776 661 5995 897 Judilt. Todt. Am H. Freund has in
993 787 2399 951 Wis is recht. In Seite.
1074 855 3125 1180 Bosnil. Es ist ved heimbelei Auftrag
3815 906 4367 1084 pettle.
3806 951 6098 1296 Amilm. Herr das eine mirste er keine.
1051 1045 3235 1303 gegeb. I ahe tenlid ind de Behörde
3880 1174 6037 1432 Alexéricolle le rée du Juillet
1135 1342 2570 1606 Cuntios. (a d talor.)
3747 1416 6153 1625 nicht diese. Sie erfahre es seit jenig;
1296 1603 3183 1819 Ob ich sollte weit devonstette
3747 1587 5940 1838 aller che tras très onbelangt.
1296 1696 2844 1896 id til xxx Hochzeit geladen
1138 1806 2951 2054 Les sibles.. ne me verstost.
3773 1722 6237 1977 warte hi int heme Sorges. - Cunele
3760 1951 6140 2222 zu dt. die erre. Schreibe in ihn... In¬
1103 2019 2254 2251 (c.b.)
3815 2148 6102 2406 ubis ia liegt verr a da wis... A.
3767 2332 6086 2557 &... Aller care or in yeinrle... In
3689 2535 6282 2741 it. He fie very the istalle entchek.
4912 2725 5086 2867 On
3793 2735 6295 2935 (he wilthive) have he.. tu hek
3728 2915 6224 3231 destrohl nicht die Gesellschaft. Auch Ihr
3815 3157 4963 3338 Itworte curte...
3796 3322 6198 3538 Jutt. Im. verlaut nicht. Ein wollen.
3802 3489 6286 3693 [illegible] - - I get in the Friend. and
5740 3641 6105 3831 de la
3835 3689 5682 3983 (dies Herrn.. wil, Julls »)
1629 4089 1800 4202 a
