3448 4168
778 543 2990 815 als möglich, und als wir einen anständigen Vor-
792 739 3046 1011 sprung gewonnen hatten, umarmten und küssten vir
820 910 2943 1137 uns von Neuen. Ich kann nicht behaupten, dass
784 1058 2965 1294 wir vorher viel mit einander gesprochen hatten.
790 1221 2831 1512 Es war ein heisser Sommernachmittag, und wie
2492 1341 2822 1448 vuler
1235 1380 2159 1582 chaudarf Leiten
1674 1378 2962 1624 n also auf alle asychologie
801 1492 1336 1621 ren jung.
1187 1554 1658 1663 Sie verricht
787 1576 2923 1809 verzichten, nicht wahr?... Dann schritten wir
806 1761 2738 1926 längere Zeit Hand in Hand durch den Wald
865 1870 3004 2089 so zärtlich, als wenn wir einander von Herzen
2050 1988 2198 2153 m
820 2055 1498 2204 lieb hätten. W
2472 1963 3251 2209 erzählt sei und
2848 2178 3013 2346 und
1372 2178 2643 2383 ich. Sie hatte keine Eltern
820 2338 2920 2542 lebte bei einer verheirateten Schwester, die
904 2484 3052 2671 einen reichen und ungewöhnlich kleinen Bankier
846 2646 2943 2862 zun Mann hatte und ihn mit schlanken und ver-
899 2780 2873 2968 schuldeten Kavallerieoffizieren zu betrügen
1235 2828 3276 3004 Und als sie diese Familienverhaltung erledigt hatte,
3108 2915 3220 3035 w
1918 2940 2761 3122 de nicht heiraten
848 2990 1369 3170 pflegte. Pl¬
2993 3016 3273 3175 Yours
846 3097 2993 3287 nete ets-mir-reitar. Ich will nämlich Kokette
854 3178 2934 3452 werden." Ich war ein wenig überrascht. Nicht
924 3391 3055 3542 wahr, diese Erklärung hätte Sie auch sonderbar
885 3483 2724 3744 berührt von den Lippen eines jungen Mädchen,
