6920 4408
1181 301 3079 558 Oulm. 2 uitare h.d. i
290 322 724 496 1 17 C
1199 540 1619 721 stein.
362 547 688 808 138
1181 605 2967 866 bei. Wie gern op erh ich sie —
1195 739 3057 1058 terephin. Zi und sie schrift
1275 891 3097 1152 us - tieter johannes - Cu
1261 1040 2985 1253 moduolle Fehil! - Cet
1304 1250 2184 1406 werden.
1337 1308 3296 1645 Tees. His siep'te avd, as went
1271 1554 2373 1775 des Näces geben.
1304 1630 3239 1934 Secretaire je me bat seme lieb
1340 1851 2442 2145 poth mit ihm -
1634 2213 2960 2427 (Sérapbnt, tems, des
1518 2365 2434 2586 Trierte ab.)
6347 261 6618 478 139
3735 322 4669 598 5. Bchte. Mas¬
3753 525 6669 819 tichte. Amt - ue -! - (Lecontrie car avit Une gel).
3760 717 5343 906 has. We fall there in!
3702 811 6133 1177 tritt. Lehn hiemit Blick kennes. Un¬
3836 945 6405 1275 avait ni veelasser. Sisant celle si avoir lui tireu
5144 996 6684 1228 seule Petite - Mais. C'Es ist borte
6289 1123 6698 1261 sen in Reffe¬
3825 1134 6673 1435 Irai. Das ist eine ganz seltsame geschichte und
3775 1311 6013 1576 Sie nolete
3851 1463 6068 1735 nod colles - wit ihr - aber in
3818 1627 6437 1920 behan Augst. heires in bleibe. (iullist
3818 1833 6390 2163 tribl. this, hee kam hee ei sonderte
3843 1985 6071 2293 Test-feier.. he weeder nart em
3862 2188 5760 2474 Ihr glücken hie sehen.
3851 2423 4974 2626 has - Amelie - :
3851 2550 5068 2818 hiebe. Schipfik Jo.-
3858 2644 6184 2989 be Oulisheé - but Febri -! -
3887 2844 6126 3264 Trichte. Tabri. ist, so ist das.......
3883 2978 6430 3431 la. Fise - wie? Une naren -:-
3909 3373 4477 3633 Witler
3978 3532 4778 3778 her. Sir -
4003 3575 6636 3985 Fritt. Herr Allein... he hebt haltene
