3032 4152
2076 369 2213 596 83
486 541 2396 776 Ich zuckte zusammen, aber ich fühlte zu-
1399 724 1515 852 get
273 779 2573 910 gleich, dass ich Unrecht hatte, verletzt zu sein.
276 864 2579 1058 Sie war nun einmal so. "Eines möcht' ich Sie ger-
273 1032 2608 1221 ne fragen", sagte ich, durch diese Ueberlegung be-
282 1201 637 1387 ruhigt.
954 1297 1273 1422 exendert
535 1369 1433 1521 "Bitte", sagte sie.
529 1480 2509 1651 "Nun, liebe Judith, es würde mich sehr in-
294 1666 2503 1803 teressieren - ungemein..." xxx ich zögerte wei-
343 1788 2471 1974 terzureden. Aber in der Einsicht, dass es gar
294 1951 2512 2102 keinen Sinn hatte, dieser Entschlossenen gegen-
297 2082 2384 2245 über den Schüchternen zu spielen, fragte ich
866 2224 1050 2309 was
294 2230 2445 2399 rasch: "War mir Ihr erste Geliebter, Judith?"
529 2402 2599 2532 Sie schüttelte den Kopf. ich habe noch kei-
308 2500 2532 2687 nau Geliebten gehabt.“ Alsste mich nach diesen
311 2695 2535 2858 Warten mit stillen Augen ansah, war mein erster
355 2846 2585 3038 Gedanke, daß sie mich nicht Fichtig warstanden
305 2969 2457 3155 hatte oder gar zur Unzeit geistreich war. Und
323 3105 2611 3297 sehr fein, wie mir vorkam, setzte ich hiemit für
308 3262 1713 3512 haben ihn also nicht geliebt?“
2003 3326 2530 3483 sacte né
564 3440 2503 3663 Ich habe noch Niemanden geliebt. Und ich
