6680 4216
933 182 2424 405 liere. Ja - vom Vater her -
1024 321 3171 543 Juillet. hebure sié's secours! – La Reineuse
875 507 3251 765 me bei Am - Morg her e e ei Rettlerm.
940 707 3164 897 In Spiel bereidelt er sich! - Ich seit
933 875 3237 1112 was come about in 3 Jahres – do bring
991 1061 3204 1261 on euren Haax' - da Spiel jelang...
999 1206 3131 1411 sich nicht ausreich – Julie ersp nicht
1024 1374 1804 1527 alom. 4.
970 1451 2858 1691 Mrs. Wais as he wis doe.
973 1618 2705 1859 si M. hie wolle Freund usi...
1013 1808 2132 2030 lien. Ni lt wahr -
1042 1928 3022 2213 Juillet. 2er - cernit nicht! - (Küss.)
1035 2125 2245 2351 M. Ein Kours obriss -
1072 2271 3076 2530 I will him - he will be-
1053 2453 1844 2664 soe sie habe..
1101 2541 3135 2752 Elias. Gered his wish - so marien
1075 2737 1939 2985 i und bereit.
1145 2832 2734 3120 Juill. Sie nie wen Freien.
1148 3047 2581 3259 clou, I stine witht...
1163 3211 3098 3496 Gull. his wollen was spelecim
1199 3353 3044 3598 are [illegible]
1181 3558 2748 3751 the I will wish his
1301 3671 3189 3911 no.  I will der Aberlem in
3572 244 4731 488 ten ewrize -!
3554 383 4892 652 Juilt unbescheiden.
3547 547 6069 904 Mais lui "crites"... de di doit cetillisse
3598 762 3973 937 hit.
3583 857 5868 1148 zurück.. Nein - die wicht - da wär uns zu
3503 1061 6003 1411 schlebst... Ich und weit wohl heute wir
3539 1294 4870 1545 inceit in ociliebes
3510 1476 4713 1720 la Bitte schon.
5912 1531 6488 1782 was
3598 1586 6525 1943 Joul. Ende te gibt er ävnte. (Reueur den geld
5263 1812 5737 1983 Geben Sie.
6189 1855 6492 2107 but
3594 1888 6368 2274 de de Prinsen? Je l'a tenir de vous
3558 2016 5012 2274 dies. Redwill in den
3579 2121 6022 2435 gritt. Er bat ein Schloss. hat fünde ein
3609 2326 5836 2632 Schiff - - Und kommt hier -
5387 2537 5861 2869 men. -
3634 2639 4771 2909 Ard' is Mount. -
