3704 4168
3044 460 3190 646 18
1103 627 3158 792 Papa drei Jahre lang eine Geliebte bei sich
2625 738 3009 817 un Hauve.
468 700 1025 879 Cevoas der tot
1098 817 3174 971 hatte. + Aber wie wräs wnn wir nun wieder ein
473 835 952 946 une cœur
481 911 1011 1046 nebr de feliet
1100 963 3128 1082 bisschen spazieren gingen. Zum Beispiel, zur
481 1017 990 1136 mede eine am
468 1090 990 1203 so wir:.. Lenk
1103 1098 3012 1265 Musik hin. Ich glaube man tanzt auch im
457 1173 976 1319 hie mit, dass nur
460 1260 963 1395 accustés gebliebres
1098 1246 1460 1401 Freien.
495 1392 811 1506 aussi.
1114 1344 3096 1541 Ser: Ach ja Elisabeth, nun missen wir uns
1106 1547 3155 1682 so bald trennen. Wenn Ihr nur nicht gleich
1106 1684 3088 1833 in eine andre Stadt versetzt werdet. Aber
1109 1798 3031 2006 mit den schönen Plauderstunden vorm Ein
1117 1968 3182 2141 schlafen, im Bett, mit denen ist es nun je
1117 2117 1885 2287 denfalls vorbei.
1506 2339 1874 2458 Abenditen
1749 2409 1936 2469 sein
1127 2382 3177 2577 Doktor Silbermann. (kommt. Da sind Sie, ich
1133 2536 3071 2685 suche Sie doch im Park. Sie haben eine Er
1130 2677 3085 2820 oberung gemacht, Fräulein Seraphine. Mein
1144 2798 3139 2988 Freund Herr v. Rosenberg, der Sohn des ver
1149 2931 3098 3107 storbenen Juveliers, nach der Schilderung
1144 3080 3185 3272 missen Sies gewesen sein, die ihm eine Rose
1149 3209 2301 3439 an den Kopf gewerfenhat.
1155 3345 3107 3599 Ser: Ja. Max? Er ist ein hübscher Mensch.
998 3550 3017 3793 En interessant hans et. Cibt et belastet
1038 3710 3212 3958 ten Vite ist und Kuellerskome und
