3643 4184
3331 476 3425 645 10
1074 584 2949 795 glücklich. Dies hier sind meine Töchter,
1454 717 2237 847 du junyère. abéi resté
1066 712 3109 939 Elisabeth, etwas bürgerlieh angelegt, etwas
1083 897 3012 1066 streng, dies hier Seraphine, sie spielt
399 825 836 1105 tillage
1091 1016 3026 1243 Geige und wird bald öffentlich auftketen.
1631 1124 2774 1265 1 hat schon auf einen Akademie
1091 1121 3262 1404 Leutnant stellt sich vor
1105 1354 2165 1548 Fürstin: Sehr erfreut
1116 1448 3347 1681 Herri: Welch ein Fest, durchlauchtigst Fürstin.
1199 1515 1395 1628 Tens
1124 1622 3098 1863 Schönheit, Kunst, Wohltätigkeit haben sich
2329 1672 3206 1816 Welchine Hochberghe.
1141 1750 3234 1960 ein Stelldichein gegeben. Nun senkt die Nacht
1224 1919 2104 2049 in der Fursten Reversiten
1124 1919 3101 2168 ihre Fittige.. ach ja ich weiss, man drückt
1146 2118 2506 2295 sich heute nicht mehr so aus.
1149 2165 3237 2475 Andre Leute zum Zelt. Frei Herren weil im Tane
1152 2340 3137 2586 Firstin: Wotken die Damen und Herren nicht
1171 2495 3012 2702 vielleicht an einem der Tischchen Platz
1174 2730 1534 2896 nehmen?
1179 2766 3029 3040 Elisabt- Komm doch Papa, Du siehst wir
1193 2960 2672 3192 nehmen den Leuten den Platz weg
1210 3073 3259 3325 Frl V- Leider ist uns d der Champagner aus
1498 3123 1667 3226 -d
1227 3311 1686 3505 gegangen.
1246 3347 3209 3641 Ein Diener kommt und bringt einen Kreb mit
1263 3541 2221 3799 Shampagner ins Zelt./.
