3592 4120
2881 576 2968 693 2
1155 729 3153 876 falls auf fünf Jahre. Nach der Vorstellung
1170 848 3206 1054 gab sie in ihrem Heim, Nibelungengasse sieb-
1173 1026 3148 1203 zehn, ein Abschiedsessen für ihre preunde.
1175 1183 3135 1340 Sie zählte deren drei, die alle von einan-
1181 1358 3085 1493 der wussten. Daher gab es in der kleinen
1196 1485 3176 1635 Gesellschaft keinerrecht und Mis¬
1627 1637 1952 1737 von den
2122 1655 3006 1803 Unbehaglichkeiten,
1191 1673 2061 1853 träglich oder schöne
1186 1808 3222 1993 welche das stete Gefolge von Eifersucht und
1186 1970 2437 2155 Mistrauen zu sein pflegen.
1386 2120 3217 2270 Mitternacht war vorbei. Der Diener hat-
1219 2267 3064 2412 te die letzten Schüsseln abgeräumt. Die
1201 2407 3171 2607 Flammen des Mittellusters waren abgedreht,
1214 2587 3252 2716 nur die drei Seitenlichter hinter rötlichen
1219 2681 3072 2894 Gläsern in den Ecken des Zimmers glücken
1216 2879 1775 3057 weiter. XXX
1351 3003 3229 3189 Baron Marius, schweigsam wie immer, hat-
1234 3189 3069 3333 te sich zum Klavier gesetzt und spielte
1231 3295 3113 3498 leise das Thema der Chopin’ schen As-Dur-
1219 3465 3227 3613 Ballade. Felix Denhart var gleichfalls auf-
1229 3613 3158 3795 gestanden und betrachtete das kleine Bild
