3336 4168
890 685 1681 881 Silberstein, Max
1231 729 3062 1026 hat die Flasche geöffnet, sie trinken
903 906 1124 1040 Max:
1124 996 2317 1171 Es leert sich allmählich.
1171 1053 2988 1296 Ich bin neugierig, ob ich diese Person
1146 1269 2920 1419 überhaupt noch finde., für die ich die
1192 1397 2955 1645 Fliederkultur in diesem Park ver
1111 1585 1700 1749 wiistet habe.
931 1678 2628 1916 Silberstein: Was lieg t Dir daran?
933 1785 3135 2049 Max: Ich möchte mich gern revancieren. Ausser
950 2019 2314 2188 dem ist sie charmant gewesen.
950 2120 2936 2382 Silberstein: Ists nicht die, so ists eine
1143 2197 2993 2502 andre. Was kann Dir daran liegen? Wenn
1198 2450 2194 2658 man aussieht wie Du.
988 2560 2300 2813 Max: Du bist zu freundlich.
993 2562 2980 2920 Siberstein. Nicht freundlich, ich beneide
1179 2808 2977 3070 Dich. Ich bin immer nur der Vertraute.
1015 2933 3086 3242 Max: Muss auch ganz schön sein. Dir sage in
1217 3146 2521 3324 Sie wenigstens die Wahrheit.
1029 3141 3146 3531 Silberstein: Ha, Du glabst? Der Freund, das
1285 3340 3179 3635 ist der den sie anlügen und der gar nicht
