2840 4152
2057 428 2202 644 16
227 585 2063 775 streuten Höflichkeit. Sie lachte leise.
437 766 2344 925 "Können wir zum Reispiel diesen Kahn hier
201 908 2366 1073 nahmen xxx und die vies mit einer leichten Beveg-
182 1044 2426 1209 ung des Schirns auf ein kleines Boot, das an der
182 1183 2341 1371 Landungsbrücke lag. Ich rief den Bootemann an,
224 1373 2327 1546 der im Nachen sass und seine Pfeife rauchte.
224 1501 2366 1666 Wir stiegen ein, er machte die Kette los, und
176 1657 2338 1830 mit langsamen Ruderschlägen führte er uns hin-
187 1796 2463 2029 aus. Ganz in der Ferne erschien ein grosser Damp-
187 1983 2412 2171 fer, ein langer gedehnter Pfiff tönte durch die
196 2162 2401 2344 Nacht. Das Meer war schwarz und stumm. Ich sass
193 2324 1705 2497 am Steuer, Judith mir gegenüber.
2267 2435 2480 2557 G.C.H.P
437 2435 2199 2588 "Nun aber sagen Sie mir die Wahrheit",
201 2588 2409 2778 sagte ich plötzlich so fest, als hätt' ich ein
201 2772 1166 2920 Recht zu diesem Ton.
428 2823 2446 3059 Wieder schüttelte sie ihrer Gewohnheit nach
210 3011 2372 3195 den Kopf mehrere Mal hintereinander. "Ist das,
210 3184 2381 3345 was ich tun will, wirklich so sonderbar und so
201 3306 2287 3490 unglaublich? Tun es nicht Hunderte, Tausende
244 3499 2378 3663 Tag für Tag, seit die Welt steht? was wundert
