3347 4152
197 241 1063 493 Jurik - Tuestin.
1198 402 1787 541 Credechon
263 438 1158 603 Andre Garte...
58 537 1973 833 le ceter haus – cette très mort en glas.
135 712 1293 965 Tinctis. Das letzte
1995 734 2861 950 Ich nicht nicht lieb.
135 866 2934 1085 Westerhori. Schöne Schürgeri. Daß die er, die hei¬
164 1008 1688 1279 Fürstes. Wo ist.. Die Gattin
69 1144 2883 1440 Westerlou. So mes sie sein! - Was kömert weiss?
2645 1315 2941 1432 iné was
91 1330 3025 1604 Henl ist ein Test.. hoe aus sich niederfinden.. Sie seile
216 1520 2744 1750 Juillet. Ich schrie. m euw heller étude.
164 1677 2894 1966 trestert. Was hi merk with in Hies... Besehlung
219 1856 2576 2148 Friste (Sch Wobel) S'il die nicht vi riet.
219 2159 2634 2324 Juder. Nun lachts auch mich die hin¬
259 2247 1750 2594 no luisit... (and tous
