3672 4232
3112 518 3232 690 77
961 566 1798 880 Max, Silberstein,
967 765 3214 1018 Max: Wo mag nur Seraphine sein? Flieder für sie.
964 946 3226 1136 Silberstein! Was tuts, neue Eroberung. Aurelie
964 1136 3196 1298 ist ungeheuer reich, Dir kanns freilich gleich
982 1265 3226 1482 gültig sein Du hast selber fünfundzwanzigtausend
964 1425 1597 1615 Gulden Rente.
967 1521 3383 1693 Max erzählt, dass sein Bankier heute durchgegangen
964 1693 3389 1862 ist, auch seine Brüder haben kein Geld mehr.
964 1835 3377 2030 Er nimmt die S ache leicht affektiert-humoristisch.
976 1994 3199 2190 Silberstein ist entsetzt, denkt nach wie ihm zu
973 2184 1533 2362 helfen ist.
1012 2290 2976 2500 Du weisst eben nicht was hungern beutet.'
