6520 4168
3444 683 6019 1161 könne du doch Ferin, Velly.. Kömm die¬
4834 904 6331 1123 permettez moi de voir dire que je
5929 1012 6265 1112 re
3590 1060 6091 1379 In schon sicher nur, erlauben sie um Ihren
3462 1234 6053 1577 zu sagen, daß ich die liebe... Erleben sie noch
3462 1486 6001 1805 einen letzten Kommen, bevor sie sich
3420 1712 6033 2027 in den Cocollenleben stügen, indem
3451 2030 5028 2270 Sie ihn kommen wünschen.
3475 2089 5981 2467 Und sie erlebt den letzten Romen, die letzte
3416 2436 5807 2689 Nacht. Um grauenden Morgen verläßt.
3479 2609 5863 2900 Opunde; an Alend vorkauft sie sich
3586 2685 6334 3229 (Viely) wie in sei am Glähr aufdeht. Ich meilt dir vlage
3600 3087 4730 3365 mache. Thi’s nicht
3642 3167 6334 3538 mir noch, ich kan kein früh nahmen. Sie geschaffenen
3555 3378 6341 3725 ebenen saith sie ihm gelegt; ich solle und ihm ich in 6
