<?xml version="1.0" encoding="UTF-8" standalone="yes"?>
<PcGts xmlns="http://schema.primaresearch.org/PAGE/gts/pagecontent/2013-07-15" xmlns:xsi="http://www.w3.org/2001/XMLSchema-instance" xsi:schemaLocation="http://schema.primaresearch.org/PAGE/gts/pagecontent/2013-07-15 http://schema.primaresearch.org/PAGE/gts/pagecontent/2013-07-15/pagecontent.xsd">
    <Metadata>
        <Creator>prov=READ-COOP:name=TrHtr:version=2.1.0:model_id=51170:date=29_07_2023_21:38</Creator>
        <Created>2023-05-10T13:15:25.238+02:00</Created>
        <LastChange>2023-07-29T21:38:17.250+02:00</LastChange>
        <TranskribusMetadata docId="1428570" pageId="55411188" pageNr="223" tsid="131464896" status="IN_PROGRESS" userId="64420" imgUrl="https://files.transkribus.eu/Get?id=GIDCAUHYDPEYATCMZXFSZCBN&amp;fileType=view" xmlUrl="https://files.transkribus.eu/Get?id=DVOTCLWAPJGKCVLGQPIUDBKQ" imageId="44685331"/>
    </Metadata>
    <Page imageFilename="1428570_0223.jpg" imageWidth="7000" imageHeight="4344">
        <ReadingOrder>
            <OrderedGroup id="ro_1711793401585" caption="Regions reading order">
                <RegionRefIndexed index="0" regionRef="tr_1"/>
                <RegionRefIndexed index="1" regionRef="tr_2"/>
            </OrderedGroup>
        </ReadingOrder>
        <TextRegion id="tr_1" custom="readingOrder {index:0;}">
            <Coords points="507,319 6766,319 6766,2534 507,2534"/>
            <TextLine id="tr_1_tl_1" custom="readingOrder {index:0;}">
                <Coords points="1923,449 2515,493 2731,411 3052,441 3148,508 3268,461 3268,260 2544,230 2220,341 1923,330"/>
                <Baseline points="1939,375 2028,375 2118,381 2207,387 2297,393 2386,393 2476,393 2565,393 2655,393 2744,399 2834,399 2923,393 3013,387 3102,375 3192,369 3275,375"/>
                <TextEquiv>
                    <Unicode>o.s.d. te hier ved.</Unicode>
                </TextEquiv>
            </TextLine>
            <TextLine id="tr_1_tl_2" custom="readingOrder {index:1;}">
                <Coords points="481,543 513,551 548,531 569,543 595,531 621,557 665,522 686,528 715,511 759,537 791,531 811,309 782,309 735,277 691,298 662,277 633,292 604,280 581,298 502,289"/>
                <Baseline points="507,441 543,441 632,441 722,429 811,417"/>
                <TextEquiv>
                    <Unicode>160</Unicode>
                </TextEquiv>
            </TextLine>
            <TextLine id="tr_1_tl_3" custom="readingOrder {index:2;}">
                <Coords points="6538,513 6605,516 6629,528 6699,508 6763,508 6742,309 6623,306 6521,318"/>
                <Baseline points="6551,465 6641,477 6730,483 6766,483"/>
                <TextEquiv>
                    <Unicode>161</Unicode>
                </TextEquiv>
            </TextLine>
            <TextLine id="tr_1_tl_4" custom="readingOrder {index:3;}">
                <Coords points="3749,499 4262,496 4438,572 4849,516 5467,627 5429,362 5129,432 4977,362 4729,406 4172,341 3746,411"/>
                <Baseline points="3765,495 3854,489 3944,489 4033,489 4123,489 4212,489 4302,495 4391,501 4481,507 4570,519 4660,513 4749,513 4839,519 4928,525 5018,531 5107,537 5197,537 5286,548 5376,554 5465,554 5471,554"/>
                <TextEquiv>
                    <Unicode>11. - Falternes -Cunebe -</Unicode>
                </TextEquiv>
            </TextLine>
            <TextLine id="tr_1_tl_5" custom="readingOrder {index:4;}">
                <Coords points="3872,668 4090,656 4391,759 5727,741 5701,572 5438,642 5030,551 4831,648 4595,569 3863,522"/>
                <Baseline points="3884,626 3974,626 4063,632 4153,638 4242,638 4332,644 4421,650 4511,656 4600,662 4690,668 4779,668 4869,680 4958,680 5048,674 5137,680 5227,686 5316,692 5406,698 5495,704 5585,710 5674,710 5728,716"/>
                <TextEquiv>
                    <Unicode>die sehr einwände a. Er ich engege</Unicode>
                </TextEquiv>
            </TextLine>
            <TextLine id="tr_1_tl_6" custom="readingOrder {index:5;}">
                <Coords points="3851,869 5940,928 5934,796 5686,735 4219,770 3842,677"/>
                <Baseline points="3860,799 3950,793 4039,805 4129,805 4218,811 4308,811 4397,817 4487,817 4576,817 4666,823 4755,829 4845,829 4934,835 5024,841 5113,847 5203,853 5292,859 5382,865 5471,871 5561,865 5650,859 5740,865 5829,871 5919,883 5943,883"/>
                <TextEquiv>
                    <Unicode>A nt A Hand-hout sie.</Unicode>
                </TextEquiv>
            </TextLine>
            <TextLine id="tr_1_tl_7" custom="readingOrder {index:6;}">
                <Coords points="3854,1021 4213,1106 4385,1030 5549,1082 5546,963 5284,881 4861,939 4327,855 4216,937 3848,872"/>
                <Baseline points="3866,978 3956,978 4045,984 4135,990 4224,996 4314,996 4403,996 4493,990 4582,996 4672,990 4761,996 4851,1002 4940,1002 5030,1008 5119,1014 5209,1014 5298,1020 5388,1026 5477,1032 5555,1032"/>
                <TextEquiv>
                    <Unicode>mit ri xxxx, hvor eine Stion.</Unicode>
                </TextEquiv>
            </TextLine>
            <TextLine id="tr_1_tl_8" custom="readingOrder {index:7;}">
                <Coords points="3807,1231 4122,1278 4227,1214 4370,1249 4458,1193 4726,1246 4898,1214 4896,1062 4548,1082 4423,1039 4152,1094 3979,1030 3802,1042"/>
                <Baseline points="3824,1157 3914,1157 4003,1163 4093,1163 4182,1175 4272,1181 4361,1181 4451,1187 4540,1187 4630,1181 4719,1181 4809,1187 4898,1187 4904,1187"/>
                <TextEquiv>
                    <Unicode>Amèle geliebler</Unicode>
                </TextEquiv>
            </TextLine>
            <TextLine id="tr_1_tl_9" custom="readingOrder {index:8;}">
                <Coords points="3851,1430 4464,1377 5736,1473 5937,1424 5940,1138 5324,1272 4828,1199 3851,1252"/>
                <Baseline points="3866,1336 3956,1336 4045,1342 4135,1342 4224,1336 4314,1342 4403,1348 4493,1336 4582,1336 4672,1336 4761,1324 4851,1324 4940,1318 5030,1318 5119,1318 5209,1318 5298,1312 5388,1318 5477,1318 5567,1324 5656,1336 5746,1342 5835,1354 5925,1354 5943,1354"/>
                <TextEquiv>
                    <Unicode>Tallem pluth die... bezeit. -</Unicode>
                </TextEquiv>
            </TextLine>
            <TextLine id="tr_1_tl_10" custom="readingOrder {index:9;}">
                <Coords points="3834,1570 4618,1587 4881,1500 5074,1543 5295,1482 5389,1529 5415,1432 4706,1395 4356,1494 4210,1409 3839,1441"/>
                <Baseline points="3854,1545 3896,1539 3985,1533 4075,1527 4164,1527 4254,1521 4344,1515 4433,1515 4523,1515 4612,1509 4702,1509 4791,1503 4881,1485 4970,1485 5060,1485 5149,1479 5239,1479 5328,1479 5418,1491"/>
                <TextEquiv>
                    <Unicode>I will be in it. The est..</Unicode>
                </TextEquiv>
            </TextLine>
            <TextLine id="tr_1_tl_11" custom="readingOrder {index:10;}">
                <Coords points="3854,1739 4601,1680 4718,1742 4881,1666 5214,1788 5479,1698 6054,1750 6092,1476 5844,1430 5339,1573 5041,1526 3857,1628"/>
                <Baseline points="3872,1712 3944,1712 4033,1700 4123,1700 4212,1700 4302,1694 4391,1682 4481,1676 4570,1670 4660,1670 4749,1664 4839,1652 4928,1652 5018,1640 5107,1640 5197,1634 5286,1640 5376,1640 5465,1646 5555,1646 5644,1646 5734,1646 5823,1652 5913,1658 6002,1658 6092,1658"/>
                <TextEquiv>
                    <Unicode>Talk. J - wir ist elle git -</Unicode>
                </TextEquiv>
            </TextLine>
            <TextLine id="tr_1_tl_12" custom="readingOrder {index:11;}">
                <Coords points="3837,1917 4146,1981 4236,1908 4414,1952 4966,1850 6013,1879 6013,1797 5835,1715 5683,1762 5502,1698 5214,1788 5144,1721 4350,1730 3839,1838"/>
                <Baseline points="3854,1885 3872,1879 3962,1879 4051,1873 4141,1873 4230,1867 4320,1867 4409,1861 4499,1855 4588,1849 4678,1843 4767,1843 4857,1837 4946,1837 5036,1831 5125,1825 5215,1819 5304,1825 5394,1819 5483,1819 5573,1819 5662,1819 5752,1819 5841,1825 5931,1831 6020,1843"/>
                <TextEquiv>
                    <Unicode>a eté gfehlt. - Dep tue sut si bié</Unicode>
                </TextEquiv>
            </TextLine>
            <TextLine id="tr_1_tl_13" custom="readingOrder {index:12;}">
                <Coords points="3880,2039 6144,2074 6144,1937 5855,1867 5071,1946 4703,1882 4166,1993 3880,1914"/>
                <Baseline points="3896,2010 3914,2010 4003,2010 4093,2016 4182,2016 4272,2016 4361,2010 4451,2010 4540,2004 4630,1998 4719,1998 4809,1998 4898,1992 4988,1992 5077,1992 5167,1992 5256,1992 5346,1992 5435,1992 5525,1992 5614,1987 5704,1987 5793,1987 5883,1987 5973,1987 6062,1992 6152,1992"/>
                <TextEquiv>
                    <Unicode>Nun - ugendroh - es will ist at us -</Unicode>
                </TextEquiv>
            </TextLine>
            <TextLine id="tr_1_tl_14" custom="readingOrder {index:13;}">
                <Coords points="3863,2206 4055,2179 4166,2203 4292,2168 4408,2241 4438,2235 4440,2089 4379,2089 4280,2136 4207,2109 4152,2124 4117,2098 4000,2104 3959,2069 3936,2083 3866,2060"/>
                <Baseline points="3878,2160 3968,2160 4057,2160 4147,2160 4236,2160 4326,2154 4415,2154 4445,2160"/>
                <TextEquiv>
                    <Unicode>di'un'in</Unicode>
                </TextEquiv>
            </TextLine>
            <TextLine id="tr_1_tl_15" custom="readingOrder {index:14;}">
                <Coords points="3845,2343 5181,2308 5354,2404 5966,2354 6150,2416 6150,2150 6054,2136 5707,2255 5184,2255 4922,2141 4680,2217 3845,2191"/>
                <Baseline points="3860,2309 3950,2309 4039,2315 4129,2315 4218,2315 4308,2315 4397,2303 4487,2297 4576,2297 4666,2303 4755,2309 4845,2303 4934,2303 5024,2303 5113,2303 5203,2303 5292,2303 5382,2309 5471,2303 5561,2303 5650,2297 5740,2303 5829,2303 5919,2309 6008,2309 6098,2315 6157,2327"/>
                <TextEquiv>
                    <Unicode>Amelie this. Dies were and t - me</Unicode>
                </TextEquiv>
            </TextLine>
            <TextLine id="tr_1_tl_16" custom="readingOrder {index:15;}">
                <Coords points="3909,2500 4289,2591 6162,2564 6162,2410 5966,2354 5532,2459 5076,2375 4849,2442 4735,2381 3909,2433"/>
                <Baseline points="3926,2494 4015,2500 4105,2506 4194,2506 4284,2506 4373,2506 4463,2500 4552,2500 4642,2500 4731,2500 4821,2506 4910,2506 5000,2506 5089,2506 5179,2506 5268,2506 5358,2506 5447,2506 5537,2512 5626,2512 5716,2512 5805,2512 5895,2518 5984,2524 6074,2524 6163,2524 6169,2524"/>
                <TextEquiv>
                    <Unicode>mindest dindit quele bien féliebler.</Unicode>
                </TextEquiv>
            </TextLine>
        </TextRegion>
        <TextRegion id="tr_2" custom="readingOrder {index:1;}">
            <Coords points="3884,2629 6259,2629 6259,4049 3884,4049"/>
            <TextLine id="tr_2_tl_1" custom="readingOrder {index:0;}">
                <Coords points="3880,2760 4510,2681 5502,2777 6144,2719 6124,2573 5041,2544 4875,2611 3877,2521"/>
                <Baseline points="3896,2679 3985,2679 4075,2685 4164,2685 4254,2691 4344,2685 4433,2679 4523,2679 4612,2679 4702,2679 4791,2685 4881,2691 4970,2691 5060,2697 5149,2703 5239,2703 5328,2697 5418,2691 5507,2691 5597,2685 5686,2691 5776,2691 5865,2697 5955,2703 6044,2691 6134,2691 6152,2691"/>
                <TextEquiv>
                    <Unicode>Tulk. M. huise dir - he durth it</Unicode>
                </TextEquiv>
            </TextLine>
            <TextLine id="tr_2_tl_2" custom="readingOrder {index:1;}">
                <Coords points="3892,2882 5712,2955 6238,2885 6235,2763 6141,2728 5981,2798 5181,2728 4397,2786 4260,2699 3889,2763"/>
                <Baseline points="3908,2858 3997,2864 4087,2864 4176,2864 4266,2864 4355,2864 4445,2870 4534,2870 4624,2870 4713,2876 4803,2876 4892,2882 4982,2882 5071,2882 5161,2882 5250,2882 5340,2882 5430,2876 5519,2870 5609,2876 5698,2876 5788,2882 5877,2882 5967,2882 6056,2882 6146,2882 6235,2882 6241,2882"/>
                <TextEquiv>
                    <Unicode>Ue bei vier ist Schuld.. 11 fast cent</Unicode>
                </TextEquiv>
            </TextLine>
            <TextLine id="tr_2_tl_3" custom="readingOrder {index:2;}">
                <Coords points="3869,3043 4936,3145 5511,3139 5634,3066 6156,3171 6156,2955 5946,2923 5581,2990 5298,2894 4680,2985 4365,2874 3869,2918"/>
                <Baseline points="3884,3037 3974,3043 4063,3043 4153,3043 4242,3043 4332,3043 4421,3037 4511,3037 4600,3037 4690,3043 4779,3043 4869,3043 4958,3043 5048,3043 5137,3043 5227,3043 5316,3043 5406,3043 5495,3043 5585,3049 5674,3043 5764,3043 5853,3043 5943,3043 6032,3043 6122,3049 6163,3043"/>
                <TextEquiv>
                    <Unicode>Amel. Trost sollst d freres. Ich is</Unicode>
                </TextEquiv>
            </TextLine>
            <TextLine id="tr_2_tl_4" custom="readingOrder {index:3;}">
                <Coords points="3933,3288 4475,3200 5937,3262 5937,3151 5663,3095 4890,3165 4656,3084 3933,3128"/>
                <Baseline points="3950,3234 3974,3228 4063,3228 4153,3222 4242,3222 4332,3210 4421,3204 4511,3198 4600,3198 4690,3198 4779,3198 4869,3204 4958,3204 5048,3204 5137,3204 5227,3210 5316,3204 5406,3210 5495,3210 5585,3210 5674,3210 5764,3210 5853,3204 5943,3210"/>
                <TextEquiv>
                    <Unicode>Ges. nicht nie verl. Vergange</Unicode>
                </TextEquiv>
            </TextLine>
            <TextLine id="tr_2_tl_5" custom="readingOrder {index:4;}">
                <Coords points="3907,3478 4420,3381 5952,3422 5995,3221 5546,3332 5275,3230 4971,3343 4490,3200 4260,3285 3909,3276"/>
                <Baseline points="3922,3439 3938,3437 4027,3419 4117,3413 4206,3401 4296,3389 4385,3383 4475,3377 4564,3377 4654,3377 4743,3377 4833,3377 4922,3377 5012,3371 5101,3371 5191,3371 5280,3371 5370,3377 5459,3377 5549,3371 5638,3371 5728,3371 5817,3371 5907,3365 5996,3365"/>
                <TextEquiv>
                    <Unicode>frs.. In Vergouverteil gegenüber</Unicode>
                </TextEquiv>
            </TextLine>
            <TextLine id="tr_2_tl_6" custom="readingOrder {index:5;}">
                <Coords points="3886,3644 5126,3536 5855,3635 6051,3577 6054,3440 5485,3466 5044,3384 4741,3454 4592,3387 3889,3495"/>
                <Baseline points="3902,3592 3914,3592 4003,3586 4093,3580 4182,3568 4272,3568 4361,3562 4451,3562 4540,3556 4630,3556 4719,3550 4809,3550 4898,3550 4988,3544 5077,3538 5167,3538 5256,3532 5346,3532 5435,3532 5525,3538 5614,3538 5704,3544 5793,3544 5883,3544 5973,3544 6062,3550"/>
                <TextEquiv>
                    <Unicode>steln.. hier erst... Bistdi slad</Unicode>
                </TextEquiv>
            </TextLine>
            <TextLine id="tr_2_tl_7" custom="readingOrder {index:6;}">
                <Coords points="3880,3799 5963,3813 5998,3609 3886,3641"/>
                <Baseline points="3896,3783 3944,3771 4033,3759 4123,3753 4212,3747 4302,3741 4391,3729 4481,3729 4570,3735 4660,3729 4749,3735 4839,3735 4928,3735 5018,3729 5107,3723 5197,3717 5286,3711 5376,3705 5465,3705 5555,3705 5644,3705 5734,3705 5823,3711 5913,3717 6002,3729"/>
                <TextEquiv>
                    <Unicode>suivis-ci si entreres... des-</Unicode>
                </TextEquiv>
            </TextLine>
            <TextLine id="tr_2_tl_8" custom="readingOrder {index:7;}">
                <Coords points="3974,3956 4204,3907 4292,3953 4405,3892 4662,3962 4904,3979 4904,3802 4785,3766 4735,3804 4537,3825 4295,3772 4236,3822 3974,3787"/>
                <Baseline points="3991,3902 4015,3902 4105,3896 4194,3884 4284,3878 4373,3878 4463,3884 4552,3890 4642,3890 4731,3890 4821,3890 4910,3896"/>
                <TextEquiv>
                    <Unicode>it also sein.</Unicode>
                </TextEquiv>
            </TextLine>
            <TextLine id="tr_2_tl_9" custom="readingOrder {index:8;}">
                <Coords points="3909,4026 6255,4064 6255,3886 5817,3837 4861,3988 3909,3915"/>
                <Baseline points="3926,4009 4015,4009 4105,4009 4194,4009 4284,4015 4373,4015 4463,4021 4552,4027 4642,4039 4731,4039 4821,4033 4910,4039 5000,4033 5089,4033 5179,4033 5268,4027 5358,4027 5447,4027 5537,4027 5626,4027 5716,4021 5805,4021 5895,4021 5984,4027 6074,4027 6163,4033 6253,4033 6259,4033"/>
                <TextEquiv>
                    <Unicode>Talt. Neu- und sein Hinterbikkober</Unicode>
                </TextEquiv>
            </TextLine>
        </TextRegion>
    </Page>
</PcGts>
