3624 4152
2947 372 3075 579 86
896 526 1611 768 Seraphine Max.
890 681 3150 919 Seraphine: Sie können überzeugt sein, der Papa
913 858 2344 1050 kommt heute nicht mehr zurück.
902 992 2385 1227 Seraphine ist Maxens Vertraute,
908 1088 3240 1350 Er sagt ihr, dass er entschlossen ist von Aurelie
922 1289 3200 1472 sich zu trennen. Er erträgt dieses dister-schick
922 1440 1990 1658 salshafte Wesen nicht.
910 1579 2452 1801 Er spricht heute auch von Judit,
931 1705 3162 1931 Er hat an Auvelie einen Abschiedsbrief geschrie
940 1865 3191 2086 ben, und hat die bestimmte Absicht morgen ab
948 2112 1390 2266 zureisen.
954 2167 2536 2394 Er liest Seraphine den Brief vor.
1006 2286 3043 2539 Seraphine: Sie werden ihn ja doch nicht ab
980 2554 1425 2711 schöcken.
989 2557 3313 2830 Sie schlägt ihm vor, dass sie selbst gleich jetzt
995 2760 3048 3008 den Brief aufgeben werde. Sie geht und Max
1004 2967 2010 3159 bleit bl allein zurück.
1018 2938 3360 3278 Zu Beginn des Bildes müsste Silberstein dagewesen
1021 3179 2531 3473 sein. Kriegsberichterstatter
