3576 4392
2881 552 2982 734 29
961 731 3266 896 Aurelie: Ich würde dem Ton der Hirtenflöte nicht
376 821 836 973 Aufleichtert doch,
346 937 857 1042 mit - weil ich die
967 893 1310 1054 folgen.
367 1012 812 1122 Scheile hele in
964 994 2994 1182 Graf: Wenn ich es aber verlangte, Aurelie.
358 1081 869 1200 Den sehen, das
364 1164 776 1278 dir gefahre.
1498 1116 3084 1346 (lieur est qu'il être. Champagne s'hust...
355 1227 958 1343 & wk. - Rellen
325 1307 898 1448 Mr den Huber l
967 1269 3316 1525 Silberstein, kommt dazu. Guten Abend Herr Graf.
370 1424 863 1552 is dir, nicht
331 1490 925 1687 das selber selbst.
1295 1516 1394 1633 ?
973 1510 1233 1645 Graf:
970 1576 3036 1791 Sibberstein: Sie kennen mich nicht mehr Herr
970 1710 2704 1961 Graf, Silberstein.- stellt sich vor
973 1872 3185 2078 Graf: Erlauben Sie Baronesse, Dr. Sibberstein,
979 2006 3197 2206 Aurelie Baronsse von Heidenflug. Ich habe Ihnen
982 2131 3385 2367 von Doktor Silberstein erzählt. Wir sind in Zeylon
561 2322 824 2460 I have
991 2301 2495 2519 zusammengetroffen.
1000 2451 3137 2689 Silbers’t; Jawohl Baronsesse, es war ein
475 2451 857 2579 es rès -.
1731 2445 1937 2546 !
1000 2567 3084 2797 wunderbarer Tag. Der Graf war zu seinem ver
1012 2663 3215 2958 gnügen dort und ichmals Berichterstatter meiner
633 2734 854 2878 Vert.
1021 2800 3242 3110 Zeitung. Es gab nämlich einen Aufstand auf der
1042 3092 3346 3418 Doch ich bin Ihnen Aufklärung schuldig, Herr Graf
1033 3101 1355 3263 Insel.
1057 3266 3233 3528 dass ich Sie ansprach. Es verbreitet sich das
1066 3361 3242 3704 Gerüct, dass der prinz sein Schloss und seinen
1081 3528 3104 3854 Park dem Comitee zum Geschenk gemacht habe.
