6936 4312
2161 251 3122 484 der diei ich wohl Frau
3600 275 6204 574 Reci. Lui qui sont de je suis. Nie un en ou de fédent
453 323 677 481 15
1085 354 3342 598 sechle seit - Geboh us wilxene
3720 495 5396 697 eine arste Leben ist in weis -
1182 543 3215 763 (so yetre in aller)... in cera
2806 697 3280 800 in-tey
3648 622 6241 907 Palk.  Weis dort    Sct wilt heeft wint [illegible] Enneming
1116 718 3390 907 Talk. Relleil de D. il a pril. - sekleut
3737 814 6077 979 in einem Tisch sta - at wit einem traind.
1099 883 2064 1065 did
3737 982 6142 1219 ter hunsch ist ein dienstige Gast. A konk
1151 1034 2566 1206 On he was with leheer
3689 1134 6063 1384 un de weils de selver an den Post pr.
1103 1213 3023 1357 teilt. Weiss selbe nicht in de
3737 1305 6046 1556 Nun in debr weit beitre beschlei er hebt.
1151 1333 3160 1529 Am. Was ist der weis Freund -
1079 1518 3191 1735 (Oh, it i eifs - / - km - him fort in
3710 1494 6101 1766 Cen. Eriuvez sur lespeuiter. La décèté
5098 1673 6465 1858 I have been to be in
1096 1673 2769 1855 hier u kon gleich selt.
3803 1680 4435 1869 weit, be
5489 1766 6190 1910 près de si Général.
3748 1772 6042 2102 salt. Vor jemant hat ik heim August 4a Febr
1199 1845 1920 1996 teilte. Zellt
6197 1845 6595 2027 Fol. July
1206 1930 3239 2130 Au: "I lu dessin - Tui die Ense-
6114 1985 6685 2126 one as in Velke.
3754 1975 6111 2226 thos unce stadte in at Eriuney -i we sche and
6162 2071 6671 2250 her half.
1254 2068 3171 2291 des vertinde. Le kéme mais elle
6159 2164 6547 2319 twint.
3754 2130 4579 2298 at in train...
1223 2229 3164 2490 amte - Gleichl die letzt-det
6176 2250 6609 2384 Inventi.
6228 2329 6554 2435 Neul.
3768 2284 6107 2556 Cn. - Vers hinebst de wint, Satherin.
6217 2404 6709 2563 in a case of in
1182 2477 1841 2631 dut het
6365 2494 6650 2669 will.
3768 2446 6039 2727 Talt: Nein: I his dear dein. Kei wel
1192 2583 3373 2734 Falk wenig auf je. V. Meuht. die
3758 2611 6248 2879 (one des igles) - Abe... all he due as willich
1192 2748 3274 2913 de s'en dez Tous résent hellert
3840 2782 5702 3043 res-ce de de tervale heure.
1178 2958 2092 3129 Abei. an 11 das
3827 2944 5170 3160 Héteur
3796 3040 6386 3291 Cavec. Hintricht auch hinein... Ich will will
1223 3109 2322 3239 Aus Los ick -.
1261 3219 3256 3404 talt. Wei liegt ich: Rudel lt
3820 3219 6111 3462 salk I st will him Belivy &c. I will do
3964 3370 6149 3576 The Coelt will unter laisses... for the
1295 3418 3298 3607 liegen - liebter wieder Welt.
3837 3562 6595 3737 An. 1st habe kein schwerigt hinvani    uit schöner
1213 3603 3246 3754 herihal heim gelover - je. 2
5888 3658 6427 3792 in de Feud
3840 3648 6193 3906 salt Glaubt die 2. Leistenwaldsch. den
1240 3754 3280 3888 hal i une alle geeft. - ainsi
3954 3809 5455 4002 Schmied die schwühren
1305 3878 2707 4040 Avez Th in dl un pet
2896 4019 3109 4115 " ou
1384 4057 2301 4139 Au un ame..
