3432 4152
172 304 2779 580 Ich schon die. Wie di absterst, nie ich gelebt
175 508 2413 787 habe. Und das ich muss ge. sa ver¬
204 758 917 1027 Mühle est
1017 713 2542 1001 you.. Il sollt hier
227 887 2500 1166 ter nicht verlassen. Eine Keltin
1866 1095 2358 1325 pardant
266 1114 1801 1402 in her J. L. Kan-
272 1308 2465 1561 to Mr - abe - was [illegible] hard.
191 1500 2465 1804 Se. hi ne saat di ugulli plut
191 1704 2319 2050 be heri in. La ca. Tollhert
402 1911 2552 2257 seliebt bald. Ehe ist nicht nicht
243 2154 2374 2533 men. Ich ceciß j. is tali on
369 2432 1150 2678 verührt.
282 2575 2487 2899 Se. has verscherd - : In vol
389 2876 1360 3087 doch nicht ja.
667 3035 2484 3284 S. bei welt ist das fest
275 3028 628 3323 lien.
334 3193 2254 3501 gl in die... Cl - ich werth
337 3391 2348 3699 weil dir zusambleibben. Es ver¬
1985 3521 2529 3899 à tenir
998 3644 1785 3828 n'recht.
311 3605 790 3870 "   A
1950 3857 2180 3980 2
340 3822 1642 4013 lat mit seit die
