3880 4184
1124 502 2895 714 Man nimmt unser Geld nicht mehr.
1131 683 3441 839 Ambros zu Max: Geben Sie Axht, dass Sie nicht
1127 800 3257 1029 der Teufel holt wie den Don Juan. Reisen
1131 977 1513 1127 Sie ab.
1115 1238 3480 1507 Im ersten Akt will Gysareschon Aurelie malen.
1106 1578 3272 1774 Der Staatsanwalt ist dabei wie Westerhaus
1118 1728 2491 1942 seine Frau übel behandelt.
1685 1991 2053 2102 Demeter
1100 2034 3557 2252 Eine Szene Rætter, Wüli, Staatsanwalt.
1088 2307 3465 2503 Max hat in Wien die zerrisseniste Zeit seines
1097 2491 3217 2681 Lebens verbracht in Sehsucht nach Judith
