3192 4168
878 531 2904 750 Max Was missen Sie schon erlebt haben! Er
917 661 1221 761 sahler.
881 687 2820 897 zähe an Sie mir Ihre geschichte, Judit. Es
863 842 2750 1077 muss die wudervollste Geschichte von der
865 975 2799 1161 Welt sein. Wer war -hr erster geliebter?
865 1103 2802 1357 Judit: Ich hab noch keinen gehabt.. Noch
842 1252 2922 1469 nicht einmal geküsst hab ich. Alles ist auf
855 1404 1268 1579 bewahrt.
849 1539 2823 1817 Max: süsses Kind, Sie wissen nicht
836 1707 1526 1903 was sie reden.
826 1840 2878 2049 Judit: ich weiss alles ganz genau. Ich hab
823 2010 2925 2235 mich geprüft, man wirft sich nicht weg, wenn
818 2149 2781 2363 man so grosse Dinge vor hat wie ich. Ich
826 2284 2810 2530 will die berühmteste Kokotte der Gegenwart
821 2457 1189 2606 werden.
821 2554 2893 2807 Max: Es wird Ihnen nicht gelingen, denn Sie
818 2731 1364 2935 haben Herz.
836 2852 2065 3082 Judit: Was für ein Irrtum.
813 2995 2674 3225 Mad: Wenn ich Ihnen sagte, Judit, ich
829 3139 2656 3385 bringe mich vor Ihren Augerum, wenn Sie
810 3293 1725 3495 nicht mein werden..
815 3437 2086 3649 Judit: Versuchen Sies doch.
