3592 4328
1483 237 2282 447 Rissens in he woll
993 365 2901 612 Erding. Für sei vahal Stuh
1151 506 3157 773 with. Das ist vier, eenig.
983 664 3210 977 "2 k lesse wenn seneil ent u 1 huf
1036 809 3134 1144 is chaffen of lis inl de Reine a
1102 980 3151 1306 Aertin. Gegen Abend. Vyter sitt
1118 1171 3230 1526 in Trubilich.- Leider gute Behone
2180 1345 2749 1477 acceßant
1066 1368 3269 1615 Es verwirkt seh nicht zu reiden.
658 1394 1039 1654 lunit
2460 1500 2943 1638 The Pieter
1085 1513 3358 1835 I will. for him it at-
1171 1717 3180 1990 Ambos. - - Iil last we
661 1855 3305 2161 ant  - Ouf Wieden - Prung Cadten. -
950 1934 1082 2069 bre
809 2134 1020 2286 in
1138 2217 3226 2476 Ardin    We had
1095 2404 3220 2651 even him, in he was and de hugue
1112 2585 2572 2812 meubli. ait en pae teri-
1148 2749 2503 2953 Ambrn. at K Hofnari
1184 2861 3325 3151 Curtin, hie he wollen - drei Sie sich.
1227 3160 1838 3328 si tragen.
1191 3203 3351 3503 Bube. Die wird 1 1 gel Ihnen
1168 3410 3328 3697 den jul Kalls - geben Sie auch Ihr tchef
1207 3562 3164 3831 in u verpond. auf die Guell.
1223 3762 2161 4081 Taltemer
