<?xml version="1.0" encoding="UTF-8" standalone="yes"?>
<PcGts xmlns="http://schema.primaresearch.org/PAGE/gts/pagecontent/2013-07-15" xmlns:xsi="http://www.w3.org/2001/XMLSchema-instance" xsi:schemaLocation="http://schema.primaresearch.org/PAGE/gts/pagecontent/2013-07-15 http://schema.primaresearch.org/PAGE/gts/pagecontent/2013-07-15/pagecontent.xsd">
    <Metadata>
        <Creator>prov=READ-COOP:name=TrHtr:version=2.1.0:model_id=51170:date=29_07_2023_21:37</Creator>
        <Created>2023-05-10T13:14:55.983+02:00</Created>
        <LastChange>2023-07-29T21:37:34.220+02:00</LastChange>
        <TranskribusMetadata docId="1428570" pageId="55410270" pageNr="74" tsid="131464719" status="IN_PROGRESS" userId="64420" imgUrl="https://files.transkribus.eu/Get?id=PKNXIKFPDVUFJYAWJBBAPFUF&amp;fileType=view" xmlUrl="https://files.transkribus.eu/Get?id=OGBOJSSYMLEFQSGGSLVZSCDV" imageId="44684413"/>
    </Metadata>
    <Page imageFilename="1428570_0074.jpg" imageWidth="3608" imageHeight="4216">
        <ReadingOrder>
            <OrderedGroup id="ro_1711793209896" caption="Regions reading order">
                <RegionRefIndexed index="0" regionRef="tr_1"/>
                <RegionRefIndexed index="1" regionRef="tr_2"/>
            </OrderedGroup>
        </ReadingOrder>
        <TextRegion id="tr_1" custom="readingOrder {index:0;}">
            <Coords points="540,851 3376,851 3376,2273 540,2273"/>
            <TextLine id="tr_1_tl_1" custom="readingOrder {index:0;}">
                <Coords points="1061,958 2303,989 2638,943 2598,809 2357,863 2242,791 1901,863 1061,809"/>
                <Baseline points="1077,901 1122,901 1167,904 1212,904 1257,907 1301,910 1346,910 1391,910 1436,910 1480,913 1525,913 1570,913 1615,913 1660,916 1704,916 1749,916 1794,916 1839,919 1884,916 1928,916 1973,916 2018,919 2063,919 2108,919 2152,922 2197,922 2242,922 2287,922 2331,922 2376,925 2421,925 2466,925 2511,925 2555,928 2600,931 2645,931"/>
                <TextEquiv>
                    <Unicode>Seraphine, Elisabet, der Neutnant</Unicode>
                </TextEquiv>
            </TextLine>
            <TextLine id="tr_1_tl_2" custom="readingOrder {index:1;}">
                <Coords points="1061,1138 1514,1098 1807,1141 1915,1067 2635,1127 2635,1024 2377,966 2205,1027 1058,986"/>
                <Baseline points="1077,1059 1122,1056 1167,1056 1212,1056 1257,1062 1301,1059 1346,1059 1391,1059 1436,1062 1480,1062 1525,1065 1570,1062 1615,1065 1660,1065 1704,1068 1749,1065 1794,1065 1839,1065 1884,1068 1928,1068 1973,1068 2018,1068 2063,1068 2108,1068 2152,1068 2197,1068 2242,1068 2287,1068 2331,1068 2376,1068 2421,1068 2466,1068 2511,1071 2555,1071 2600,1074 2639,1083"/>
                <TextEquiv>
                    <Unicode>Der Vater ist in Verlust geraten.</Unicode>
                </TextEquiv>
            </TextLine>
            <TextLine id="tr_1_tl_3" custom="readingOrder {index:2;}">
                <Coords points="1058,1279 3014,1250 3014,1156 2612,1127 2027,1184 1058,1130"/>
                <Baseline points="1074,1215 1119,1212 1164,1215 1209,1215 1254,1215 1298,1215 1343,1215 1388,1215 1433,1215 1477,1215 1522,1215 1567,1215 1612,1215 1657,1215 1701,1215 1746,1215 1791,1215 1836,1215 1881,1215 1925,1215 1970,1218 2015,1218 2060,1221 2105,1218 2149,1221 2194,1221 2239,1221 2284,1221 2328,1218 2373,1218 2418,1215 2463,1215 2508,1218 2552,1218 2597,1218 2642,1218 2687,1218 2732,1221 2776,1218 2821,1218 2866,1218 2911,1218 2955,1221 3000,1224 3021,1227"/>
                <TextEquiv>
                    <Unicode>Man ist entschlossen nach Hause zu gehen.</Unicode>
                </TextEquiv>
            </TextLine>
            <TextLine id="tr_1_tl_4" custom="readingOrder {index:3;}">
                <Coords points="1067,1405 3372,1402 3372,1302 3094,1250 1067,1276"/>
                <Baseline points="1083,1358 1128,1358 1173,1358 1218,1361 1263,1361 1307,1361 1352,1361 1397,1358 1442,1361 1486,1361 1531,1361 1576,1364 1621,1367 1666,1367 1710,1364 1755,1364 1800,1364 1845,1364 1890,1361 1934,1361 1979,1364 2024,1364 2069,1364 2113,1364 2158,1361 2203,1361 2248,1361 2293,1361 2337,1361 2382,1358 2427,1358 2472,1358 2517,1361 2561,1361 2606,1361 2651,1361 2696,1361 2740,1361 2785,1361 2830,1358 2875,1361 2920,1361 2964,1364 3009,1361 3054,1361 3099,1358 3144,1358 3188,1361 3233,1358 3278,1355 3323,1355 3368,1361 3376,1361"/>
                <TextEquiv>
                    <Unicode>Jetzt erscheint Max. Er überreicht Seraphine die</Unicode>
                </TextEquiv>
            </TextLine>
            <TextLine id="tr_1_tl_5" custom="readingOrder {index:4;}">
                <Coords points="1058,1557 1187,1540 1273,1577 1454,1523 1660,1577 1743,1548 1743,1445 1718,1437 1655,1460 1571,1439 1408,1460 1299,1428 1242,1460 1179,1428 1058,1425"/>
                <Baseline points="1074,1510 1119,1507 1164,1510 1209,1510 1254,1510 1298,1510 1343,1510 1388,1510 1433,1507 1477,1510 1522,1510 1567,1513 1612,1513 1657,1516 1701,1516 1746,1519 1749,1519"/>
                <TextEquiv>
                    <Unicode>Fliederzweige.</Unicode>
                </TextEquiv>
            </TextLine>
            <TextLine id="tr_1_tl_6" custom="readingOrder {index:5;}">
                <Coords points="1050,1706 3146,1683 3146,1526 3060,1508 1052,1597"/>
                <Baseline points="1068,1663 1092,1663 1137,1660 1182,1660 1227,1663 1271,1663 1316,1663 1361,1663 1406,1663 1451,1669 1495,1663 1540,1663 1585,1660 1630,1660 1675,1660 1719,1660 1764,1660 1809,1663 1854,1663 1898,1663 1943,1663 1988,1663 2033,1663 2078,1660 2122,1657 2167,1657 2212,1657 2257,1657 2302,1657 2346,1654 2391,1654 2436,1657 2481,1654 2526,1654 2570,1651 2615,1651 2660,1651 2705,1651 2749,1651 2794,1648 2839,1648 2884,1648 2929,1651 2973,1651 3018,1648 3063,1642 3108,1642 3153,1645"/>
                <TextEquiv>
                    <Unicode>Lustiges gespräch, in dessen Verlauf Eligius</Unicode>
                </TextEquiv>
            </TextLine>
            <TextLine id="tr_1_tl_7" custom="readingOrder {index:6;}">
                <Coords points="1055,1867 3005,1838 3169,1812 3169,1692 1055,1743"/>
                <Baseline points="1071,1812 1116,1812 1161,1812 1206,1812 1251,1812 1295,1812 1340,1812 1385,1812 1430,1812 1475,1812 1519,1812 1564,1809 1609,1809 1654,1809 1698,1806 1743,1809 1788,1806 1833,1809 1878,1809 1922,1812 1967,1812 2012,1809 2057,1809 2102,1806 2146,1803 2191,1800 2236,1800 2281,1800 2325,1800 2370,1800 2415,1800 2460,1800 2505,1797 2549,1797 2594,1797 2639,1794 2684,1794 2729,1791 2773,1794 2818,1791 2863,1788 2908,1791 2952,1788 2997,1791 3042,1788 3087,1782 3132,1782 3176,1782"/>
                <TextEquiv>
                    <Unicode>Fenz erscheint von irgend einem Abenteuer be</Unicode>
                </TextEquiv>
            </TextLine>
            <TextLine id="tr_1_tl_8" custom="readingOrder {index:7;}">
                <Coords points="637,1904 665,1904 685,1884 734,1924 768,1913 794,1933 843,1904 895,1915 898,1809 860,1798 837,1815 826,1804 783,1824 746,1827 705,1789 680,1795 642,1781"/>
                <Baseline points="653,1878 680,1875 725,1872 770,1869 815,1869 859,1866 904,1863"/>
                <TextEquiv>
                    <Unicode>Euraflt</Unicode>
                </TextEquiv>
            </TextLine>
            <TextLine id="tr_1_tl_9" custom="readingOrder {index:8;}">
                <Coords points="1058,2010 3192,1967 3194,1864 2538,1827 1482,1930 1061,1858"/>
                <Baseline points="1074,1961 1092,1961 1137,1961 1182,1964 1227,1964 1271,1964 1316,1964 1361,1961 1406,1961 1451,1961 1495,1964 1540,1961 1585,1958 1630,1955 1675,1955 1719,1952 1764,1952 1809,1952 1854,1952 1898,1952 1943,1952 1988,1952 2033,1952 2078,1949 2122,1946 2167,1946 2212,1946 2257,1943 2302,1943 2346,1943 2391,1940 2436,1940 2481,1937 2526,1937 2570,1937 2615,1937 2660,1937 2705,1937 2749,1934 2794,1934 2839,1931 2884,1931 2929,1931 2973,1928 3018,1928 3063,1928 3108,1928 3153,1928 3197,1934"/>
                <TextEquiv>
                    <Unicode>rauscht. Im Verlauf der weitern Unterhaltung</Unicode>
                </TextEquiv>
            </TextLine>
            <TextLine id="tr_1_tl_10" custom="readingOrder {index:9;}">
                <Coords points="525,2019 579,1996 596,2007 639,1993 688,1996 734,2027 814,1984 855,1993 857,1904 840,1901 800,1933 766,1913 743,1927 708,1910 694,1921 674,1898 634,1927 608,1907 588,1927 528,1915"/>
                <Baseline points="540,1970 552,1967 597,1964 641,1961 686,1958 731,1958 776,1955 821,1955 865,1958"/>
                <TextEquiv>
                    <Unicode>in sein</Unicode>
                </TextEquiv>
            </TextLine>
            <TextLine id="tr_1_tl_11" custom="readingOrder {index:10;}">
                <Coords points="1061,2145 3249,2122 3315,2004 1064,2019"/>
                <Baseline points="1077,2110 1083,2110 1128,2110 1173,2113 1218,2113 1263,2116 1307,2116 1352,2113 1397,2110 1442,2110 1486,2110 1531,2108 1576,2108 1621,2108 1666,2108 1710,2105 1755,2102 1800,2102 1845,2102 1890,2099 1934,2099 1979,2099 2024,2099 2069,2099 2113,2099 2158,2093 2203,2096 2248,2096 2293,2093 2337,2090 2382,2087 2427,2084 2472,2084 2517,2084 2561,2081 2606,2081 2651,2081 2696,2078 2740,2078 2785,2075 2830,2075 2875,2072 2920,2072 2964,2069 3009,2069 3054,2069 3099,2066 3144,2063 3188,2063 3233,2060 3278,2063 3323,2066"/>
                <TextEquiv>
                    <Unicode>wird Max aufgefordert das Haus Fenz zu besuchen.</Unicode>
                </TextEquiv>
            </TextLine>
            <TextLine id="tr_1_tl_12" custom="readingOrder {index:11;}">
                <Coords points="1093,2305 2939,2274 3186,2237 3192,2105 1098,2174"/>
                <Baseline points="1110,2260 1134,2260 1179,2260 1224,2260 1268,2263 1313,2260 1358,2257 1403,2254 1448,2254 1492,2254 1537,2254 1582,2254 1627,2254 1672,2254 1716,2251 1761,2248 1806,2248 1851,2248 1896,2245 1940,2245 1985,2245 2030,2245 2075,2242 2119,2248 2164,2242 2209,2239 2254,2236 2299,2233 2343,2233 2388,2230 2433,2227 2478,2227 2523,2224 2567,2224 2612,2221 2657,2221 2702,2221 2746,2218 2791,2215 2836,2215 2881,2212 2926,2212 2970,2209 3015,2209 3060,2209 3105,2206 3150,2203 3194,2206"/>
                <TextEquiv>
                    <Unicode>Die andern gehn, aber M/ax bleibt zurück, er</Unicode>
                </TextEquiv>
            </TextLine>
        </TextRegion>
        <TextRegion id="tr_2" custom="readingOrder {index:1;}">
            <Coords points="1080,2299 3332,2299 3332,3560 1080,3560"/>
            <TextLine id="tr_2_tl_1" custom="readingOrder {index:0;}">
                <Coords points="1072,2440 3263,2406 3289,2288 1075,2343"/>
                <Baseline points="1089,2412 1098,2412 1143,2412 1188,2412 1233,2412 1277,2412 1322,2409 1367,2406 1412,2406 1457,2406 1501,2403 1546,2403 1591,2400 1636,2397 1681,2397 1725,2397 1770,2397 1815,2394 1860,2394 1904,2391 1949,2391 1994,2391 2039,2388 2084,2385 2128,2385 2173,2385 2218,2382 2263,2382 2308,2379 2352,2379 2397,2379 2442,2379 2487,2379 2531,2373 2576,2370 2621,2367 2666,2367 2711,2364 2755,2364 2800,2361 2845,2358 2890,2358 2935,2355 2979,2355 3024,2355 3069,2355 3114,2355 3159,2355 3203,2352 3248,2349 3293,2349"/>
                <TextEquiv>
                    <Unicode>will Judit noch einmal sehen. Der Park soll ja</Unicode>
                </TextEquiv>
            </TextLine>
            <TextLine id="tr_2_tl_2" custom="readingOrder {index:1;}">
                <Coords points="1061,2627 1391,2584 1540,2644 1732,2589 2093,2629 2125,2489 1629,2457 1331,2518 1064,2500"/>
                <Baseline points="1080,2564 1095,2561 1140,2561 1185,2561 1230,2561 1274,2561 1319,2561 1364,2561 1409,2558 1454,2555 1498,2552 1543,2549 1588,2549 1633,2546 1678,2543 1722,2543 1767,2543 1812,2540 1857,2537 1901,2537 1946,2537 1991,2537 2036,2534 2081,2534 2125,2537"/>
                <TextEquiv>
                    <Unicode>schon gesperrt werden.</Unicode>
                </TextEquiv>
            </TextLine>
            <TextLine id="tr_2_tl_3" custom="readingOrder {index:2;}">
                <Coords points="1084,2885 2131,2925 2853,2839 3255,2911 3323,2893 3326,2721 3103,2681 2876,2756 2652,2690 1706,2804 1471,2724 1285,2799 1087,2707"/>
                <Baseline points="1101,2872 1137,2872 1182,2869 1227,2869 1271,2869 1316,2869 1361,2869 1406,2866 1451,2866 1495,2863 1540,2863 1585,2863 1630,2863 1675,2860 1719,2860 1764,2860 1809,2860 1854,2857 1898,2857 1943,2857 1988,2854 2033,2854 2078,2854 2122,2851 2167,2851 2212,2848 2257,2848 2302,2845 2346,2845 2391,2845 2436,2848 2481,2848 2526,2848 2570,2848 2615,2848 2660,2845 2705,2842 2749,2842 2794,2839 2839,2842 2884,2839 2929,2839 2973,2839 3018,2839 3063,2839 3108,2836 3153,2836 3197,2833 3242,2830 3287,2830 3332,2827"/>
                <TextEquiv>
                    <Unicode>Vielleicht auch noch Silberstein, der dann auch</Unicode>
                </TextEquiv>
            </TextLine>
            <TextLine id="tr_2_tl_4" custom="readingOrder {index:3;}">
                <Coords points="1095,3034 1396,3025 1480,3045 1511,3025 1609,3065 1772,3022 1775,2942 1680,2954 1591,2928 1537,2959 1422,2965 1098,2942"/>
                <Baseline points="1110,3021 1152,3021 1197,3021 1242,3018 1286,3018 1331,3018 1376,3018 1421,3015 1466,3015 1510,3015 1555,3015 1600,3012 1645,3012 1689,3012 1734,3015 1779,3018"/>
                <TextEquiv>
                    <Unicode>entfernt wird.</Unicode>
                </TextEquiv>
            </TextLine>
            <TextLine id="tr_2_tl_5" custom="readingOrder {index:4;}">
                <Coords points="1110,3214 1634,3134 1898,3203 2179,3146 2741,3200 2936,3140 3071,3180 3071,3106 2813,3042 2245,3103 1107,3037"/>
                <Baseline points="1125,3120 1170,3117 1215,3120 1260,3129 1304,3129 1349,3129 1394,3132 1439,3132 1483,3129 1528,3129 1573,3129 1618,3132 1663,3132 1707,3135 1752,3135 1797,3135 1842,3135 1887,3138 1931,3138 1976,3141 2021,3141 2066,3141 2110,3141 2155,3141 2200,3141 2245,3141 2290,3138 2334,3138 2379,3138 2424,3135 2469,3135 2514,3135 2558,3135 2603,3135 2648,3135 2693,3135 2738,3138 2782,3138 2827,3138 2872,3141 2917,3138 2961,3138 3006,3138 3051,3141 3075,3144"/>
                <TextEquiv>
                    <Unicode>sans erachte ou jeunes tout à du Jugeur. de</Unicode>
                </TextEquiv>
            </TextLine>
            <TextLine id="tr_2_tl_6" custom="readingOrder {index:5;}">
                <Coords points="1181,3315 1362,3266 2652,3315 2813,3306 2813,3243 2371,3194 1738,3229 1551,3146 1179,3192"/>
                <Baseline points="1197,3266 1242,3263 1286,3263 1331,3263 1376,3263 1421,3263 1466,3260 1510,3260 1555,3260 1600,3263 1645,3263 1689,3266 1734,3266 1779,3266 1824,3269 1869,3269 1913,3269 1958,3272 2003,3275 2048,3278 2093,3281 2137,3284 2182,3284 2227,3287 2272,3290 2317,3296 2361,3293 2406,3293 2451,3290 2496,3290 2540,3290 2585,3290 2630,3290 2675,3293 2720,3293 2764,3293 2809,3296 2818,3299"/>
                <TextEquiv>
                    <Unicode>alle Frawe einen rinblieren scheine.</Unicode>
                </TextEquiv>
            </TextLine>
            <TextLine id="tr_2_tl_7" custom="readingOrder {index:6;}">
                <Coords points="1336,3464 1537,3484 1764,3401 1870,3447 2423,3467 2595,3412 2724,3432 2724,3341 2521,3306 2423,3352 1984,3364 1878,3295 1560,3326 1333,3272"/>
                <Baseline points="1349,3400 1394,3400 1439,3400 1483,3400 1528,3403 1573,3403 1618,3400 1663,3397 1707,3391 1752,3394 1797,3397 1842,3400 1887,3397 1931,3394 1976,3397 2021,3397 2066,3400 2110,3400 2155,3400 2200,3403 2245,3403 2290,3406 2334,3406 2379,3400 2424,3400 2469,3400 2514,3403 2558,3403 2603,3403 2648,3403 2693,3406 2732,3409"/>
                <TextEquiv>
                    <Unicode>Senz, Silberstein, Mas¬</Unicode>
                </TextEquiv>
            </TextLine>
            <TextLine id="tr_2_tl_8" custom="readingOrder {index:7;}">
                <Coords points="1606,3633 2257,3584 2360,3642 2452,3602 2449,3458 2371,3441 2274,3473 2159,3435 1872,3447 1764,3404 1603,3424"/>
                <Baseline points="1618,3529 1663,3529 1707,3529 1752,3532 1797,3532 1842,3535 1887,3535 1931,3535 1976,3538 2021,3538 2066,3535 2110,3535 2155,3535 2200,3538 2245,3538 2290,3541 2334,3541 2379,3544 2424,3550 2457,3547"/>
                <TextEquiv>
                    <Unicode>lieber zuführung</Unicode>
                </TextEquiv>
            </TextLine>
        </TextRegion>
    </Page>
</PcGts>
