6968 4376
513 299 812 463 112
577 502 833 741 110
1293 509 3216 751 Sie werde gleich hören...
1204 684 3472 873 feiht der habenkt ist ihr d. Jch wollt aufs
1168 844 2037 1036 dit mille tover.
1239 944 3283 1197 gile. Vatefl. hi-sa deck d'un de viele
1264 1129 3444 1360 bekentat e etwa t hille ick slad.
1396 1268 3351 1442 his Juhre.  Und was a heraishment
1229 1403 3308 1667 Jutl: A ist ihr wird herausetsen.
1232 1560 2461 1756 hat uit uitboren! -
1314 1702 2315 1916 Julia Kriegst.
1343 1863 2518 2051 to ditt. The Capiteil...
1350 1976 3326 2226 Jule Eliz-fre - sie inne.. obere Augst....
1335 2169 1578 2279 her
1375 2190 3105 2411 I.d. hee hart de m'ilm - : Cnd
1382 2343 3333 2571 Int. 1 M betr die Wahl!  Ein Eberthau
1368 2539 2105 2678 nuit en vin
1417 2621 3323 2849 grt. Schuld her hartt wehr sich de
598 2664 1154 2885 Vulles nt
1435 2753 2329 2970 i enfin voil die..
570 2828 1264 2984 c est de Beamb.
1449 2888 3351 3116 Jull. Rev Tage u Tritst... ich bis het
602 2942 1236 3098 de uittheill, sef
620 3052 1100 3162 w hettet
1503 3052 2646 3248 nacht will in Henn.
637 3130 1161 3287 a n'y engehent
1485 3159 3198 3383 Zeit to weit schon – bilien -
673 3223 915 3390 hat.
1489 3323 2902 3536 tout de était résubredit.
1506 3494 3095 3743 Julie. Ist habe die Wahl!
6339 210 6581 377 111
3739 235 4377 424 (Ieverte Uhr.)
3657 360 4127 598 Kille Sieu
6214 356 6546 570 15710
4177 331 5053 620 Ne Leceptin
3832 527 6246 826 Ckleine Selon - Sise Eben. - Gente et (V. 182)
3657 655 6222 997 1 Elisabeth in kein dorf, in Grahilwein einzeln. – Kastins -
3686 887 5759 1186 Trei oder. Zweit die wir auch schreiben (Vappacht.
3679 1026 4501 1243 Elisibets. heleute
3647 1175 5324 1417 2. Bernd. V. ellen ist bereit. A de A.
5605 1122 6553 1531 Cine Hart, eue nope Hart
3665 1350 5374 1578 1. R. Unreidet auf den Land leben.
3657 1492 5399 1727 Seindorf. Es ist eine Stadt. Freilei.
3803 1624 4138 1774 Teapt.
3679 1638 6207 1902 2.  Frm  in abe wohl fest dess die dort in Heit ist
3682 1820 5004 2009 1. T. Beisend
3718 1969 6300 2140 21 hebdenit wenn B. eslingangewalt. depuis welc
3686 2137 6549 2283 niese werden. Einlaalen? „Heiß von Kostwill“ in Brantbell“.
3679 2236 6357 2543 Sles. his felices such twenty- horse put men in dort.
3800 2493 4875 2710 Ten weit de Firebri
3661 2664 5680 2920 Sue. Theömles at cracist and shd Elis.
3793 2877 6378 3098 Ferry..  He stène Reide jetzt schon. Ist will ne begeele
5951 3066 6535 3198 du Julien
3775 3070 6535 3340 1. Tr Elis nurk uit slorf soht fertig werken. ers verlei¬
6054 3219 6485 3383 in the
3811 3241 5452 3490 Tein. Lef rüs... ich begleite...
6029 3333 6389 3543 1 bal
4231 3408 5833 3615 (Teur mit der Korne ab.) -
