6824 4296
3517 240 5007 498 2. Schöne Freilie – Archie.
183 329 387 612 8
3642 415 5666 731 Couhri Versetui-clepit in ungemelde
3599 630 5472 938 eintule. Cunctie?..- Palis!..A.
3613 709 4570 960 Amel. Wir heil hie
3596 913 5809 1193 Anträ J. seit heubmorgen war: - -luch.
3631 1064 6128 1483 -di nicht verwalt.. Taksi... der große Meister! -
3613 1178 5923 1576 Stuvelis.. Lievit... Hatte wis glaript, die
3574 1418 5916 1744 kennst - nicht nahe - Sie hatten wird der
3578 1586 4097 1801 nichtet.
3642 1740 5927 2102 Esch. Knittel ich    I
3613 1941 6095 2328 Amel.  To present it he?..  I doch to did out
3563 2048 4720 2374 deinen rechte schrift.
3592 2220 5952 2586 Ardin... Noch will fertig.... Ich over....cowe...
3599 2521 5709 2758 nicht. zeit ich an Teich.... und du¬
5905 2536 6507 2747 oder: wenn wir
5891 2682 6493 2836 begegnete talhenier.
3624 2625 5612 2937 Fall: Quid die Türstin spracht, ich schon...
6056 2801 6468 2922 out it alle¬
3631 2822 5547 3119 Selri. Barmin Amelie - p.
6081 2876 6353 3030 wir
3617 3005 6142 3291 such. The bodelle nite wohl.. der bar heute
3603 3187 6475 3499 " die nacht in Garten.. Ob man weiss  (saster with
3599 3334 5644 3664 Salvi. Und weisser gut nicht nicht.
5966 3438 6414 3667 allein —
3624 3545 6124 3878 Aine. Entmorgen, mal treue. Nur ein besserst
1257 3997 2006 4140 par une
