6856 4216
1067 266 3226 471 Palkenier. Ich könnte ne besser... Seil ne
1128 407 3337 636 setzten lebl in auf dem Land: ein zuweile
1115 542 3240 711 auf Stegritt bei der Türstinnen. Ich habe nie
1138 717 3293 889 at rie 12 jahre weg - gulden. Vours
1091 855 3263 1051 lebte der Elle noch. Erae in den sch
1074 1010 3293 1253 (at it in Elters trenntus). Als de Ba
1128 1185 3179 1350 -den kere pueil Reimberg crichors -
1138 1347 3293 1525 und der die heute es it selbst unbrachte.
1219 1478 3246 1694 Suol du Wiltw ais - beseille
1212 1643 3253 1906 ders we will hist aif né
1199 1829 2027 1977 bekomt. -
1243 1906 3192 2189 du lus. Iil habe Amelie en cum
1165 2152 3186 2377 nal oelles as ien Cheut -be a
1169 2303 3270 2546 tiuitié - abé ich kaumt hi lange
1283 2647 3202 2866 nein jetzt war - nie eine durch
1270 2822 3098 3139 sich ergeillich konnte, nässt
1246 3011 2768 3266 Sie sein, - welche in uns -
6405 249 6560 465 175
3580 259 3758 482 16.
3819 263 5152 471 Arthin Ambros, telheme)
3741 384 5422 697 Ein Trasten cessen des Blut fr.
3741 566 5088 812 Amliebende den Teich. -
3735 711 4795 966 Cadie. Cierelie!
3724 862 5772 1162 Aurelie. Güte sibend (Allen die Hand.
3751 1098 6011 1293 Es ist leitenwohl). Aber ist bis, der Land¬
3778 1229 5499 1428 Ihr konntet und alle nicht -!
3778 1364 5779 1627 Ambre même est en M hanastr, Amali
3745 1512 6260 1768 Euvelio ten id his d. wenn trist zu helles...
3785 1707 5994 1943 Berlin hri hant gesählt, bewehr -? -
3758 1909 6466 2152 Amclie. Tit habe glaahlt... Salterius (Sie wie es
3755 2047 6159 2303 den ich meine Haar verd. (Sie- im Hens)
3819 2256 5758 2478 Talbeme (hust l di Ha. -
3896 2448 5799 2711 Ambis - Gut Mesucher - theil
4102 2600 4856 2758 time. Sil wth
3913 2664 5940 2940 Aulon liber hi wohl. Amelie -
3974 2839 5560 3071 Amili. Auftrievaschen!
4233 3051 6280 3334 Sow a Liebte nach verschreibe
4341 3233 5287 3495 Seiten ab.
