3304 4184
708 553 1639 782 Aurelie und der Graf
2008 628 2805 949 Dann Aurelie ihn ge-
705 732 1767 940 Der Graf versteht nicht
708 892 1139 1068 wählt hat
1520 1032 2463 1208 ihm seine Hypochondr:
1083 1038 1467 1211 verweist
699 1038 1038 1229 Aurelie
2749 1047 3026 1261 in der
1809 1160 2633 1354 des Ruhms ud nicht
1544 1178 1684 1342 sei.
1220 1181 1514 1351 an der
732 1190 1202 1377 will nicht
2785 1244 2963 1398 mit
2556 1252 2689 1422 wi
717 1348 2276 1520 Seite der blitzenden Jugend leben
726 1371 3020 1666 dem Grafen auf dem Land, im kleinen Sehloss ihrer
723 1612 2561 1797 Eltern als kleine Gutsbesitzerin leben.
723 1657 2990 1961 Der Graf erklärt ihr, dass gerade die Angst vor
744 1821 2841 2091 dem Leben, das Bewusstsein, dass sie sich ge
756 2011 2960 2240 fährdet fühlt sie veranlasst sich in seine Arme
759 2127 3156 2407 zu retten, wo sie sich geschützt wähnt. Er bedeutet
768 2291 2838 2535 für sie ni hit das feben, sondern die Rettng
776 2511 1464 2719 vor dem Leben.
794 2579 2916 2853 Ueberdies die Erinnerung seiner eigenen ver -
797 2710 2927 3034 gangenheit erscheint er sich fast wie ein Be
872 2993 2993 3299 Aurelie versichert ihn, dass sie ihn geradeso
818 3020 1139 3186 trüger
836 3186 3052 3463 liebt wie er ist, dass sie sich nach nichts an
845 3403 1360 3609 derm sehnt.
