3400 4168
309 261 741 464 & C.
1454 280 1734 461 Am
3044 267 3184 426 6
2100 359 2819 604 (Cunête wlle)
3013 423 3219 633 1614
289 429 1657 617 12. “Cinelie-telheures.-
2243 515 2869 700 or in.
388 547 1374 722 tres une très.
289 671 2758 910 Teux Co has) Wir lasse in terephine yber. - he
293 821 2586 1040 coup de sa l'au potise très colle.
337 980 2869 1234 you I do. nt sich. nchoue
363 1145 2214 1403 Falk tien lut Herr Feuy
363 1362 1953 1575 Mas. - l'uil of tulgerle
359 1390 2621 1721 Talk. Gut dary - He v Kamley - in
369 1705 1915 1890 bey ich dort sei - - u
337 1864 2895 2116 Noe Covel. Seit mir an Vart & Kön.Fertin
363 2087 792 2271 toutes
401 2144 2224 2405 liche das mit ein lasse Zent.
452 2341 2803 2577 here. Teas. heim Torbe quill in there of
477 2535 2733 2749 Her Bern. he wird he nd jener,
429 2672 2959 2936 he had the lmeet beirober I and in a
2539 2800 3044 2949 in it when
455 2879 2854 3159 Talt. J - irr gnd. Chirel-
423 3146 2904 3337 Her Heil and peu, in nedirmich
414 3286 2698 3534 Talt. C. be. de Herri i ai un
534 3534 2555 3763 wenn in wollte will die¬
359 3700 1696 3983 her bleibt antsteh
1851 3751 2838 4034 Auf Gedankt.
1893 3903 2513 4050 but to it.
