3688 4200
2935 446 3063 662 17
1198 613 3068 828 Sat: Wasch mich nicht rein, Schw sterl.
1176 792 3218 966 Elis: Wir können doch jetzt davon reden, da
1179 926 3155 1124 Papa nicht mehr da ist. Papa ist ein Lamp.
1187 1094 3112 1247 Und nebstbei hat er eigentlich nicht viel
1179 1217 3330 1383 Talent. Kunstlernatur ja, aber kein Künstler
1214 1375 3115 1519 Hast Du ihn spielen gesehen, Rudolf? Er
1187 1525 3357 1677 kriegt ja jetzt nur kleine Rollen, schon wegen
1195 1661 3226 1830 seines Gedächtnisses. Schrecklich. Vor zehn
1190 1816 3166 1960 Jahren solls ja besser gewesen sein.. Frei
1195 1963 3213 2102 lich haben wir damals noch nichts davon ver
1192 2124 3188 2254 stande. Aber Seraphine hat einen fond. Ich
1190 2227 3262 2377 glaube sie ist geschaffen eine tüchtige Haus
1195 2352 3101 2586 frau zu werden, eine tüchtige Hausmutter,
1190 2507 3207 2695 trotz ihres Geigenspiels und ihrer Talents.
1190 2687 3213 2845 Ser: Ja Elisabet da könntest Durecht haben,
1187 2812 3354 3000 gewissermassen. Zur Hausmuttr weiss ich nicht.
1187 2938 3128 3120 Zur Mutter ja. Ach, ein Kind haben. Aber
1198 3063 3384 3292 den rechten Vater dazu. Das unüberlegt man sichs.
1244 3256 3286 3403 Elis: sie missen kein so verlegenes gesicht
1192 3373 3147 3561 schen, Rudolf. In unserer Familie war der
1206 3564 3240 3735 Ton immer etwas frei. Denken Sie sich, dass
