3464 4152
2525 498 2667 667 10
1915 619 2878 818 Wesen. Sie sind ein
864 673 1000 849 as
1024 667 1105 843 B
855 782 3129 954 Kind", bemerkte ich, und ich wette, dass Sie in
837 954 3092 1111 ein paar Jahren verheiratet und die bravste Frau
821 1099 2984 1280 von der Welt sein werden.“ Warum ich ihr das
879 1262 3044 1434 te, weiss ich eigentlich nicht. Es war wol nur
2120 1380 2470 1483 in tren
885 1389 3092 1598 eine Art, Konversation zu machen. Hätte sie mir
1670 1543 2174 1640 my getteilt
852 1561 3077 1773 als ihre Absicht gestanden, eine treue deutsche
830 1730 3062 1906 Hausfrau zu werden, so hätte ich ihr wahrschein-
882 1894 3017 2066 lich erklärt, dass sie zur Dirne geboren sei.
1090 2035 2978 2235 "Votten Sie nicht", erwiderte sie ernst.
2993 2132 3096 2356 .S.
876 2223 2890 2416 “Sie worden verlieren.“ Damit war dieses Ge-
879 2350 3017 2531 spräch vorläufig abgebreshen. Ver redsten dann
900 2467 3322 2679 von allerlei andern ganz harmlosen Dingen, wie Amst
855 2679 3132 2854 anständige junge Leute, die von einer ehrbaren
873 2797 3041 2993 Familie auf einen Ausflug mitgenommen werden.
722 2972 3074 3150 Und Schliesslich sassen wir mit der ganzen Gesell-
912 3144 3056 3289 schaft um einen ungedeckten Tisch auf schmalen
858 3292 3162 3449 Holzbänken, tranken saure Mileh und assen Butter-
909 3401 2954 3591 bret; und zu unsern Füssen lag ein kleiner
882 3570 2896 3790 schwarzer See, auf dem einige Boote herumgl.
