3512 4168
833 619 3110 805 zu reden. Wenn ich ein Tagebuch führte, wäre die
836 776 2345 951 Sache vielleicht schon abgetan."
1100 908 3038 1088 „Sie müssen sich nicht entschuldigen", er-
859 1062 3121 1246 widerte ich. "Reden Sie nur. Und ich machte ihm
862 1186 3116 1392 Mut, indem ich hinzufügte: "Ich weiss von früher
905 1369 3024 1555 her, wie angenehm Sie zu plaudern verstehen.
914 1512 3205 1710 Und während unser Schiff mit regungsloser Sehnel-
871 1641 3090 1850 ligkeit immer tiefer in die helle Nacht hinein-
879 1810 2995 2010 glitt, begann er zu erzählen. Es ist bekannt,
2718 1916 2881 2005 "
885 1944 3124 2159 dass man sich Geschichten, die Minem Fuemde auf
891 2108 3070 2297 Reisen erzählen, immer buchstäblich merkt. Ich
936 2262 3116 2437 lasse daher Herrn von Rosenberg mit seinen ei-
945 2474 2045 2603 genen Vorten berichten.
1226 2537 3250 2749 Es sind heute noch keine acht Tage her,
922 2706 3222 2898 fing er an, dass ich auf der Terrasse des grossen
922 2887 3179 3047 Strandhötels in Ostende nach dem Diner meine Gi-
922 3021 3133 3207 garette rauchte. Die Dämmerung war nah. Ich be-
928 3156 3156 3345 fand mich ganz allein wie schon seit vielen Wo-
939 3328 3127 3565 ehen. In der ganzen Zeit hatte ich mit Niemand
