3576 4088
2940 549 3064 692 60
2611 685 3005 868 9/X. 904
682 803 3076 980 Lasst mich doch zufrieden mit euern Worten! Für tau-
729 949 980 1067 Dinge
685 1033 2968 1163 send habt ihr nur eines, für tausend Dinge, denen
685 1138 2977 1290 vielleicht zufällig ein Vorgang, eine Nichtigkeit
673 1330 2965 1451 irgend etwas höchst Unwesentliches gemeinsam ist.
670 1445 3011 1616 Und da mit ist alles erledigt. Ihr glaubt, nur das
667 1622 3011 1752 Wort ausspr ehen zu müssen und es sei irgend etwas
719 1752 1293 1938 damit getan.
670 1901 3070 2069 Ihr sprecht das Wort aus, atmet auf - alles ist er¬
704 2059 1061 2233 ledigt.
667 2211 3111 2366 Was wollt ihr von dem jungen Menschen? Was wisst ihr
667 2379 3067 2534 von ihm und von seiner Geliebten? Ihr wisst von den
670 2534 3154 2683 Leuten nicht mehr, als dass sie ihm ihre Jungfräulich-
664 2704 3064 2828 keit angeboten und dass er sie angenommen hat. Wenn
661 2835 2862 2999 Ihr aber das Wort "Verführung" aussprecht, was
651 2990 3138 3135 klingt da alles mit! Tausend Sehicksale, die ihr ver-
692 3132 2987 3303 nommen, von denen ihr gelesen, an denen Ihr viel-
645 3278 3107 3483 leicht selbst beteiligt wart, - oder besser: sollten
648 3455 3145 3619 mitklingen, Aber das Wert ist wie ein Trompetenstess,
