6904 4392
6297 262 6546 439 133
295 360 603 629 13.
6140 387 6579 645 9th 15
3676 426 4688 596 Mai - preclos. -
3640 495 5701 763 Mectes. Herr v. Reisesberg. Ein Trohenfolcker.
3627 668 4888 881 von Schise vorgen. hie
3630 708 6068 999 Mr. Cungesegrche Körte, Herr & Resubay.
3627 891 5828 1134 aller geregnet... Ich der Lust... die be¬
3676 996 5963 1242 moders bies... Sie bleibe lay. Hen & Reimb. -
3610 1215 5059 1435 chose nacht bestimmet...
4112 1255 6150 1589 Lie Töchli Brenand. - 14jets., fast ein kind.
3630 1376 3941 1576 Dank
3660 1533 4675 1786 Kilda. G. A. Ersch
3676 1645 5140 1871 Wits- Nein Tochterlei
3715 1818 4715 2044 Secr. Schönl.
3741 1792 6087 2228 Græt. Tiel den. Vater... dort... ein Schiff
4692 2018 6130 2215 (Heil de da Schiftstr weit -
3843 2133 4498 2336 saux cest.
3715 2251 4800 2506 Kirche..  traktaflig..
4377 2244 6199 2559 he reigers and, is and woll he
4377 2480 5222 2631 tly brices to him -
3755 2421 4393 2650 has. Wint.
3915 2493 6009 2814 anlegen... Ja übrige derkeit es sehr
3781 2654 5806 2965 der Präs Aitie.. und de Stellung
3784 2772 5842 3116 Geld. Ist sebe er iit auf Friviei¬
3886 3008 4639 3224 Uxredamt
3725 3060 6366 3358 Meck. Ode, Goldkne... Ja nur verschrie¬
3899 3171 6107 3479 det né auf Stunde... in Lüll.. Ce
3876 3293 6205 3643 nice.. Wo nicht.. de abs. it in it... so
3909 3492 6097 3817 glasbe in het Stellstit ein mit
3879 3751 4416 3928 Touvey
3850 3768 5638 4040 drey. Sie nehme sie so bin.
