3368 4136
177 276 1385 540 10. Ambassadeur
167 431 2131 681 Talk. modum erklère hi wis -.
2658 646 3047 842 to the
228 649 1375 855 Amelie ist très -t -
2600 784 3031 951 is here
215 813 1578 1032 Ambros. Je. n'e est bien
2616 903 3101 1096 I will
244 954 2156 1163 Felb -was aimehen hans it.
183 1134 2597 1408 Culm. Sie selbst ihn von Verleitweit
219 1414 572 1546 in
196 1475 2780 1719 Telt. kas soll? - ten aan handelte uit¬
238 1665 2494 1944 a soi eene schuhr -! - hi schuit nu
315 1899 954 2089 in eme -
206 2034 2491 2275 Julm. schale -clepe zu spät sind...
241 2217 1289 2439 so is - in he -
235 2291 2150 2587 Talk. Warrie vieuse hi is it ein
244 2439 2773 2777 Aulm. he will un alle Vuseste be-
267 2645 2603 2992 Es cas nicht schwer, alles u wertte.
276 2892 2671 3246 Sall. Was will de Bruxalie? - Arie das ist
254 3156 1687 3381 it woll aber nicht.
270 3207 2561 3535 Aulon. kein Burde. he hilve me p
395 3506 1507 3741 auch vielleicht.
273 3641 2520 3873 Talt bin aan ich ihn eben recht.
270 3850 2038 4014 nach der zu sie danklebt.
