3576 4200
792 635 3057 833 Mann, den Judith liebte... oder sagen wir lieber
2140 737 2713 847 welcheit in das
1208 769 1985 882 du erste du né
798 795 3077 964 beglückte. Und was mich anbelangt, so betete ich
812 943 2949 1159 sie an. Ich kann mir nicht helfen, es ist nun
847 1077 3028 1290 einmal so. Niemals werde ich diese Nacht verges
838 1217 3071 1467 sen. Das Zimmer, in dem wir ruhten, war sehr ge-
844 1377 3115 1584 räumig, die beiden Fenster standen offen, und
2550 1476 2891 1587 citer
1261 1523 1718 1718 retin
1703 1528 3007 1718 der ins Weite schauf, auf die
1048 1546 1231 1726 wie
847 1584 1007 1758 n
894 1689 3141 1884 mattglänzenden Känne der Wallen, ins tiefe Blau-
865 1840 3133 2044 schwarz des Himmels. Und wie leuchtete und dufte-
862 1980 3028 2157 te ihr Leibl so duften und leuchten nur junge
879 2105 3060 2329 Mädchen, die geborene Dirnen sind. Ach, es var
911 2277 3092 2475 nur eine Nacht!... nur eini... über in dieser
2285 2373 2571 2472 mich
897 2434 3106 2608 einen Nacht glaubte ich, dass noch viele andere
1857 2524 2376 2641 erwarteten
2626 2509 3202 2696 Auch Ihnen
929 2597 2582 2789 gebenso schöne Nächte von mir lägen.
1001 2696 2477 2920 wird es ja nicht unbekannt sein
1927 2696 3199 2903 ist, wie unglaublich dumm
1566 2783 1700 2914 nach
894 2905 3234 3080 wir Männer sind, wie wir immer und immer den sehn-
900 3025 3045 3208 stichtigen Seufzer eines schönen Weibs für den
900 3173 3121 3377 Seheur eviger Liebe halten und uns immer einbil-
902 3328 3220 3540 den, wir selber zu sein, wenn wir nichts bedeuten
923 3488 3130 3689 als ein eviges Prinzip, zu dessen Vertreter uns
