3576 4120
1136 664 2986 816 sie lehnte wieder in der Ecke des
1138 839 3045 961 Divans, und ihre Augen leuchteten. "Wenn
1141 1006 3118 1136 er nicht gekommen wäre, so ging' ich heute
1146 1113 1318 1199 wie
1146 1136 3123 1290 mit meinen Schwester im Klostergarten der
1153 1268 3169 1442 Ursulinerinnen zu Barcelona, unschuldig wie
1158 1450 3067 1589 sie, fern vom Rausch und Wirbel der Welt,
1158 1612 3065 1757 wunschlos und glücklich in stillen Baum-
1166 1777 3045 1909 gängen umher. Denn ein solches Leben war
1158 1906 3103 2048 mein innerster Beruf. Und nie hab' ich es
1179 2061 3067 2218 deutlicher gefühlt als heute. Jetzt kann
1191 2223 3143 2345 ich freilich nicht mehr zurück; denn jetzt
1186 2370 3194 2497 bin ich durstig, so durstic, dass überhaupt
2974 2449 3126 2548 Aber
1174 2515 3154 2644 nichts mehr meinen Durst stillen kann. Und
1181 2679 3077 2834 diese Sehnsucht ist in dem Augenblick in
1189 2814 3136 3022 mir erwacht, als mich ein Mann zum ersten
1184 2986 3090 3156 Mal in den Armen hielt. Jetzt bin ich ge-
1194 3105 3202 3316 peitscht und gehetzt, mein Blut ist in ewi-
1202 3242 3240 3437 gem Aufruhr. Ich weiss nicht, wonach ich am
1207 3410 3121 3584 heissesten verlange, und ich weiss nicht,
1222 3600 3121 3777 ob ich an meinem letzten Tanz, an meinen
