3528 4184
1090 599 1422 715 pagner.
1085 705 3106 924 eml- Danke Alldorf. Eben sage ich, dass
1058 929 3056 1066 Ihr beide meinem Herzen gleich nahe steht.
1053 1074 3145 1238 Seraphine und Elisabeth. Aber es lässt sich
1045 1201 3090 1396 nicht leugnen, in Elisabeht finde ich meine
1048 1370 2934 1536 verstorbene Fau wieder, die schon längst
1037 1517 1868 1697 der kühle Rasen.
1034 1636 3106 1831 Ser: Sagt man sowenig wie Fittge der wacht.
1127 1815 2694 1966 lehnt zurück mit lachenden Augen.
1045 1932 3122 2114 Herr: Aus Deinen Augen, Seraphine...leuch
1032 2090 2929 2272 tet mir meine eigene versunkene Jugend..
1034 2256 2963 2417 ach ja, Du wirst es vielleicht erfüllen.
1124 2367 3024 2578 er blickt zwei Damen nach, die gegen den
1021 2528 2129 2705 Teich hin verschwinden.
1032 2660 3098 2837 Ser : Papa ich will Dir was sagen. Du möch
1008 2757 3019 2974 tust und los sein. Gestehs. Du sehnst Dich
1021 2892 3058 3122 wieder einmal nach Abenteuern. Es wär auch
1021 3064 3137 3240 wirklich jammerschade, wenn so ein Fest ohne
1011 3193 3082 3380 ein Abenteuer zu ende ging. Ich möchte ei
