2981 4232
2052 535 2180 728 29
421 690 2224 903 Ich erwiderte nichts; sie hatte Recht.
447 842 2280 1043 Gegen Mittag verliess ich sie. Beim Ab-
205 1014 2510 1160 schied musst ich ihr versprechen, sie nicht mehr
196 1146 2449 1356 zu kennen. Und auch dieser Tag verging wie man-
228 1333 2554 1485 eher andere an der See. Ein wundervolles Bad, Hin-
199 1479 2508 1634 lagern im Sande, Frühstück auf der Terrasse, Lek-
210 1642 2557 1815 türe am Fenster, Diner im Hôtel, xxx Petitz chevau)
1897 1724 2125 1829 durch
205 1759 2344 1941 im Kursaal. Nur dass ich alles mehr träumte als
205 1952 2467 2090 ich es durchlebte. Und doch weiss ich alles sehr
2157 2046 2294 2110 mir
245 2063 2464 2244 deutlich; ich könnte Ihnen das Menu des Diners
216 2242 2478 2388 im Hôtel de la Plage aufsagen, die Øigarrenserte
1289 2335 1517 2437 pate
251 2391 2426 2519 nennen, die ich rauchte, und die Liffer meines
1716 2472 1815 2575 7
1862 2458 2563 2583 im alten Spinknerst
1461 2510 1564 2575 G. rn
225 2534 2253 2700 Spielgewinnstes - achtunddreissig Pranes. I
240 2636 2461 2838 hätten ein Recht gehabt, viel mehr zu gewinnen —
263 2803 2417 3001 oder zu verlieren. Bis nähe Mitternacht begeg-
202 2975 2379 3165 nete ich Judith nicht wieder Punkt swölf Uhr
278 3118 2394 3300 erblickte ich sie endlich; sie entfernte sich
216 3291 2259 3478 soeben aus dem Kursaal am Arme eines jungen
205 3449 2510 3612 Vanderbilt - es kann auch ein Gruld gewesen sein.
193 3560 2399 3820 Mir brach das Herz. Ich folgte den Beiden. Ich
