3592 4184
2507 342 2659 491 25
699 436 3042 705 sam: seitdem jenes Wort ausgesprochen war, schien
720 620 3071 866 sich allerlei verändert zu haben. Es war, als hät-
772 784 2992 1012 te Manches mitgeklungen, das tief in ihr geruht
766 927 3045 1144 hatte, ohne dass sie es ahnte. Wenigstens glaub-
743 1094 2954 1307 te ich, das mit untrüglicher Sicherheit zu emp-
740 1243 2931 1457 finden. Ja, mir war beinahe, als hätte sie mir
755 1386 2992 1620 ihre Jungfräulichkeit im Augenblick, da sie von
766 1562 2434 1787 ihr sprach, zum Geschenk angeboten.
1018 1711 3080 1904 - - - Nun schwieg mein Freund ziemlich lang.
799 1849 3022 2077 Unser Dampfer glitt weiter gegen Norden, und in
842 2001 3030 2205 nächtlicher Halle glänzte Himmel und Meer. Die
790 2144 2992 2390 meisten Reisenden waren schlafen gegangen, nur
819 2267 3045 2533 ein junges Paar ging auf dem Verdeck auf und ab
819 2448 3086 2714 und kümmert sich so wenig um Meer und Himmel als
816 2603 3027 2916 um uns. Und mein Freund sprach mit seiner ange-
872 2843 1884 3074 nehmen Stimme weiter:
1073 2875 3165 3150 Judith hatte die Wahrheit gesagt. Es war ein
872 3027 3124 3352 ... nun ja, ein unschuldiges junges Mädchen, das
848 3241 3001 3504 ich in den Armen hielt, und ich war der erste
