3016 4136
2242 414 2385 563 20
216 575 2400 744 fest ins Auge - "Sie in den Kursalon zu beglei-
1313 670 1934 773 er in der Filles¬
216 710 2290 851 ten - oder ins Hôtel, wo immer Sie mit Ihrer
213 882 2526 1037 Frau Schwester., oder Ihrem Herrn Schwager.. oder
218 1035 1704 1198 Ihrem Gatten Rendez-vous haben."
443 1132 2388 1310 Sie zuckte die Achseln und lächelte nicht
221 1276 2489 1477 einmal. "Wenn Sie mich in den Kursaal führen wol-
2017 1417 2538 1535 erinverte
207 1437 2477 1638 len, so bin ich Ihnen sehr verbunden,“ sagte sie
213 1606 2469 1767 kühl. "Es war ohnedies meine Absicht, den heuti-
216 1750 2520 1928 gen Abend dort zu verbringen. Dort trifft sich ja
216 1900 2431 2066 alles, nicht wahrt Lebemänner wie Sie und Frau-
227 2072 1052 2253 enzimmer wie ich.
451 2216 1273 2374 "Fräulein Judith!"
506 2377 785 2543 *Nun?
512 2503 2437 2667 "Ich verstehe Sie nicht, Fräulein Judith."
486 2655 2471 2796 Sie zog die Hand aus dem Wasser, hielt sie
224 2834 2469 2974 wagrecht über den Rand des Kahne hinausgestreckt
256 2963 2474 3130 und schien die Tröpfchen zu betrachten, die von
256 3104 2342 3244 ihren Fingern langsam herunterfielen. "Meine
193 3262 2319 3400 Schuld ist es doch nicht, wenn sie mich nicht
250 3471 2440 3655 verstehen. Ich denke, ich bin so deutlich gewe.
