6984 4408
6461 264 6704 412 121
405 329 716 585 126.
4727 318 5493 650 Sritter Citt
6371 423 6722 618 2/11 w
3899 578 6035 940 Bische (fern).. Park. Hobel (link). -
3964 871 5142 1052 Monsen décourering
3791 875 6458 1185 1. Jorth in has an letter – (in the Balkon)
3863 1146 5384 1377 Jurill. Hier gebetr, am I leider
3827 1301 5439 1507 Une. Musi es weitlich sein - :
3885 1417 6230 1623 zu M. Bez. borgen - sie med ei verwalt; jeneis
3845 1547 6310 1771 has. Aller, bloft bis nach. Und wein behr
3881 1709 4864 1857 frei – buch. D hin
3917 1821 5265 2024 Jurak. Ist hin, nicht mehr,
3910 1912 5478 2154 tres. Or tist alleen hier! -
3935 2038 6133 2331 zurück. Aber die warte: Heil ist der Tage
3939 2179 6516 2432 nen.  Weicuiss, ob das Schiff Bremen
3957 2324 5706 2566 Prusses - of uit chas deutl.
4008 2385 6653 2746 Dudet. hen & keid di sehen sein. (der pflich)
3964 2606 5500 2887 leas. Ihr liebet etc und
3946 2652 6584 3061 vaill Jdicidik hebe. Craincolsted nicht.
3935 2866 6263 3220 Es ist sein, schön reich, wiederhört und
3943 3083 6671 3361 Chas. Ebe an eine Crucke auch konnte und
4000 3274 6682 3549 Jedith drittlich. Wann wolle ich mittel. ich
3935 3444 5880 3693 Mär. Hert mit Grüßer
3928 3560 6830 3809 zurück. Verspiel ist die nicht... (hie ist diesermart)
3964 3740 6631 3925 lies. Carrie is nät.  Seit konnten tule
3802 3881 6086 4076 in the misverlesen. Wennest di¬
2544 4044 3140 4192 is in a
