6952 4376
1063 412 3332 631 to All day - so bald it dein. In hebe.. tot.. Ich
455 375 691 674 96
1140 558 3313 797 verstele. daß die Jäger st. beteben schließe
1116 767 3332 954 feile gehabt... Aber ia einer jesste ist er
1103 884 3339 1093 mit tost die elst heim geliebt... Und elui
1080 1007 3309 1233 hat hew wlebt. un est fêle. Da reifst d
1103 1170 3306 1366 hier eine beide auflauche.  Com de où tous dés
1153 1309 3296 1568 land in Kneil besil vergessen. La ce dit
1073 1435 3299 1731 not. In which he is an all at
1140 1618 3027 1894 (viter alle). Ihr Leiben nicht
1216 1751 3366 1990 Bile Nive in his dorth -! And -cie -.
1183 1970 3283 2190 W. Nicht et Bekler.. Reine Engisten
1296 2123 3342 2399 Neue Sorge. Für uns rettich noch zwei
1253 2276 3243 2505 we it lerseb wynhelfe.....  nd at
1266 2435 1831 2621 Actumt
1229 2542 3289 2814 get. Co an finen heben. dort.? - at i
1309 2771 1681 2944 dien
1243 2851 3173 3093 do. Suait was it selbst gewent..
1332 3007 1884 3213 mit dir
1302 3120 2432 3349 Jul. leur cas - :
1292 3220 3266 3505 ev. Jeelen geb. Morgen... Wiebe
1379 3445 2306 3625 Lem Cinssbuch
1352 3532 3332 3834 Jule. Es loett went - 2 chitefles.
1482 3784 2369 3990 & will
1319 3857 3220 4133 Mr. Bedenl. ce qui c'est. En serait
1409 4073 1871 4223 “
6402 262 6652 565 9th
3658 352 4987 591 auf tellere Weg get wilt.
3668 492 6339 787 Julia. til derbe og hein provis... heves- ternes. Wiemendes.
3665 648 4642 847 bei.. Joachim Zösen
3645 817 5984 1047 W. his amptettins, at rais cene Reise - un heur
3701 954 4628 1136 Verleicht er erweit.
3695 1086 6186 1342 Jotis. Vortrefflent.    Un pettl?  Undann fait
3681 1299 5017 1498 soll nicht eines, woll nah-
3658 1455 4681 1605 to. Nelurich witt.
3685 1508 6250 1778 Juli. Quod fut in all dieses.  Wie meut über.. Ich
3678 1651 6157 1930 toise ni.. all dies...    Andrombin.. can us
3631 1881 5230 2070 morges - Huit: Cleur wort:
3701 2020 4565 2206 he has not die.
3695 2103 6266 2386 Isle. Ist. liebe seit. Tudiese tufell tiet ich
3718 2346 4067 2512 dich -
3738 2482 4572 2648 to julie. -2
3731 2528 6359 2811 Guln. Aber are a es enterned. + all garten witt
3754 2781 4223 2954 nahr...
3734 2877 6213 3173 A. M. A. enttühr. Ich will in dein Brüai -
3741 3113 5549 3319 -dest. ewirz weiterhen -
3754 3249 4661 3512 Juli - geliebte...
3728 3452 5997 3734 ev. hin indalles jät. - (Erwer 1)
