6936 4280
6359 167 6613 402 at the
3581 281 4026 470 werden...
1069 315 3217 593 Febr. Kemer.. Hier von Reisibus meus
3600 389 4963 621 Cruelé. Virnite hé mis...
3600 510 6059 776 Salis. Nein es ist mit möglich sein man soll est.
1078 556 1557 742 tie -:-
1122 689 2796 896 Cumeli. Wie I there rest I ist.
3615 720 5000 952 Armelie.  Tiedstereicht Wie
1112 884 3062 1085 Tali. Das ist mir will recht. Tilk.
3674 800 5973 1131 Tabri. Eundmennet ihrer viertig
6013 958 6569 1134 très venir tie - :
1125 1023 3241 1261 it will leider.  Es gibt eine enisige
3693 1134 5927 1449 Es mussi ce cercle. de peines-ders gens
1109 1174 3275 1366 dere ick ein Urtheil entane. Tælterre
3683 1307 6010 1622 so sate, wie ich gewelt. - mit 400 Jahren
1134 1344 3183 1551 Amil. He ist will in Wien. and Der
1483 1496 1795 1653 sucip
3736 1477 6220 1767 Jahre echosius mirete – weil er 400 Jahr
1115 1526 3127 1743 Selvi, recier wohl einverl. geschwerten,
3693 1709 6084 1968 si quel ont dee Cœlt hin. u. das Orpues
1109 1737 2318 1937 Crivelie. Tresdiss
1168 1900 3285 2182 Salvi.   Man. ich hi will
3655 1907 5479 2200 nicht nicht zu sehen bekam! -
3702 2132 4969 2321 Einele. We citet he im
1187 2178 1876 2336 eingangen.
1227 2231 3139 2546 Aiele. Lollen wids sein lasse for
3739 2234 6041 2565 5 els.  Ouit we oufd heure a' hicoll
3785 2453 5945 2728 at veyem. Ia hil wllb d sen-
1177 2506 1579 2673 tente.
5380 2555 6569 2793 Hierherein du Waren
1255 2552 2855 2803 Tebrs. so ced ubel gelesen
3764 2645 4768 2874 de Rit. Un Bel
1239 2698 3346 3016 Aniebs. Der Kimmel verw. So get
3764 2818 4746 3053 Avril.
3825 2926 5788 3195 Telri - so : - (kmitlete)
1279 2960 2163 3195 selbunt als ge¬
2908 3065 3319 3260 I seeke
3847 3109 6081 3384 Auvelie. Oh... Er müsse wir die in
1344 3133 3340 3377 Patri Je die hare. her voyellut Renent
1412 3272 3316 3575 augenklich geschrienden... Wie soll
3909 3319 5500 3625 lassen... I. bewirferehrt.
3841 3424 5856 3727 Salvschen... Cunctu!...zuleiert.
1282 3445 3229 3705 men woles. so mes nicht kemit:-
1350 3662 2599 3915 Ainelie. Jst u. Schwe¬
3946 3612 6341 3964 Airet.... hinwieder sehen. V. Allemtt. - negst
1428 3810 3374 4002 Tiln. Wer uns theil in für ein Stil¬
1403 3980 2163 4116 to me —..
