3640 4152
1090 621 3240 842 Max ist eine Weile allein, Aurelie erscheint,
1084 788 3327 991 sie will zu ihrem Wagen, um nach Hause zu fahren.
1033 926 1822 1177 Kurzes Gespräch.
1039 1081 2717 1290 Max geleitet sie zum Tor des Paris.
1042 1257 3198 1442 Er hat die Absicht heute noch in den Praten zu
1048 1430 1410 1616 fahren.
1033 1553 3306 1741 Es könnte irgend eine geheimnisvolle Verbindung
1045 1690 3449 1890 zwischen Aurelie und Max bestehn durch den
1051 1813 2965 1971 Vater des Max, die Eltern der Barones###e.
1048 1965 3291 2204 Es endet damit, dass Aurelie und Max die schöne
1054 2090 3303 2353 Frühlingsnacht benützen, um mit einander in den
1048 2311 1884 2446 Prater zu fahren.
1066 2344 3306 2655 Ob nicht der Dichter selbst die Novelle von der
1111 2583 2508 2813 Hirtenflöte erzählen könnte..
