<?xml version="1.0" encoding="UTF-8" standalone="yes"?>
<PcGts xmlns="http://schema.primaresearch.org/PAGE/gts/pagecontent/2013-07-15" xmlns:xsi="http://www.w3.org/2001/XMLSchema-instance" xsi:schemaLocation="http://schema.primaresearch.org/PAGE/gts/pagecontent/2013-07-15 http://schema.primaresearch.org/PAGE/gts/pagecontent/2013-07-15/pagecontent.xsd">
    <Metadata>
        <Creator>prov=READ-COOP:name=TrHtr:version=2.1.0:model_id=51170:date=29_07_2023_21:38</Creator>
        <Created>2023-05-10T13:15:32.468+02:00</Created>
        <LastChange>2023-07-29T21:38:28.271+02:00</LastChange>
        <TranskribusMetadata docId="1428570" pageId="55411459" pageNr="265" tsid="131464957" status="IN_PROGRESS" userId="64420" imgUrl="https://files.transkribus.eu/Get?id=RODOAQWWGTJOWOFGSUAZGFZO&amp;fileType=view" xmlUrl="https://files.transkribus.eu/Get?id=GMQCISIFSDPNDLKGUFKEZJSQ" imageId="44685602"/>
    </Metadata>
    <Page imageFilename="1428570_0265.jpg" imageWidth="3880" imageHeight="4200">
        <ReadingOrder>
            <OrderedGroup id="ro_1711793439773" caption="Regions reading order">
                <RegionRefIndexed index="0" regionRef="tr_2"/>
                <RegionRefIndexed index="1" regionRef="tr_1"/>
            </OrderedGroup>
        </ReadingOrder>
        <TextRegion id="tr_2" custom="readingOrder {index:0;}">
            <Coords points="1232,541 3483,541 3483,1833 1232,1833"/>
            <TextLine id="tr_2_tl_1" custom="readingOrder {index:0;}">
                <Coords points="1241,640 3074,640 3164,615 3164,452 2094,486 2016,545 1755,452 1241,508"/>
                <Baseline points="1256,594 1301,594 1346,594 1391,594 1435,594 1480,594 1525,597 1570,594 1614,594 1659,597 1704,597 1749,591 1794,591 1838,591 1883,594 1928,594 1973,594 2017,597 2062,594 2107,594 2152,594 2197,594 2241,600 2286,600 2331,600 2376,600 2420,597 2465,600 2510,597 2555,597 2600,597 2644,597 2689,597 2734,597 2779,600 2823,600 2868,600 2913,597 2958,600 3002,600 3047,600 3092,600 3137,600 3170,597"/>
                <TextEquiv>
                    <Unicode>Antwort: Nicht nötig, die heiraten ja.</Unicode>
                </TextEquiv>
            </TextLine>
            <TextLine id="tr_2_tl_2" custom="readingOrder {index:1;}">
                <Coords points="1227,778 1432,823 1934,750 2313,795 2670,764 2670,713 2546,643 2305,693 2058,657 1496,693 1227,646"/>
                <Baseline points="1241,746 1286,746 1331,746 1376,746 1420,746 1465,743 1510,743 1555,743 1600,743 1644,746 1689,749 1734,749 1779,749 1823,746 1868,749 1913,746 1958,746 2002,746 2047,746 2092,746 2137,743 2182,746 2226,746 2271,746 2316,746 2361,746 2405,746 2450,746 2495,746 2540,749 2585,749 2629,752 2674,752"/>
                <TextEquiv>
                    <Unicode>Für alte Schauspielerinnen.</Unicode>
                </TextEquiv>
            </TextLine>
            <TextLine id="tr_2_tl_3" custom="readingOrder {index:2;}">
                <Coords points="1221,960 3478,924 3478,780 3352,823 3167,730 2049,845 1221,778"/>
                <Baseline points="1238,898 1283,895 1328,895 1373,895 1417,898 1462,898 1507,901 1552,901 1597,901 1641,901 1686,901 1731,901 1776,904 1820,907 1865,904 1910,904 1955,904 2000,904 2044,901 2089,901 2134,901 2179,901 2223,901 2268,901 2313,901 2358,901 2402,901 2447,904 2492,907 2537,907 2582,907 2626,907 2671,907 2716,904 2761,904 2805,904 2850,901 2895,901 2940,901 2985,904 3029,901 3074,904 3119,901 3164,901 3208,901 3253,901 3298,901 3343,901 3388,904 3432,904 3477,907 3483,910"/>
                <TextEquiv>
                    <Unicode>Nicht nötig, die spielen jugendliche Rollen.</Unicode>
                </TextEquiv>
            </TextLine>
            <TextLine id="tr_2_tl_4" custom="readingOrder {index:3;}">
                <Coords points="1241,1286 2692,1216 3114,1277 3470,1227 3470,1044 2833,1120 1241,1109"/>
                <Baseline points="1256,1202 1301,1202 1346,1202 1391,1202 1435,1205 1480,1205 1525,1205 1570,1202 1614,1205 1659,1205 1704,1205 1749,1205 1794,1205 1838,1205 1883,1208 1928,1205 1973,1205 2017,1205 2062,1202 2107,1202 2152,1202 2197,1205 2241,1202 2286,1205 2331,1202 2376,1205 2420,1208 2465,1208 2510,1208 2555,1211 2600,1208 2644,1208 2689,1208 2734,1208 2779,1205 2823,1205 2868,1202 2913,1202 2958,1205 3002,1202 3047,1205 3092,1208 3137,1208 3182,1205 3226,1205 3271,1205 3316,1205 3361,1205 3405,1208 3450,1211 3477,1217"/>
                <TextEquiv>
                    <Unicode>Max: Dir sagen sie wenigstens die Wahrheit.</Unicode>
                </TextEquiv>
            </TextLine>
            <TextLine id="tr_2_tl_5" custom="readingOrder {index:4;}">
                <Coords points="1216,1451 2243,1370 2979,1432 3257,1362 3431,1437 3431,1280 1216,1289"/>
                <Baseline points="1232,1355 1277,1355 1322,1355 1367,1358 1411,1358 1456,1358 1501,1358 1546,1358 1591,1358 1635,1358 1680,1358 1725,1355 1770,1358 1814,1358 1859,1358 1904,1358 1949,1358 1994,1358 2038,1361 2083,1361 2128,1358 2173,1358 2217,1358 2262,1358 2307,1358 2352,1358 2397,1358 2441,1358 2486,1358 2531,1355 2576,1358 2620,1358 2665,1361 2710,1358 2755,1358 2800,1358 2844,1358 2889,1358 2934,1358 2979,1361 3023,1361 3068,1361 3113,1361 3158,1361 3202,1364 3247,1361 3292,1361 3337,1361 3382,1358 3426,1358 3438,1355"/>
                <TextEquiv>
                    <Unicode>Der Freund: Du glaubst? Der Freund, das ist</Unicode>
                </TextEquiv>
            </TextLine>
            <TextLine id="tr_2_tl_6" custom="readingOrder {index:5;}">
                <Coords points="1230,1550 2819,1524 3389,1597 3389,1437 1230,1443"/>
                <Baseline points="1244,1507 1289,1507 1334,1510 1379,1510 1423,1513 1468,1513 1513,1513 1558,1510 1602,1513 1647,1513 1692,1510 1737,1510 1782,1510 1826,1510 1871,1513 1916,1510 1961,1513 2005,1513 2050,1516 2095,1516 2140,1513 2185,1513 2229,1513 2274,1513 2319,1513 2364,1513 2408,1513 2453,1513 2498,1513 2543,1513 2588,1516 2632,1516 2677,1516 2722,1516 2767,1516 2811,1516 2856,1516 2901,1513 2946,1513 2991,1513 3035,1513 3080,1513 3125,1513 3170,1516 3214,1516 3259,1513 3304,1513 3349,1513 3394,1513 3397,1513"/>
                <TextEquiv>
                    <Unicode>der, den sie anlügen und der gar nichts da</Unicode>
                </TextEquiv>
            </TextLine>
            <TextLine id="tr_2_tl_7" custom="readingOrder {index:6;}">
                <Coords points="1230,1699 3431,1707 3386,1572 1230,1583"/>
                <Baseline points="1244,1665 1286,1659 1331,1662 1376,1665 1420,1665 1465,1665 1510,1665 1555,1665 1600,1668 1644,1665 1689,1668 1734,1668 1779,1665 1823,1665 1868,1668 1913,1668 1958,1668 2002,1668 2047,1668 2092,1668 2137,1668 2182,1668 2226,1665 2271,1665 2316,1665 2361,1665 2405,1665 2450,1668 2495,1665 2540,1668 2585,1668 2629,1671 2674,1671 2719,1671 2764,1671 2808,1671 2853,1671 2898,1668 2943,1668 2988,1668 3032,1668 3077,1668 3122,1668 3167,1668 3211,1668 3256,1668 3301,1665 3346,1665 3391,1665 3435,1662"/>
                <TextEquiv>
                    <Unicode>von hat. Ich versichte dich, mit Wenne lies</Unicode>
                </TextEquiv>
            </TextLine>
            <TextLine id="tr_2_tl_8" custom="readingOrder {index:7;}">
                <Coords points="1235,1856 3428,1861 3428,1743 3181,1727 1235,1746"/>
                <Baseline points="1250,1820 1295,1820 1340,1820 1385,1817 1429,1817 1474,1817 1519,1820 1564,1820 1608,1820 1653,1820 1698,1820 1743,1820 1788,1820 1832,1820 1877,1820 1922,1820 1967,1820 2011,1820 2056,1820 2101,1823 2146,1823 2191,1823 2235,1823 2280,1823 2325,1820 2370,1823 2414,1823 2459,1823 2504,1823 2549,1823 2594,1823 2638,1823 2683,1820 2728,1823 2773,1823 2817,1820 2862,1820 2907,1820 2952,1820 2997,1820 3041,1820 3086,1823 3131,1820 3176,1820 3220,1820 3265,1820 3310,1820 3355,1820 3400,1817 3435,1820"/>
                <TextEquiv>
                    <Unicode>so ich mich anlügen, wenn ich sie dafür we</Unicode>
                </TextEquiv>
            </TextLine>
        </TextRegion>
        <TextRegion id="tr_1" custom="readingOrder {index:1;}">
            <Coords points="1214,1923 3453,1923 3453,3535 1214,3535"/>
            <TextLine id="tr_1_tl_1" custom="readingOrder {index:0;}">
                <Coords points="1227,2007 3434,2016 3434,1906 3282,1892 1227,1901"/>
                <Baseline points="1241,1976 1286,1973 1331,1976 1376,1976 1420,1976 1465,1976 1510,1976 1555,1973 1600,1976 1644,1976 1689,1976 1734,1976 1779,1976 1823,1976 1868,1976 1913,1976 1958,1976 2002,1979 2047,1979 2092,1979 2137,1979 2182,1976 2226,1976 2271,1979 2316,1979 2361,1976 2405,1976 2450,1976 2495,1976 2540,1976 2585,1976 2629,1979 2674,1979 2719,1979 2764,1976 2808,1976 2853,1979 2898,1979 2943,1976 2988,1979 3032,1979 3077,1982 3122,1982 3167,1982 3211,1982 3256,1979 3301,1979 3346,1976 3391,1976 3435,1976 3441,1976"/>
                <TextEquiv>
                    <Unicode>nigstens hätte, Dann sollen sie lügen. Den</Unicode>
                </TextEquiv>
            </TextLine>
            <TextLine id="tr_1_tl_2" custom="readingOrder {index:1;}">
                <Coords points="1218,2210 1350,2156 1819,2249 2103,2153 2589,2151 2760,2224 3032,2137 3355,2184 3422,2064 1729,2016 1218,2078"/>
                <Baseline points="1235,2134 1280,2137 1325,2137 1370,2134 1414,2134 1459,2131 1504,2131 1549,2128 1594,2128 1638,2128 1683,2131 1728,2131 1773,2131 1817,2128 1862,2128 1907,2134 1952,2134 1997,2134 2041,2134 2086,2134 2131,2134 2176,2131 2220,2131 2265,2134 2310,2134 2355,2137 2400,2134 2444,2134 2489,2134 2534,2134 2579,2131 2623,2131 2668,2134 2713,2131 2758,2131 2802,2131 2847,2131 2892,2134 2937,2134 2982,2134 3026,2134 3071,2134 3116,2134 3161,2134 3205,2137 3250,2137 3295,2134 3340,2131 3385,2131 3429,2131"/>
                <TextEquiv>
                    <Unicode>Augenblick lügen sie ja doch nicht aus der</Unicode>
                </TextEquiv>
            </TextLine>
            <TextLine id="tr_1_tl_3" custom="readingOrder {index:2;}">
                <Coords points="1221,2341 1247,2341 1261,2327 1286,2339 1339,2322 1387,2333 1423,2322 1446,2336 1494,2313 1491,2190 1463,2187 1393,2215 1328,2181 1305,2207 1269,2193 1221,2212"/>
                <Baseline points="1238,2283 1283,2280 1328,2280 1373,2280 1417,2283 1462,2283 1501,2283"/>
                <TextEquiv>
                    <Unicode>Welt.</Unicode>
                </TextEquiv>
            </TextLine>
            <TextLine id="tr_1_tl_4" custom="readingOrder {index:3;}">
                <Coords points="1210,2633 3102,2608 3102,2513 2847,2476 2490,2527 2181,2462 1210,2471"/>
                <Baseline points="1226,2597 1271,2594 1316,2594 1361,2591 1405,2591 1450,2591 1495,2594 1540,2594 1585,2594 1629,2594 1674,2594 1719,2594 1764,2591 1808,2591 1853,2594 1898,2594 1943,2591 1988,2594 2032,2594 2077,2594 2122,2594 2167,2594 2211,2597 2256,2597 2301,2597 2346,2597 2391,2597 2435,2597 2480,2597 2525,2594 2570,2594 2614,2594 2659,2594 2704,2597 2749,2597 2794,2597 2838,2597 2883,2594 2928,2597 2973,2594 3017,2591 3062,2594 3107,2597"/>
                <TextEquiv>
                    <Unicode>Ambros: Jeder Mensch, der in der Welt</Unicode>
                </TextEquiv>
            </TextLine>
            <TextLine id="tr_1_tl_5" custom="readingOrder {index:4;}">
                <Coords points="1216,2799 1651,2754 2555,2858 3445,2754 3195,2647 1216,2676"/>
                <Baseline points="1232,2743 1277,2743 1322,2743 1367,2743 1411,2746 1456,2746 1501,2746 1546,2746 1591,2746 1635,2746 1680,2746 1725,2749 1770,2752 1814,2752 1859,2752 1904,2752 1949,2755 1994,2752 2038,2755 2083,2752 2128,2752 2173,2755 2217,2755 2262,2755 2307,2758 2352,2755 2397,2755 2441,2752 2486,2752 2531,2752 2576,2752 2620,2752 2665,2752 2710,2752 2755,2752 2800,2752 2844,2752 2889,2752 2934,2752 2979,2752 3023,2752 3068,2755 3113,2755 3158,2755 3202,2752 3247,2752 3292,2752 3337,2749 3382,2749 3426,2746 3453,2743"/>
                <TextEquiv>
                    <Unicode>herumläuft, ist ja eigentlich eine Indiskre-</Unicode>
                </TextEquiv>
            </TextLine>
            <TextLine id="tr_1_tl_6" custom="readingOrder {index:5;}">
                <Coords points="1218,3018 1370,2990 1412,3010 1491,3007 1485,2833 1443,2822 1381,2841 1277,2796 1241,2822 1213,2819"/>
                <Baseline points="1232,2898 1277,2898 1322,2898 1367,2901 1411,2901 1456,2901 1495,2904"/>
                <TextEquiv>
                    <Unicode>tion.</Unicode>
                </TextEquiv>
            </TextLine>
            <TextLine id="tr_1_tl_7" custom="readingOrder {index:6;}">
                <Coords points="1204,3203 3299,3260 3299,3099 3091,3069 2650,3161 1951,3088 1735,3161 1204,3122"/>
                <Baseline points="1220,3202 1265,3205 1310,3208 1355,3208 1400,3211 1444,3208 1489,3205 1534,3208 1579,3211 1623,3211 1668,3208 1713,3211 1758,3211 1802,3211 1847,3208 1892,3208 1937,3211 1982,3211 2026,3208 2071,3208 2116,3208 2161,3211 2205,3211 2250,3211 2295,3211 2340,3214 2385,3214 2429,3211 2474,3211 2519,3211 2564,3211 2608,3211 2653,3214 2698,3211 2743,3211 2788,3211 2832,3211 2877,3211 2922,3211 2967,3211 3011,3211 3056,3211 3101,3211 3146,3211 3191,3211 3235,3208 3280,3211 3307,3214"/>
                <TextEquiv>
                    <Unicode>Judith: Es ist möglich, dass viele Männer</Unicode>
                </TextEquiv>
            </TextLine>
            <TextLine id="tr_1_tl_8" custom="readingOrder {index:7;}">
                <Coords points="1204,3386 3436,3420 3436,3268 3361,3257 1204,3274"/>
                <Baseline points="1220,3364 1265,3358 1310,3358 1355,3361 1400,3358 1444,3358 1489,3358 1534,3358 1579,3361 1623,3361 1668,3364 1713,3364 1758,3364 1802,3364 1847,3364 1892,3361 1937,3361 1982,3361 2026,3361 2071,3361 2116,3361 2161,3361 2205,3361 2250,3361 2295,3364 2340,3364 2385,3364 2429,3367 2474,3364 2519,3364 2564,3364 2608,3364 2653,3364 2698,3367 2743,3367 2788,3367 2832,3364 2877,3370 2922,3367 2967,3364 3011,3364 3056,3367 3101,3367 3146,3367 3191,3367 3235,3367 3280,3364 3325,3364 3370,3364 3414,3364 3444,3367"/>
                <TextEquiv>
                    <Unicode>für mich sterben werden, aber ich werde kei</Unicode>
                </TextEquiv>
            </TextLine>
            <TextLine id="tr_1_tl_9" custom="readingOrder {index:8;}">
                <Coords points="1199,3549 1370,3526 1547,3585 1755,3535 2002,3594 2111,3540 2249,3596 2530,3599 2566,3400 2128,3464 1516,3431 1199,3473"/>
                <Baseline points="1214,3516 1259,3516 1304,3516 1349,3516 1394,3516 1438,3516 1483,3516 1528,3516 1573,3516 1617,3519 1662,3519 1707,3519 1752,3519 1797,3519 1841,3519 1886,3519 1931,3519 1976,3519 2020,3516 2065,3516 2110,3516 2155,3519 2200,3519 2244,3519 2289,3519 2334,3519 2379,3519 2423,3519 2468,3519 2513,3522 2558,3522 2573,3525"/>
                <TextEquiv>
                    <Unicode>nem eine Träne nachweinen.</Unicode>
                </TextEquiv>
            </TextLine>
        </TextRegion>
    </Page>
</PcGts>
