3576 4104
1154 618 3108 795 aus. "Ihr, die Ihr Männer seid und gewiss
1159 815 3154 982 nich besser als die Andern. Ich frage Buch
1159 957 3073 1134 alle Drei auf's Gewissen: Hat Keiner von
1159 1106 3192 1268 Euch je ein jungfrauliches Mesen in den Ar¬
1177 1266 3164 1463 men gehabt und sie dann treulos verlassen?"
1364 1463 2334 1597 Alle Drei schwiegen.
1387 1607 2572 1759 "Nun?” rief Mathilde aus.
1410 1759 3227 1941 Es ist schade", sagte Felix, „dass uns
1185 1896 3156 2073 für alle Dinge nur so wenig Vorte zur Ver-
1202 2116 1909 2258 fügung stehen.
