3896 4200
3202 345 3411 514 289
1196 537 3199 622 Judith spricht schon im ersten Akt von
1196 692 1947 783 Jean de peske.
1190 984 3462 1108 Schon im ersten Akt sagt Braunigl zu Julia:
1196 1139 2719 1238 Verlangen Sie, was Sie wollen.
1201 1297 3349 1382 Julia: Wenn ich z.B. von ihnen verlangte:
1196 1447 2855 1543 Lassen sie alle Verbrecher frei.
1196 1747 3270 1846 Besitzen,Angehören, beides bindet, nur der
1162 1795 2306 2015 Geniessende ist frei.
1201 2207 3332 2323 Ambros,bevor Aurelie im ersten akt kommt,
1190 2368 3242 2552 hat beinahe Angst. In was habe ich mich
1196 2527 1837 2645 eingelassen?
