6936 4360
6371 257 6643 470 10 &
461 343 813 535 106.
3649 325 4732 622 F Ambrs. - Max. -
6241 411 6649 699 14/10 gl
3655 554 6120 758 Auhres. Wie wenn lieber ich denke ich haben demselben
3696 705 5845 943 Weg.- für xyz H Elisabeth Korbereil.
3677 850 4815 1036 Chas. J'ai est de beste...
3637 1008 5913 1222 (Ambassadeur Serenissime) he ist is i achs- es ist wilt nu terigie
3677 1135 5474 1355 Sie haben x jaar seld bei Westchau
3689 1290 5517 1543 M. M. dort. und habe einige in Paren.
3674 1416 4030 1552 Aulm –
3646 1540 5931 1750 Gered. Der Pour - The Freund ist wieder hier. Ick set it heute
3711 1685 4175 1837 bei Amilie
3717 1787 6145 2019 Anton. Soe he was wnds he then - in he being felt better.
3779 1951 4450 2091 Wollen hierbeite
3714 2019 4728 2245 Mrs. Ich gebe weit xxx
3717 2217 6210 2387 Aubn. Brie hi wil and... Fol Josephine mindert sich, daß
3773 2356 5848 2554 té ici remet le néger... Sie und es it freien
3717 2480 6145 2706 herx. Quatorz. -   et cach tell. Mtr. in his glashin. G ist
3748 2647 6095 2861 so desh alles ezel... Jn etwas Trok Cuckis it will he
4549 2805 5294 3009 (Neide ab.)
4166 2966 4902 3170 O’ni Ackin ist hic
4209 3083 4781 3213 wo hat sich ver¬
4209 3154 4660 3266 Ne-Aurel
4224 3219 6046 3343 1st deutte... Sie hebe ers ich. Abschre jeurme
4252 3297 5959 3476 Genai —! — Ver Cairea Jehen... Ebe in voll
4246 3396 5050 3563 an over two side.
