3880 4264
992 379 3298 551 Ambros: Ich komme entweder zu spät oder zu f
1007 513 3385 713 Oder weiss ich nur, dass ich mie zurecht komme?
992 648 3388 876 Auch in meinem Werk war sie nackt, aber man hat
1011 842 1887 1036 es nicht bemerkt.
998 1007 3429 1201 Max verarmt,kauft herrliche Blumen für Seraphi.
998 1183 1176 1342 ne.
1001 1295 3451 1517 Aurelie (zu Max) Halte mich, verlass mich nicht.
1001 1458 3514 1646 Ob Max schon als Begleiter mit Seraphine gereist
1011 1633 3517 1787 sein könnte und Judith zu Liebe ihr untreu wird,
998 1746 2957 1974 dann erst sagt sie ihm von dem Kind?
1004 1905 3476 2090 renz: Das Reisen verjüngt - wenn man es notwendig
1586 2024 3636 2162 den 3. Ahl. „ Heer tuex – es scheint, das Reise verjängt
1715 2099 2972 2234 El. de - ceci mais es notueurs de
1014 2093 1233 2243 hat.
1007 2243 3417 2406 Seraphine: Eines Tags wird er (mein Vater) mir
1014 2328 3476 2566 durchgegangen sein und man wird allein dastehen
1048 2531 1705 2731 in der Welt.
995 2653 3207 2828 Fanz: Tage,an denen Götter gezeugt werden.
1004 2828 2275 3044 Ambros: Und Haderlumpen.
