6952 4392
434 372 636 618 90
945 412 3315 655 wie ihr Geldanvertraut, weil es es it. bin habe
982 578 3351 802 versed at anderni he ny ite auch ober
2557 714 3414 887 a konier jus jeunes weg
971 743 3193 982 Risiho tragen mit wir - Sie konnete der
979 905 2674 1085 es an Cade aus ihr Geld...
1048 1034 2663 1269 Juillet Die Bage - ist feil.
1048 1174 3057 1380 20. Eine minute überall werin Kind
1030 1332 3182 1534 yours. Een Cemblick in Avit sete hi wel
1872 1453 2318 1563 Abez um
1041 1460 3171 1659 wer die willst.. Un seit ist til ist. Et
1048 1600 3182 1792 mal. (Une Zeit beide ist mir nicht lang.
1144 1736 2443 1891 cun cuit beschrächtet.
1133 1858 3344 2101 I.M. Jahr die unter... Es ist dort... (versicht)
1074 2009 3315 2244 Ist dort viel in kein Teils zur Ausläge
1111 2181 1762 2376 Cretellet
1107 2262 3315 2476 Ao. Wei ist erait wollte. - Cl
1089 2395 3407 2627 worin. In acht Tage kann sich nicht geändert
1089 2582 2722 2785 haben. Nicht das geregste
1129 2693 3370 2899 Jurh. V. eles... Dr. Kanvit in Pieterheitsens.
1137 2836 3366 3068 W. Matanich Lückowenst. ugendw.
1133 3020 3384 3274 an u. de Lebe, verbeginnen.. (Oh di bist
1137 3160 3237 3440 Jurth. A. Gling in geschickt gering -) -
1126 3362 3285 3601 I will tr. has care a ltite here is.....
1126 3476 3403 3719 Seit verteil, es ist verkles des.. Flücht.. Armut.
1115 3649 3131 3874 Arbeile suis cégligt Brod.    Wasti
1104 3830 3384 4098 Jahres - Liederleb Juditt. Das kennen
1402 4128 2145 4227 Fasuksia;
3638 324 4654 611 imme ont findé.
3686 493 6386 725 h. nicht nicht. Sie bist seit, so dass... Aber
3679 673 6085 879 at es aia sullid takllis gewesen, hier... ogge
3697 765 6213 1100 etwas österlich...  u. bist statt. Justiz. ich darf
3675 964 6177 1203 wohl vor die verlagen... daß die mich - dies nicht
3653 1148 6144 1357 verräthst. - Es ist voll Baselide... In Schmisch und
6070 1269 6659 1442 Es ist mir mittags
3653 1324 6611 1556 nemillent. The ne fred bel veues haben in or en
6221 1431 6699 1630 nechtien doch
4245 1464 4966 1582 We may be recht &c
3708 1483 6316 1700 Jurk. ha wirft die die wie was dir. hinaufst.
3697 1666 5698 1891 tv. Gous jenen de avec légité
3690 1781 6276 2071 Ie ditt. Hage ist er ant zeit. Häusste nicht
3697 1961 6416 2185 nicht..... Reine weiss das.. Quit der etwa ich nicht.
3697 2134 6243 2329 fr. Helichmitt jung sollte den nicht bew.
3785 2318 6202 2465 in aller  - Ein harr. we went
3830 2432 5033 2597 vorte elle versicht.
3782 2542 6673 2770 Inch kr. (Hus heb ich. (Veller-feigent) beutet die dortet. kommt.
3819 2719 5139 2954 2t ist. J unter der Geld.
3877 2869 5139 3079 Dr. Die Ehre n'elleidé.
3841 2998 6408 3234 I. rf. Gleibt du a dergleite.... 11 Königte
3859 3160 6379 3388 zu weidenheit. Ich glaibe, weißen mittellein
3866 3315 5121 3510 ist... die witt allein...
3911 3384 6412 3649 W. Aber ich bin es in acht besser, und es mit eine
3888 3609 5356 3789 will not bezahle kom.
3870 3697 6648 3929 Jidt. Und Mad darin vielle irt  - med clair in-
3877 3833 6607 4091 Dr. Trä M r decksl gered darin    te verstiftig
