6904 4264
6431 98 6636 325 23
3621 229 4607 486 11. Anton-Julie -
545 271 739 462 22
6413 271 6610 533 19/9
3716 396 6112 632 Julie d'il huis - Men bais n'est avit... Piesage
3704 581 5751 834 itm - depuis die gens fut très au Spivy.
3704 724 4589 948 trie placverte.
3728 852 5841 1129 Auslre.ben - bin ich so ungefehrlich -
3692 1049 5987 1296 Julia Erbildet mit einer ein. Gerade Einer.
3740 1231 5915 1466 Es könnte eine gesagt haben- ein schrift-des
3692 1427 5903 1630 es mit deut des Hulaties in Schloss het
3734 1582 5954 1785 verschneider sehr. Es ist nicht nicht -
3746 1925 5510 2110 zurück bestehen können.
3722 2104 5903 2312 tresteil. Hies also -:- Ein schöne Test..
3752 2289 6017 2533 Ambros his haber as hee as we would not
3805 2479 4643 2658 ^ verlassen.
3811 2593 5841 2810 Jurll... hashen or. - eine - de uw was
3817 2786 4333 3031 twent.
3820 3019 5853 3332 Mas. (mit dre Thesusweges -
3874 3290 5990 3552 zu litt. (im engegen.) Eber offenbe nicht
4002 3487 5918 3734 he were on the -  has that with.
4032 3674 5570 3916 litem de Flieder, bas.
