3480 4168
798 474 3128 693 gesprochen als mit Kellnern, Badedienern und Haus-
804 618 3065 837 knechten. Man kommt da allmälig in einen sonder-
2060 747 2444 873 der Ruhe
813 750 3086 987 baren, aber sehr wohltätigen Zustand und wird in
828 915 3074 1143 einer nicht einmal besondere schmerzlichen Weise
819 1065 3233 1262 von der eigenen Unsichtigkeit überzeugt. Die letzten
999 1217 3089 1415 die man gelegentlich bekommt, ändern ve-
828 1346 3071 1565 nig daran. - Haben Sie nicht schon bemerkt, wie
846 1529 3104 1751 alle Briefe - selbst von den geliebtesten Perso¬
843 1679 3200 1895 nen - auf Reisen allmälig ihre Notsendigkeit ver-
861 1829 3104 2072 lieran. wie sie von Tag zu Tag überflüssig ver-
867 1961 3131 2171 den, wie man sich endlich kaum mehr nach ihnen
1448 2144 1670 2231 Wherl
888 2120 3014 2390 sehnt und die Tage am behaglichsten findet, an
717 2165 1044 2321 schon
915 2270 3134 2516 denen man Nachrichten von Hause nicht einmal zu
888 2411 3176 2651 erwarten hat? Manchmal bin ich an der Portierloge
888 2582 3062 2798 vorübergegangen, ohne auch nur nachzusehen, ob
930 2711 3197 2915 irgend etwas für mich da wäre... Nun, dies alles
933 2891 3077 3140 gehört nicht hierher.- Also, ich sass auf der
900 3026 3149 3281 Terasse, rauchte, und die Dämmerung zog langsam
3047 3176 3167 3356 G.H.F.P
948 3164 3038 3461 heran. Himmel und Meer wurden immer dunkler.
951 3350 3230 3575 Druben am Strande gingen Leute spazieren,- natür-
