6792 4248
3625 383 4861 597 22 - Scraptine-lies.
3743 543 5053 699 terndorste und Elisibels
3721 648 5583 881 Elis. Ha ist nicht. Wir sollen bemerkt.
3718 792 5369 1022 wo ich der Vater. Verschussigt...
3753 939 5832 1156 Serept. Has ist mein Schwert. Und die
3746 1131 5640 1335 lli. Sie im Herr von Reisenberg.
3753 1300 6320 1514 Hindorf. Das Feindorf - Elis. bei Braulig
3724 1469 5982 1696 Mai hérolle dans Testité de nécessité
3721 1610 6221 1900 Elis. Mosger ist auch ein Tag- un utgehört cent
3692 1785 5921 1999 si cleurs, dit que ses klefers herumgeh -
3708 1964 5835 2242 We were well - be of deese puis he
3686 2117 4455 2331 hat Kind.
3724 2242 5899 2520 -lend. Th - das ist heben ach. Wir die
3733 2430 5266 2660 I have not deblerbe well
3733 2577 5081 2849 &c. been in it but
3692 2724 5720 3012 leas, Karl is verit omschliess.
3702 2938 5934 3264 The hicollen be in heave Treis.
3733 3120 4854 3363 in hier fortricht.
3692 3254 5784 3507 be. W. bal nicht nach hiezu mehr
3733 3440 5832 3740 Sei Eber zu fiedermelleicht
3871 3670 4609 3954 tele hierts.
1415 3877 3187 4066 I am sent to you, but I will
