6920 4392
390 244 709 537 rente
1146 419 3255 659 Hierler. Cet wei best Herr - she
1031 577 3187 799 chitte... We bies - Ihr will
1024 734 3255 953 nen ein die geregiet mich geben.
1031 838 3230 1142 Nun war auf die Lage nehme is
1013 1017 3280 1282 ne hinmes in e nouder - febr
1053 1167 3134 1447 Crouin... Juritnges... woll he
906 1332 2202 1526 nicht bei seitetes dessen
1103 1486 2514 1698 Mai.. I a cercle pr bdant
1103 1619 2972 1894 heeft the villeitt... he! -
1228 1787 2944 2052 (Ein de ikke kellue bedieit.)
3628 276 4494 491 3. Mas.- Ambr
4391 405 4820 530 nt, wurde
3656 426 5981 677 Avelles - he is in his hand in her November.
5787 437 6529 645 noch zu lassen
6024 555 6579 741 des istures
3642 544 5916 791 Nous. Seit reste ébend... leur hi
3635 727 6496 985 Ambros. Seit Vorlei... Ich arbeite de das jetzt.
3685 856 6145 1157 Ich sein weit übrigens. Wiss hebt h (
3656 1039 5093 1336 und entflossen:-
3993 1214 5053 1450 meiter kommt:
3721 1300 6056 1619 weil. Ich habe läuft rege. daß ich
3864 1493 5118 1758 she bee serrit.
3689 1626 6307 1923 Auhn... Herr Lreiter - est alle vorsamst.
3707 1787 6038 2120 meddi fimme  resanst  jusd
3707 1973 5332 2263 it uiteis ungemeckt.
3739 2048 6153 2414 Grudé Guep. wil de Blickorp heeft
6145 2117 6453 2342 Lück.
5519 2220 5909 2342 (sebt de
3778 2242 6615 2636 Men, Trabdant he went and in to Putha (for the men
6206 2346 6550 2496 min tout.
3750 2414 6643 2815 Aen/m. fus... Sie wie wohl... ihielen die Applet¬
3843 2811 4083 2980 le
3828 2865 4709 3098 her Creger.
3839 2786 6350 3220 Ambassadeur besse he nicht, daß Sers
3850 3069 6163 3488 sibine tenl kunnul?  He will
3850 3309 6031 3617 die Rolne. Seitelit will
3814 3459 6059 3775 Neu. Heul. is shilig..  Ich in sehr
3893 3685 5096 3954 willnt wilt.
