3064 4152
1812 323 1973 529 25
260 512 2521 712 hoffe, dass mir das niemals begegnen wird, obwol
280 658 2481 869 es ja nicht möglich ist, so etwas mit Bestimmt-
314 820 1321 1026 heit vorherzuwissen.
535 946 2373 1184 *Hrn Judith... Sie verstehen meine Frage
294 1155 860 1326 nicht ganz.
535 1238 2527 1438 "Vollkommen. Aber Sie fassen meine Antwort
366 1398 2510 1604 offenbar nicht richtig auf.“ Und indem sie mir
309 1564 2493 1752 mit einem offenen Blick ins Gesicht sah, fügte
323 1735 1715 1950 sie hinzu: "Ich bin Jungfrau."
566 1892 2547 2058 Sie haben keine Ahnung, wie dieses Wort in
343 2024 2639 2190 diesem Augenblick von diesen Lippen Klang! Es hat
337 2155 2559 2376 mich berauscht. Nie hat der Händedruck, nie der
386 2301 2521 2530 Kuss, wie der Hauch, nie das Versprechen, nien
635 2461 878 2556 Sich-
360 2456 2524 2641 selbst das Versagen einer Prau mein Blut in so
354 2633 2636 2842 heftige Wallung gebracht als dieses Vort, das Ju-
360 2762 2621 2990 dith einfach und rein aussprach, während sie mir
363 2890 2601 3133 keusch und blass gegenübersass. In diesem Augen-
369 3076 2579 3253 blick erst verstand ich das sonderbare Geschöpf
380 3222 2661 3382 vollkommen und wusste, dass ich ihr glauben durf-
380 3359 2539 3559 te. Und ich dachte an die Geschichten, die uns
