2872 4152
1953 460 2098 657 is
437 625 2506 787 "Nun", erwiderte sie und schaute sinnend ins
188 804 2471 952 Weite, hier fängt sich's rod an besten an.t die
185 897 2422 1082 sagte es mit kühler Nachlichkeit und fuhr fest:
243 1074 2376 1267 “Ich schwankte nur zwischen Ostende und Trou-
191 1262 585 1430 villes."
446 1360 2492 1534 Nun, ich bin freh, dass Sie sich für Gaten-
243 1505 2370 1716 de entschieden xxx schürzte ich schlfeil.
191 1704 1210 1852 Sie aber blieb ernst.
466 1832 2431 1974 "Han' ich nicht Nacht? Hier bin ich plötz-
194 1994 2520 2133 lieh wie in einer neuen Welt, und das scheint mir
237 2179 2520 2327 notwendig zu sein, wenn man darangeht, ein neues
232 2295 2494 2477 Leben zu beginnen. - Ahar xxx kommen wir denn da
194 2457 501 2593 hi###
431 2581 2506 2775 Wir schritten neben den kleinen hellen Haus-
211 2755 2509 2914 ehen einher, die auf der Strasse nach Blankenber-
197 2876 2344 3062 ghe liegen. Von ihrem hellen Veiss schien ein
205 3044 2431 3198 mattes Licht über den dämmeigen Vog hinzuflies.
200 3198 2419 3374 sen. "Vollen wir ein xxxx aufs Meer hinaus-
252 3339 1699 3522 fahren?“ fragte sie plötzlich.
466 3475 2506 3684 Wie Sie wünschen", sagte ich mit einer zer-
