3672 4312
683 242 933 438 15e
1309 296 3366 538 he beurd tratt drei!... he is a
1344 481 3358 696 wohl stol, wie die Frans Aechin¬
1258 651 3415 882 und Hr Ambassade  J u für til
1296 836 3270 1084 nase i veu voit etui pr rôle.
1245 998 3391 1285 not is abied The Sale gegen Himmel
1223 1148 3302 1390 fliell - warthi ck.daf. Sine
1758 1371 3229 1600 Ascher - freifelles und he¬
1379 1369 1691 1613 Obe
1476 1559 3189 1723 Ou Custe kennencien of
1422 1715 3076 1874 Haupt welche etwas
1379 1869 3329 2041 Dr. de la C et qui A-t-d. Eusg.
1245 2033 3213 2269 gleit he - - In hand set - in
1269 2186 3189 2466 necte solet i Pm Änderast
1245 2398 3237 2654 Ude condel, u,itin, so leere
1194 2611 3022 2818 so he is in he... an
1186 2769 3087 3052 derselb resi.  Un in kind is
1366 2993 3060 3235 verhindert seit in han
1417 3192 3022 3423 in der Gelt... Es gibt hein
1245 3326 3068 3576 Ce de Kampf... p.r  le trent
1223 3522 2898 3767 I have in Arch dem 28...
1358 3702 2896 3971 Auchr. Lacarhi Esqr.
