3208 4136
735 574 2538 772 bringen als Klavierspieler auf Bällen,
727 724 2677 900 Zeichner bei einer illustrierten Zeitung,
737 876 2476 1044 oder..sag schreibst Du noch Gedichte?
732 1031 2885 1218 Max: Noch! Ich hab ein einziges geschrieben.
737 1154 2781 1325 Das hast Du damals unter einem blödsinnigen
735 1306 2783 1491 Pseudonym drucken lassen und es scheusslich
748 1459 2746 1627 gefunden. Ich glaube nicht, dass man davon
745 1605 1298 1798 leben kann.
761 1726 2690 1939 Silberst: Aber Du schreibst nette Briefe.
756 1899 2003 2118 Max: Korrespondenzkarten.
767 2035 1889 2260 Silberst : Du hast Humor
767 2209 1541 2377 Max: Zu Zeiten.
1386 2233 2297 2409 du rivi c'est de Reracher
775 2345 2722 2591 Silberst: Ich schreibe meinem Onkel. Du
767 2492 2623 2666 musst einfach in unser glatt eintreten.
775 2618 2802 2842 Max: Das werd ich kaum tun. Ich hoffe wir
791 2770 2172 2973 kmmen noch auf etwas anderes.
