3224 4168
913 615 1238 831 ruhig?
916 764 2963 988 Max: Ja wes hiéft das Klagen, mein Geld ist
929 943 1502 1124 beim Teufel.
913 1060 2950 1235 Silberst: Und da geht er ins Fristol.. und
913 1214 2993 1419 spielt Billard, und spielt Klavier und kommt
908 1347 2985 1544 auf das Fest und devastiert Fliederkulturen,
908 1531 2891 1680 Max: Mir scheint die kommt wirklich nicht
911 1667 2891 1933 mehr. Sag Du verkehrst im Haus? Der Alte
911 1824 1739 2018 ist Schauspieler?
911 1925 2894 2162 Silberst: Ich will Dir sagen, warum Du so
445 2077 636 2229 at
908 2098 2937 2306 ruhig bist! Wil Du nicht verstehst was Dir
916 2229 3003 2442 passiert ist. Weil Du keine Ahnung hast wa
929 2402 2915 2591 das heisst ein armer Teufel sein. In einem
916 2521 2822 2708 miserabeln Zimmer wohnen, in vertretenen
929 2697 3067 2857 Schuhen herumlaufen, hungern, sich demütigen
903 2812 2878 3006 weil Du vom Leben nichts wei st. Weil Du
932 2971 3057 3171 ein Kind bist, weil Dus einfach nicht glaubst
937 3118 2870 3299 dass Du in drei Monaten ein Bettler bist,
937 3235 2883 3443 Max: Warum Du eigentlich mit mir so grob
980 3416 1294 3600 bist.
953 3541 2854 3722 Silberst: Ich habe erlebt, ich weiss was
