3688 4200
3037 322 3187 541 87
878 477 3198 770 Max eine Weile allein. Es ist ein kleines, etwas
890 717 2312 910 vernächlässigtes vorstadthaus
887 840 2367 1062 Er spielt ein bisschen Klavier.
904 1018 2335 1211 Seraphine kommt wieder zurück.
913 1112 3266 1367 Er ist sozusagen nur dagebleiben um mit ihr zusam
925 1302 2493 1516 men eine Violinsonate zu spielen.
948 1337 3216 1647 Gespräch. Vielleicht gehsteht ihr Max erst jetzt
960 1607 2285 1823 seine verliebtheut in Judit.
963 1712 2177 1966 Ueber Seraphinens Zukunft.
974 1832 3055 2092 Sie hat neulich einen grossen Erfolg gehbat.
989 2025 2318 2239 Macht im Sommer eine Tourneé.
989 2078 3257 2414 Er fühlt sich bei ihr glücklicher und heimlicher
1012 2312 2016 2534 als bei jeder andern.
1021 2511 1978 2716 Freundin, Schwester.
1042 2607 2695 2836 Er will Abschied nehmen und bleibt.
1015 2862 1642 3026 hr un 1 zogar
