3496 4168
167 401 962 550 C ist me in [illegible]
155 509 710 716 heute nicht ich.
2783 523 2909 664 20
784 596 2897 877 Baronesse Aurelie, Graf und Prinz treten auf.
740 860 2950 977 Aurelie schwarz, um den Hals einen barocken An
740 936 2971 1114 hänger aus Edelsteinen, Schwarzer Seiden«antel,
748 1061 3000 1251 schwarzer Hut. Sehr schlank und gross, das Ant
757 1190 2798 1430 litz streng, edel, mit sehnsüchtigen Augen.
772 1374 3079 1617 Graf: Mitte vierzig, sehr gross, beinahe weisses
766 1582 2935 1751 Haar, kurz geschnitten, schwarzer Schnurrbart.
781 1707 2965 1915 Prinz: ein noch junger Mann, etwa achtundzwan
792 1865 2155 2050 zig, seh elegant und lebhaft.
310 1924 708 2088 (vielleicht
208 2050 781 2184 en dritter mit
845 2090 3149 2286 Graf: Wahrhaftig ich hätte den Park nicht wieder
190 2149 751 2272 ein berückerten
228 2251 731 2368 richter - auch
816 2260 3052 2462 erkannt, unglaublich wie eine ungewohnte Gesess-
222 2330 672 2503 verschwäht.
816 2415 3120 2593 schaft das Bild einer Brtlichkeit verändern kann.
804 2520 2941 2725 Dieser Park war für mich einst das Symbol des
819 2611 3087 2871 Friedens, der Abgeschlossenheit. /Ich glaube Sie
2780 2742 3026 2842 mich
827 2821 3181 3041 hätten mich heute hereinfuhren können und xxxh fra
830 2944 3064 3166 gen wo sind Sie, ich hätte kaum geantwortet, es
833 3128 2161 3310 ist der Park des Prinzen.»
839 3193 3111 3476 Prinz: Sie haben ihn schon lange nicht gesehen,
860 3324 3044 3637 diesen Park, das mag auch  mitspielen. Hätten
959 3625 2485 3818 Sie ihn wiedererkannt Baronesse?
