3304 4168
1015 527 2943 730 davon hat. Der wird angelogen nur aus Ver
872 690 2935 877 gnügen an der Sace. Ich versichre Dich, mit
874 850 2856 994 Wonne liess ich mich anlügen, wenn ich sie
872 988 2802 1167 dafür wenigstens bekäme. Dann sollen sie
863 1110 2891 1366 lügen. Den Augenblick lügen sie doch nicht
861 1352 1070 1442 weg.
872 1425 2989 1605 Mag: Geh doch, tu nicht so. Man kennt Dich.
877 1640 1371 1759 Casanova
874 1719 2943 1928 Aber sie kommt nicht. Man könnte nach Hause
869 1865 2843 2099 gehn. Eigentlich tuts mir leid. Was fang
880 2004 1971 2175 ich mit dem Flieder an?
923 2134 2764 2376 Silberst: Ich würde ihn benützen, als
885 2310 2161 2492 Grundstein zu einem Garten.
918 2381 3014 2612 Im übrigen was genierte Dich? Hast ha schon
888 2560 2984 2764 wieder eine Eroberung gemacht, Baronesse Au
888 2761 1184 2916 relie.
880 2829 2449 3095 Max: Ist sie denn nicht verlobt?
893 2992 3035 3212 Siberst: Was Dich das schon geniert. Uebri
891 3122 3073 3388 gens wer sagt das? Und wenn auch. Verlobungen
899 3282 2126 3516 sind schon zurückgegangen.
907 3380 2927 3646 Max: Sie ist sehr schön. Ich war sogar ver
