3688 4216
3351 419 3483 620 71
1129 572 3244 788 Doktor Silberstein kommt dazu, der Journalst.
1123 785 3528 922 Kleiner, etwas dicker Mensch, sentimental, boshaft,
1126 955 2423 1102 mit hübschen, blauen Augen.
1138 1042 3357 1219 Er begrüsst die Schwestern, spricht davon, dass
1144 1174 3259 1390 Seraphine eine Eroberung bei Max gemacht hat.
1156 1333 3378 1548 Er erzählt von ihm, von seinem Reichtu m, von
1159 1536 2285 1671 seinem Glück bei Frauen.
1201 1614 3441 1806 Seraphine: "Wir finden Ihren Freund etwas affek
1168 1869 1539 2004 tiert. "
1177 1959 2258 2132 "Ja, das ist er auch. "
1177 2070 3142 2258 Man teilt ihm die Verlobung Elisabets mit
1177 2201 3450 2411 Er selbst war verliebt in sie. Wie er überhaupt
1189 2381 3142 2585 in alle verliebt is. Immer zu spät kommt
1198 2489 3465 2698 Elisabet: "wenn er einmal zurecht käme, so hätte
1216 2651 3106 2878 seine ganze Existenz den Sinn verloren.
1213 2845 2489 3013 Ueber Seraphinens Karriere
1225 2911 3309 3151 Silberstein trägt ihr seine journalistischen
1237 3172 1776 3312 pienste an.
1237 3271 2345 3489 Dann gehen sie alle ab.
