6824 4216
3915 205 4818 530 Articul - zurte
3736 484 5913 685 hilte. Ist ihn bestimmt, in me dein
3743 669 4571 897 Schifft geht.
3746 793 5809 1030 Carst in. Hansleht noch mit fest¬
3850 981 5588 1248 (Von - näme xxx)
3759 1160 6225 1481 zurück. Ist noch ein Rat sei – so leicht wer¬
3769 1374 4080 1530 in
3769 1462 6186 1826 Arrutin. Dans c'est pfehilait..
3824 1680 5984 1991 Miss Tissimnatites Hefes.  So not
3824 1865 6179 2147 est une ouite nuit.  Uod lasse die ein al
3782 2024 6176 2372 zu M - Na aare mir eben recht.
3759 2261 4529 2489 sebt überal
3788 2443 6189 2700 Auslin.  Antwout fusel beurtenfassen
3840 2638 6199 2917 zurück. Ich fürcht amittnicht...  4 xxx
3827 2810 4984 3067 in beide... did.
3843 2979 6452 3216 Ard' u. Anzug sei eine bis ist de quêthes.
3889 3174 6036 3414 Judik. Ich würde Reis da... a de
3944 3362 6286 3574 sollst die auch erkennen — wenn wir
3950 3528 6062 3782 atige die feil. können... Hie hat die
3950 3723 5909 3905 wenn - so verlob. ich mit den -
