3496 4056
2848 479 2988 631 66
640 581 1959 793 Familie der Vielinspielerin.
647 774 1526 951 Vater gleichgiltig.
628 902 3059 1097 Schwester tüchtig, vernünftig, überlegen, aber nicht
640 1138 2925 1281 geneigt, weil sie das Ganze unappetitlich findet.
588 1259 2092 1436 Der Meister der Vielinspielerin,
628 1414 1906 1592 Die Familie der Tragischen.
625 1561 1181 1741 Die Mutter?
637 1725 2872 1878 Bruder vielleicht Offizier. Er weiss gar nichts.
637 1909 2997 2055 Sein Freund, sehr jung; auch Freund des jungen Mäd-
690 2070 3087 2251 chens, Jugendfreuna des Helden, der dem Helden nach-
637 2217 939 2356 reist.
637 2360 1585 2537 Familie der Kokotte.
637 2512 2328 2702 Schwester Verhältnis mit dem Grafen.
637 2661 3134 2807 Der Held eben in die Lage versetzt, für sich arbeiten
640 2832 2988 2953 zu müssen. Familie verstreut. Er geht nach Brüssel
647 2981 3062 3162 als Korrespondent der Frankf.Zeitung. Daher Ostende
675 3143 2969 3280 Sein Kreis: Willy Bissler, Stanzides u. Aehnliche.
