3592 4104
1176 737 3028 908 der nahen Trennung war, der Mathilde zu
1174 916 3107 1072 diesem Ausbruch hatte veranlassen können.
1363 1049 3159 1197 Als wenn Mathilde diese Fragen erraten
1179 1194 3120 1376 hätte, erhob sie mit einem Male das Haupt
1187 1332 3166 1478 aus den Kissen, stützte sich mit der einen
1182 1494 3161 1678 Hand auf den kleinen Tisch, mit der andern
1187 1637 3110 1808 auf die Lehne des Divans, schüttelte ihre
1182 1772 3097 1933 Haare und rief aus: "O nein, nicht Euret-
1184 1946 3130 2105 wegen!“ Und wieder versank sie in die Kis-
1192 2107 3222 2235 sen, weinte noch heftiger als früher, und X
1192 2253 3107 2391 ihre Schultern bewegten sich schluchzend.
1371 2394 3082 2565 Die drei Herren wunderten sich nicht
1182 2540 3192 2721 allzusehr. Dieser Anfall war jedenfalls we-
1176 2714 3207 2831 niger sonderbar als andere, in denen Mathil-
1182 2864 3222 2977 de Champagnerflaschen in den Spiegel hinein¬
1182 3015 3238 3128 schleuderte oder mit ihren Haarnadeln ihrem
767 3123 1120 3307 jeweilige
1179 3123 3082 3307 Nachbarn in den Hals stach oder sich, wie
1174 3279 3072 3488 neulich unter dunkelroten Rosen in einem
1166 3455 3123 3583 Sarg von ihren vier Kammerjungfern in den
1166 3580 3051 3790 Saal tragen liess, um dann plötzlich in
