6712 4152
776 656 2968 831 elie wird die Geliebte Gyseze. Er mal sie
586 849 2916 1006 nackt. Sie verlässt ihn inmitten einer Orgie,
534 957 3002 1153 flieht in die Einsamkeit,holt sich Rat bei Am-
530 1107 2806 1306 bros. (?)
506 1245 2898 1469 Sie reist mit Ambros, der nur ihr Freund ist,
521 1395 2784 1604 auf die Insel.
573 1564 2849 1763 Die Frage ist nun: Ob Falkenir einem früher
592 1708 2891 1926 gegebenen Versprechen nach oder erst auf Am-
411 1877 2701 2057 bros Ruf gleichfall nach Molde kommt.
411 2024 2864 2235 Sie hat alles vergessen, was sie erlebt hat.
580 2180 2867 2379 Wird Falkenir sie seinem Versprechen gemäss,
512 2336 2579 2533 zurücknehmen? Nicht fragen?
555 2496 2870 2689 Oder ist sie schon entschlossen Falkenir nun
567 2662 2812 2827 noch einmal zu sehen und dann zu sterben?
567 2775 3008 3014 Sie sieht hier Max wieder (der mit Judith hier
546 2980 2861 3155 ist) und erfährt, dass Gysar d ihr Bild dem
561 3134 2907 3302 Prinzen verkauft hat, der es auf seiner Yacht
555 3253 3002 3465 hat. Der Prinz erklärt sich bereit das Bild zu
561 3456 2864 3603 vernichten, wenn sie die Seine werden will.
491 3563 2861 3821 (Sie fühlt, dass sie von ihrer Vergangenheit
4093 319 6218 576 cht los könnte, auch wenn es dem Freiherrn
4069 500 6353 739 plänge?) Sie vergiftet sich in ihrem Zimmer.
4023 672 6246 892 ax als Verführer stellt sich dem Freiherrn
3986 855 4719 1064 zur Veffügung.
3949 947 6267 1214 Der Freiherr sollte nicht als Weiser, sondern
3937 1165 6255 1343 als ein rasend Gewordener nach Molde kommen:
3955 1322 5164 1536 „Fluch dem Verstehen.
3962 1463 6136 1668 Aurelie müsste es sein, die darauf besteht,
3974 1634 6197 1797 dass er ihrer Vergangenheit gegenübertritt,
4051 1763 6381 1932 aus dem Gefühl heraus, dass er zu schwach ist
3949 1910 5666 2171 ihr zu verzeihen, tötet sie sich.
