3336 4168
2655 453 2784 647 32
698 577 2531 752 Max: Sie überschätzen mich, Herr Graf,
701 726 2384 904 Gelegentliche Einfälle, kein Fleiss
707 867 1818 1070 Graf: Und Ihre Brüder?
715 988 2978 1182 Max: Die hatten nie Sinn dafür. Der ältere ein
718 1120 2899 1379 Philosoph lebt irgendwo auf dem Land, derz
721 1264 2897 1506 zweite streift durch die Welt, ich vermute ihn
721 1413 2339 1669 irgendwo zwischen Sud und wordpol.
732 1607 1616 1796 Aurelie: Und Sie?
752 1737 1892 1937 Ma### Ja wer das wiisste.
760 1779 3029 2106 Silberstein: Er ist ein Universalgenie, er kann
757 2063 1323 2260 gar nichts.
768 2142 2207 2438 Max: Ja er stimmt so ziemlich.
785 2235 3029 2559 Graf: Aber wir stören. Trinken Sie IhrenCham -
805 2410 2978 2694 pagner, guten Abend meine Herren.
802 2638 1362 2852 ronssse ab.
631 2764 2728 3105 I had: his siml venandt... mein tale ist &d there in
701 3063 1422 3237 tuell anbossen worden.
