3080 4168
1722 504 1840 645 24
185 619 2376 819 Gefallene - wie das dumme Vort heisst - zu er-
185 778 2419 981 zählen pflegen, an den evigen banalen Roman von
156 958 2335 1149 dem Verführer, an alle die feigen und albernen
159 1079 2486 1285 Ausreden, mit denen wir beschämt, gelangweilt und
1325 1212 1835 1305 Benundnung
165 1230 2477 1435 belogen werden, und mit Entzücken betrachtete ich
2266 1288 2659 1508 to see him.
1184 1366 1780 1482 hier im Kahm
177 1343 2269 1612 das schöne Mädchen, das mir gegenübersass, und
188 1560 2457 1768 ehrlich und nutig entschlossen war schön für den
781 1566 955 1647 wa
715 1702 1241 1806 in sil nit geb
229 1716 2335 1916 Ersten, der sie bedaas, als die Verlorene zu
715 1872 949 1953 war
1137 1840 1273 1936 schi
200 1866 2390 2063 gelten, die sie ja für alle Nächsten, die dann
969 1985 1276 2092 hatte
211 2008 2526 2205 sehen das Recht zu neben glauben, gedankenlos und
217 2150 2150 2356 gemein zu sein, jedenfalls gewesen wäre. -
449 2309 2399 2518 Wir blieben Beide stumm, doch rückten wir
1450 2405 2393 2520 sassen Hand in Hand.
237 2492 2486 2642 einander immer näher, und unsere Kniee berührten
220 2599 2428 2819 sich — Das Schiff stiess ans Land. Wir stiegen
258 2769 2535 3004 aus. Sie hängte sich in meinen Arm. Ja war Nacht.
249 2917 2356 3108 Wir spasierten zuerst am Strande hin und her,
255 3053 2503 3284 ohne zu reden. Dann begaben wir uns auf die Lan-
249 3221 2573 3426 dungsbrücke und lehnten lang am Geländer. Ich bin
260 3368 2402 3545 gewies, alle Leute hielten uns für ein junges
263 3519 2471 3802 Paar auf der Hochzeitsreise.. Es var ganz selt-
