3480 4152
249 265 602 419 Au mois.
249 296 2167 555 Ambassadeur tenir mante hé à Retielu
296 546 2047 732 Ausbe. Nein. Ich habe der Bild.
300 650 1321 883 am. being wild -t -
296 710 2829 1022 Auch xxx Andern nur es die Tage in sich der Gülle
353 877 2163 1110 rde Vielobte damit abfinde und.
325 1057 1968 1236 Ausz. Gelde...  Tährig.   N.
296 1135 2618 1416 Auch. Wenn auch alle andern davende. A ist
290 1302 2662 1520 in kunbeck obse plesiten. Es leichtet wie
300 1466 2542 1716 die hier nebst. Er gönst mich da habe.
274 1571 2624 1813 nen - ue die hinl selbst... Dies Bild
296 1760 2696 1977 in obm Schönmee schlaber. Tand macht nach
293 1946 1646 2151 gleur lett du vilis). Cevel.
1577 1981 2116 2148 if mit yat
334 2056 2555 2274 Amel. This one but I will die Fichsheit. Exh
394 2167 1788 2394 nommt di die hil habe.
325 2280 2703 2567 Ach Eia eischlich Hanolef. Eine heil
296 2419 2438 2712 lullin at a man... twnd it hette...
303 2627 2529 2857 En Nettel. Aber in the raie jeuis
290 2731 2649 2977 Welt it veert rchier solle. - Exchets is
319 2917 2621 3170 a ich wol.. Ich nach hisge ein Willen verliegen...
325 3047 2476 3321 wouge... him set it deit. - - - ia in
404 3207 2340 3472 will.. him. He weissed, in die Aug
360 3412 1618 3608 bliche wiederheit
1403 3548 2532 3740 Er hat sich herausamst
445 3570 1233 3807 Oriveli
464 3721 2665 3967 Andern. Ja... Aber er gehört als - sobel ab
