3912 4200
1037 382 1768 627 Zum Verführer.
1080 618 3292 782 Eligius Fenz: Auch das Alleinsein kann für
1088 759 3084 984 grosse Naturen ein Abenteuer bedeuten.
1088 1029 3320 1217 Seraphine: (zu Leindörfer) Sie sind eigent-
1091 1212 2460 1394 lich ein rührender Mensch.
1082 1355 3219 1543 Elisabet h: Warum nennst du ihn denn rüh
1085 1518 1372 1692 rend?
1082 1656 3244 1839 Seraphine: Mir ist immer, als säh ich Euch
1080 1836 3278 2038 durch ein verstehrtes Opernglas,so rührend
1080 1957 1822 2162 weit seid Ihr.
1082 2153 3343 2305 Elisabeth: In unserer Familie war der Ton
1080 2288 3292 2460 immer etwa frei. Denken Sie sich, dass mein
1080 2429 3250 2651 Vater drei Jahre lang eine Geliebte zuhau
1082 2600 3208 2786 se wohnen hatte. Und als er einmal draus-
1077 2758 3289 2884 sen gastierte, nahm sie wieder einen Gelieb
1088 2879 3180 3073 ten zu sich. Ein rechtes Wunder, dass wir
1091 3056 2387 3267 anständig geblieben sind.
1071 3340 3210 3528 Fürstin: Wir wollen ein Heim gründen z.B.
1068 3517 2643 3728 für ein altgewordene Kokotten.
