3464 4168
2853 482 2986 630 28
947 549 3152 758 alles Indischen. Ein solcher Zweifel ists, der
938 720 3239 918 diesen Gatten dazu bringt, er ist ein Sterbgucker
933 877 3230 1075 glaub ic der ihn dazu bringt, seine Gattin an
166 877 270 1031 e
189 1002 279 1110 1
935 1008 3181 1197 zuflehen, sie ist edelgeboren und rein, wie Sie,
180 1101 273 1182 d
177 1168 273 1267 d
927 1145 3201 1362 Aurelie, sie anzuflehen, der ersten Lockung sich
174 1252 261 1328 &
145 1319 261 1464 12
927 1307 3091 1511 blindlings hinzugeben, die an sie erginge. Es
915 1467 3193 1612 ist das Flötenspiel eines Jungl ns, eines Hirten
299 1496 578 1630 G.C.H.F.P.
160 1528 247 1653 o
912 1586 3198 1760 glaub ich. Am Bach, das sie wohl'überhört hätte
903 1728 3053 1909 Kurz sie geht den Tönen dieser Flöte nacht und
354 1758 767 1917 A.d. deut
267 1885 781 2028 suis, rie lassé
909 1882 3222 2065 dieses Märchen endet damit, dass sie als Fürstin
238 1961 883 2141 sich was vorgele
924 1993 3129 2196 wiederkehrt und den Gatten töten lässt, weil es
218 2097 840 2295 in thint perisch
915 2132 3010 2344 ihr Verdruss macht seine wissenden Mienen zu
924 2307 3172 2495 sehen. Indess war sie allerlei gewesen. Des Hir
2725 2405 2821 2495 Ne
1859 2440 2263 2527 Millinary
927 2417 3097 2635 ten Liebste, eine Fabrikantensfrau, sine Revo
1595 2542 2774 2707 vry mil einen Vthore u. de Kries.
938 2620 2966 2783 lutionarin, ein Offiziersllebchen, diemde
825 2623 1429 2742 auf Herrn Boden
927 2725 3265 2940 liebte des Fürsten, Mörderin der Fürstin, und das
941 2835 3073 3085 sie all das hätte sein können, dass all diese
935 3004 3233 3251 Möglichkeiten in ihrer Seele lagen, von allen die
950 3161 3071 3396 sen hätte sie nichts gewusst, wenn sienicht
964 3280 3001 3541 dem Ton jener Hirtenflöte nachgegangen wäre.
