3896 4184
1365 661 3523 868 Geben Sie Acht, dass Ihr edles Haupt nicht
1422 852 3507 1024 an einem Morgen in einem Korbe aufwacht.
1357 1056 2475 1277 Ja, ich erinnere mich.
1406 1285 3408 1492 Das ist wohl das Geringste, was Sie ihr
1411 1440 2155 1580 schuldig sind.
1389 1570 3453 1739 Solche Schulden zahlt man am besten mit
1384 1715 1935 1900 Vergessen.
1392 1900 3389 2099 Oft wird gerade das als einziger Preis
1387 2026 1881 2209 verlangt.
1389 2314 3459 2542 Ist Arduin mit Falkenir in Rom zusammen
1379 2491 1927 2666 getroffen?
