3176 4136
723 576 2491 789 Silberst: Aber wie kommst Lu zurück?
715 742 2651 944 Max: Ja muss man denn zurückkommen? Man
713 892 1999 1070 kann ja auch weiter reisen.
739 989 2801 1218 Silberst: Ich mach Dich aufmerksam, dass das
729 1197 2672 1375 gleichfalls Geld kostet. Ich in wirklich
710 1341 1368 1549 neugierig,..
731 1462 2846 1683 Max: Nichtwahr jetzt fängst pu auch an neu -
726 1644 1560 1836 gierig zu werden.
729 1752 2804 1988 Silberst: Kurz und gut man muss Dein Schick
739 1920 2775 2112 sal in die Hand nehmen, man darf Dich nicht
747 2080 2777 2272 in den Abgrund laufen lassen, das wäre doch
757 2204 2669 2414 jammerschade. Hast Du vielleicht die Ab
1978 2359 2280 2509 imem 0r
760 2396 1589 2562 sicht zu spielen?
768 2485 2138 2706 Max: Ich denke nicht daran.
773 2625 2383 2833 Silberst: Also am Ende umbringen?
1297 2854 2551 3022 I. werft di: clapeles, nichtsand
773 2811 1552 3011 Max: Keine Spur,
784 2938 2867 3135 Silberst: Also da bleibt nichts andres übrig
789 3074 1938 3303 als arbeiten. Aber was?
794 3274 1436 3466 Max: Ja was?
815 3282 2767 3582 Silberst: Es ist widerwärtig, dass Du ein
823 3514 2835 3721 Universalgenie bist. Du könntest Dich fort
