3608 4104
2921 521 3050 625 61
796 657 3312 808 der alle andern mildern, fernern Töne verschlingt. Ihr
789 821 3312 1004 hört nichts Anderes. Ein Mann hat eine Jungfrau in den
783 998 3233 1127 Armen gehalten, ohne sie vorher zu seiner Gattin ge-
745 1146 3281 1276 macht zu haben, ohne ihr die Garantien zu geben, dass
805 1307 3284 1427 er für sie sorgen wird, oder auch, dass sie an seiner
786 1440 3107 1579 Seite in Sittlichkeit verhungern darf - oder dass
843 1566 3328 1733 ihr Kind seinen Namen tragen wird. - Schön! Was wisst
2349 1715 3199 1891 ^erfihrt. Er muss
808 1756 2308 1923 Ihr weiter? Nichts! Er hat si
846 1913 3233 2056 desshalb kein Don Juan und sie muss kein unkausches
799 2062 3249 2188 Mädchen gewesen sein. Finden Sie, dass ich besonders
846 2201 3287 2337 lustig bin, oder halten Sie mich für sehr dämonisch?
871 2381 3271 2494 Nein, wahrhaftig nicht! - Nun, habe ich keine Neig¬
805 2513 3259 2678 ung zu heiraten einerseits, andrerseits bin ich eben
815 2646 3319 2835 jung genug, um nicht zu verschmähen, was sich mir bie-
821 2851 3312 3003 tet. So fügt es sich, dass ich heuft schon einige von
818 2984 3221 3113 den Erlebnissen hinter mir habe, die man Verführung
802 3132 3328 3274 nennt. Und wenn man mich einen Schurken nennte,
808 3300 3224 3457 käme es mir gerade so albern vor als würde man mich
821 3391 3205 3600 gefällig nennen oder einen Narren. Ich will dir al-
805 3593 3202 3770 le drei Geschichten erzählen - weniger deinetwegen,
