3160 4168
841 603 2620 777 davon zu erzählen. Es ist gar nicht so
738 769 1258 957 lange her.
740 931 2845 1073 Max: Vielleicht muss man das auch mitmachen.
753 1047 2876 1229 Silberst: Ich bitt Dich sei nicht affektiert
740 1206 2765 1404 Man muss es nicht mitmachen. Insbesodre Du
748 1340 2631 1555 nicht. Du darfst es gar nicht. Bei Dir
756 1475 2779 1666 handelt es sich darum Dich über eine Epoche
761 1631 2747 1835 hinwegzubringen. Ich rege mich überflüssig
753 1737 2834 1967 auf. Ueber kurz oder lang machst Du ja doch
761 1933 2612 2128 die grosse Partie. Wie lange glaubst Du
769 2075 1835 2287 reicht Dein Geld noch?
2157 2213 2321 2408 P.S.
783 2226 2171 2430 Max: Bist Ostende.
785 2401 1473 2586 Bilberst: Wie?
780 2464 2726 2723 Mad: Hab ich Dir noch nicht gesagt, dass
788 2662 1806 2842 ich nach Ostende geh?
817 2760 2765 2998 Silberst: Mensch in Deinen Verhältnissen.
790 2905 2868 3172 Max: Ein alter Vorsatz, ein Traum voh mir,
814 3075 2689 3318 Im vorigen Jahr war ich im Gebirg, heuer
814 3196 2720 3437 will ich ans Meer. Wir habenn heute den
830 3310 2956 3569 15 Mai, etwa um 1. August reis ich hin, dazu
841 3543 1470 3730 reichts noch.
