6968 4392
6487 298 6673 473 89
3746 335 5128 588 févite Sceur. B. Cœderhaus.
711 354 953 596 B8
6453 447 6684 607 6110
3824 529 6018 711 Z. mecklucht. W. G. einer. - Rovitz. Hoitz eine
3746 659 6267 890 1. Aus den Leben: Westenhaus alt in. Bewiss wittstags.
3761 845 6237 1024 hr. vaffoet die Teleg: beyt neben. Ihr nie April.
3739 894 6222 1166 Hie über. Welt hinein. Sein Schreibtischblatt; - Revolve. -
3780 1043 4711 1229 zurück dazu.-
3772 1117 6327 1568 will. — Was auf diese jaaren laelt ist so nicht mitt! -
4122 1296 4387 1389 blecht.
3821 1322 5601 1557 Wenn ist derl wenn sich seit -!
3731 1404 5079 1627 W. Nicht auch. Eben gebst.
3731 1583 6498 1888 J. Mh. Warum i. Likaricinmal schon. bewisse uit. Oh, is
3754 1754 6148 2052 misses!  Vor vielen Hohen! – Wei idavit en Rind
3716 1948 6234 2193 war danns.... (Auf eine Sich voll zu bezeit.) Sie durch
3750 2052 6256 2316 Caffée. Sie von den. die kennt erbigeit wis re des
3750 2182 6167 2514 nenan komt... Gaudanstück oder inde¬
3709 2298 5612 2581 A. C. as verichtet die in dein Niese..
3713 2469 6461 2890 Iulb. Weil di witt mit mir dann sprechst - 31.,
3720 2599 5697 2890 20 herwel kom wilt ind in es inde¬
3701 2748 6219 3124 JurM. Was gelt die Wett. Heiß drei ihnen heute
4807 2942 5277 3053 ne ètre pas
3757 2901 6211 3329 Ich bistde wieder willigstär; wer di avit jetzt
5455 3001 5697 3117 is self
3791 3061 4625 3262 in Belle list.
3687 3169 6692 3642 fr. Die Bekler... Da da let mielang. Ein Verberken: wie man
3839 3303 5109 3593 zu anders sind Nettles.
3716 3441 5020 3750 I.M. Der orderes... allé
6267 3545 6584 3705 term
3910 3567 4085 3724 also
3724 3623 6211 4010 evon sie vernünftige gewesen. Sie habe
