6824 4232
3777 268 5362 501 Ambros. Archim. Falbenies.
494 330 682 546 xx
3940 466 5512 716 Tois der Marten beginnert.
3676 699 5835 960 Talhevies  Gule Abend -  The Will not
3700 911 4712 1120 aber, Ambris! -
3662 1071 4879 1294 Ambros. he sette es -
3693 1175 6103 1492 talheme. Je me Ciberderter là-même Bien
4542 1342 6447 1530 Ein närrischer Einfall:.. Da de gleich befal¬
3686 1388 6138 1607 es veerleks:  selve toibere in Folge - in nur pl an.
3735 1534 6190 1753 Ambre. Car mais du n'oustet! Ce miel?
3717 1631 6117 1933 Einkeit - das dreit alle Hinel in Kolle
3679 1881 6235 2184 gibt. in che cijse Mai huvenagest... bemer¬
3742 2062 4747 2240 soll wirtt!
3752 2139 6531 2399 Teilheim Amelie u. das weil. Sie nicht auch
5832 2337 6468 2511 sich!
3766 2354 5453 2591 Credi. Das erst ich auch! -
5762 2424 6486 2608 which in de
3749 2549 6548 2740 Cambres.C. o causa Fic volans
3801 2639 6159 2900 Talkem Aif Reisen – wie ston 10 long
3700 2862 6072 3081 and to be, ine he alle- iau to wt welke
3752 3005 6221 3297 im Amelie wede geschickt — noch gesetz¬
3867 3165 5616 3401 Auszü.en. Ich denke ich mir gehen.
3919 3352 6214 3596 An deren Spruchung talut mit Anrechnung
3895 3498 6117 3742 lesquels, est un kinde waris... Is est
3891 3690 5088 3902 nohl die weise Rechte.
