3704 4216
2990 480 3133 650 16
1122 599 3209 812 im Freien übernachtet habe (Auf einer Wiese,
1181 744 2712 874 (Auch wie ich die Beutel soll rechnete hatte)
1122 806 3289 968 ganz ohne besondern Anlass. Ich streckte mich
1124 941 3184 1146 hin und liess den Frieden der Nacht um mich
1095 963 1200 1052 a. h
1135 1116 2772 1265 sein. Auf Wiedersehen Kinder. ab
466 1103 930 1275 sont unes
1097 1243 3090 1483 Morgen liebe Elisabet werde ich Sie
475 1248 968 1410 devait
1135 1375 3141 1542 meiner Mutter endlich vorsellen. Oft schon
453 1413 1011 1612 will not
1143 1531 3241 1712 hab ich von Ihnen gesprochen. Und in welchen
1149 1680 3192 1885 Worten, Sie können sichs denken. Sie sehnt
1154 1847 2680 2003 sich Sie an ihr Herz zu drücken.
1159 1995 3271 2152 Ser: Rudolf Sie sind eigentlich beinahe ein
1170 2119 1984 2311 rührender Mensch-
1165 2262 3036 2462 Elis: Warum nennst Du ihn den rührend?
1186 2373 3249 2599 Ser: Ich weiss nicht, solche Leute wie Ihr
1192 2556 3103 2734 es ist mir eigentlich immer gewesen, als
1205 2672 3203 2882 ob ich Euch durch ein verkehrtes Opernglas
1205 2866 2656 3033 sähe, so rührend weit seit ihr
1213 2942 3260 3171 Elis: Weisst Du Rudolf „ich denke doch wir
1219 3149 2184 3341 sagen uns jetzt Du.
1227 3289 2367 3497 küsst ihr die Hand.
1232 3395 3257 3613 Elsi: Du musst Seraphine nicht falsch auf
1240 3621 1591 3767 fassen.
