3624 4184
2937 353 3075 529 84
1811 447 2317 662 Dr Autes
900 535 1529 694 Zweites Bild
897 659 3190 897 Beim Judit, die noch immer mit ihrem Schwager und
900 847 2002 976 ihrer Schwester wohnt.
900 906 3266 1126 Albine eben wieder einer grossen Gefahr entgangen.
894 1091 3184 1291 Max kommt, der in Judit bis zum Wahnsinn ver-
900 1252 3252 1399 liebt ist, und sie zu seiner Frau machen möchte,
911 1364 3122 1623 Es ist immer seine Angst, dass ihm jemand zuvor
914 1617 1546 1755 gekommen ist.
908 1635 2916 1890 Sie beruhigt ihn, wier fang ich nicht an,
920 1779 3090 2011 Ein Gespräch zwischen Max und dem bösen Zwerg.
917 1955 3075 2196 Albine könnte ihren Gatten anflehen sie frei
932 2164 1905 2396 zu geben.
932 2217 3166 2481 Ihr Mann: Nein, sie ist meine Sache, ich habe
944 2364 3263 2608 sie gekauft und kann mit ihr machen was ich will.
947 2564 3284 2793 Er hegt aus irgend einem Grund Rachegefühle gegen
958 2793 1176 2931 sie.
2017 2881 2528 3093 S. C. Pesten
956 2955 1743 3172 Nore ensere huer
835 3119 3072 3372 Achne feränt geworden an, ihr hei zuerträge
1008 3310 1596 3472 den Prinzen. -
970 3396 3031 3678 Juchte zu Mrs: Gairin Sie Aivealen – und ihnen
1003 3607 2999 3828 wenden Sie in Gebäude - kaufen wenn ein Schloß.
