4037 4232
992 715 3165 894 zusammen.“ Es klang nicht einmal sehr fragend.
987 857 3139 1030 Sie blickte mir ine Auge, strich mir über die
992 1033 3234 1215 Haare, küsste mich auf die Vange und antwortete
995 1186 1665 1370 ruhig: "Nein.“
1419 1278 2066 1440 dabei blieb es
1835 1333 3266 1497 dabei. Ich redete, redete im-
1243 1411 1483 1526 Und a
998 1483 3318 1670 mer weiter, redete wie ein Marr, wiee ein Dichter,
1021 1653 3283 1815 wie ein Bankier,- so verliebt und so vernünftig,
1013 1792 3211 1994 so glühend und so klar, so sprechend und so aus
1875 1930 2663 2037 mit meinen Worten
1033 1959 3303 2170 tuefster Seele, dass ich die letzte Strasendirne
1018 2109 3260 2346 zur Umkehr auf den Vog der Tugend bewegt hätte.
1030 2247 3312 2478 Es war alles vergeblich, Endlich wurde ich - wie
1036 2392 3312 2599 das die angenehme Gewohnheit von uns Männern ist
1016 2539 3292 2709 wenn unsre Eitelkeit oder unsre Linne getränkt wird,
1114 2651 3324 2807 - bitter, boshaft und gemein. Ich fragte sie,
1062 2706 3243 2974 was ich ihr schuldig wäre. Sie erhob nicht die
1059 2853 3373 3098 Hand gegen mich, sie fing nicht an zu weinen, sich
1093 3073 3280 3251 wurde nicht grob,- sie lächelte. "Mein Lieber"
1059 3220 3300 3442 sagte sie, "du glaubst vol nicht in Ernst, dass
1059 3303 3199 3609 du bezahlen kannst, was du heute Nacht erlebt
1108 3551 1463 3765 hast.
