6776 4248
1531 65 3059 250 Teur. Lerembüre, Turcke, Tabri-
1338 399 3225 636 Bieteswitt da fluit en -:
1307 599 2383 836 her was es
1248 733 3359 1023 Mons. Aber plötzlich süd -c da ein! -
1288 961 2442 1182 Krese.    Hei Slui -?
1266 1123 3166 1354 Maa Sogrit hefft es mit ulten
1266 1347 3215 1566 serepthr wurde. Tante Seile. in
1279 1481 2361 1775 aller Cbe
1266 1587 3200 1849 Mrs. War He is empfunden..
1276 1790 3303 2115 Seept. 2t Trotes teelen und heil
1301 2033 3281 2295 où il de lud ou un ebenlève
1301 2177 3297 2380 diese, sie wir zu hell... u licht. Er¬
1294 2348 3272 2582 with me wll in trennt haben.
1319 2504 3346 2769 Serepl. As he must received in.
1257 2691 3387 3019 dios. Miss he was out derle. Sie wird
1235 2929 3244 3153 eine Frau bei der Rei und sich aus¬
1226 3075 3284 3365 copiner, wis  jelill
1322 3315 1703 3512 Det
1382 3468 3153 3736 Seacs. Obven.  And that it was
633 3558 1057 3805 vient en
1397 3649 3175 3870 artbroe din.. Ne Thure nicht...
614 3742 1141 3905 we had till.
1391 3802 3228 3973 Aber wie habe in jenem gebück¬
1397 3951 3069 4054 [illegible]  Est spél..
3624 187 5969 483 bar Wohn darauf – wer licht hiezu höre,
3624 440 5816 680 gloit nachtheflig mett avis, et qui hi ont
3624 596 4937 826 Abeuleues ouvrières
3605 798 5919 1073 Secen. Joho bebule nuit dans - sitors da
3590 970 5813 1251 Wirt ist er handel. Clei me kegrouw
3615 1148 6019 1488 we He is yet... her rale. here Iitwesler
3583 1360 4647 1603 wee Räutigen.
3633 1450 5324 1771 Mär. Ich weilt hinräussten...
3633 1659 6141 1990 terea. tot da vols? - So, die nie heut kund
3636 1868 4993 2105 dert ue mede werden
3621 2040 4575 2270 re huwerp
3615 2127 6091 2430 Arren. Oh. des klingt zu bissen Bilde bis
3680 2386 6172 2757 mit zu zweifel ein - daß ich weite hä verlich
3655 2567 5246 2838 könnte... her ist genannt.
3643 2757 5567 2978 Mr. Ch. weis Friend Amlors!...
3655 2950 6103 3234 Secaat. Gefahrheit nur hötig! Da wir sie noch
3711 3166 6016 3418 k nicht -: Ehe al das fehle wir heut!
3693 3362 5963 3593 dit habe keine seit. für Gelehren!
3624 3505 6122 3814 Mänkirchlein. Das geburt dort wohl dazu.
