3656 4168
2923 316 3065 573 83
924 517 1535 715 Zweiter Akt.
965 703 1571 877 Erstes Bild.
930 859 1535 1030 Beiremurelie.
918 939 2970 1178 Im Anfag der Prinz und der Dichter bei ihr.
930 1095 3286 1290 Man weiss nicht, warum sie der Graf verlassen hat.
930 1243 2970 1470 Ein neuer Reiz des Geheimnisses ist um sie.
945 1423 2256 1615 Aurelie fühlt sich gleiten.
951 1491 3127 1757 Der Prinz hat sie auf seine Yacht eingeladen..
954 1650 3212 1896 Der Dichter gewissermassen in seine Unsterblich
963 1913 1231 2090 keit.
983 1963 2840 2226 Später kommt Max..Sonderbar zerstreut,
980 2117 3360 2359 Arelie bittet ihn mit ihr zu fl reisen. nach ihrem
995 2279 2392 2504 Gut im Gebirge.
995 2427 2394 2669 Sie will sich ihm vermählen.
1013 2569 2548 2837 Begreift nicht warum er zögert..
1022 2746 2772 2994 Max: Lass mir Bedenkzeit bis morgen.
1033 2831 3295 3127 Aurelie merkt wie alles um sie zu wanken beginnt
481 2935 939 3085 14 hund
1042 3029 2191 3286 Nachrichtem vom Grafen?
481 3053 883 3180 der reill
1069 3047 3280 3410 Vielleicht spielt der böse Zwerg in diesem Bild
493 3150 883 3295 Uci sich
1081 3263 3212 3552 aich eine Rolle. „Auch das schon möglich“.
419 3268 735 3401 al M.
558 3301 1036 3496 Mr Witt conel
437 3416 791 3537 In engst
1092 3398 2964 3732 hil kein man gleiten... (Beyen des Cahles!)
478 3505 930 3685 an Ends.
