3688 4344
2974 475 3111 644 12
1238 602 3301 810 Elis: Er kann es mir bezeugen, ich hab ihm
1235 768 3188 921 immer abgeraten. O nicht meinetwegen. Ich
1235 929 3219 1106 bin schon eine ganz nette Person. Und auch
1230 1077 3077 1219 verl채ssich. Aber Ihr zwei, die Familie
1222 1211 3283 1359 mein Vater, was mit dem noch passieren wird,
1219 1354 2557 1504 das ist gar nicht abzusehen.
1277 1475 1483 1583 Teas
1219 1504 3209 1699 Herri: (Sie kennt mich. Ja, sie kenn mich,
1209 1678 3159 1844 So war ihre Mutter. Aber geliebt hat sie
1201 1823 3285 1992 mich doch. Nicht 체ber den Weg getraut, aber
1206 1966 1599 2111 geliebt.
2106 1958 3074 2145 der Benetius. Can Teich!
1219 2137 3137 2277 Elis: Ma und dann Seraphine..was treibst
1206 2256 1958 2441 Du denn 9 Lereptemt
1209 2393 2657 2575 Max von Rosenberg geht vorbei.
1209 2533 3198 2763 Ser: (wirft ihm eine Rose zu. Er merkt es
1203 2673 3153 2926 nicht, sie wirft noch eine, die gerade vo
1240 2831 2011 3069 ihm niederf채llt
1203 3000 2462 3188 Max: O das galt wohl mir?
1216 3159 1665 3317 Ser: Ja.
1203 3248 3283 3449 Mak: etwas geziert Ich bin ungl체cklich,
1206 3422 3327 3623 dass ich mich nicht gleich revandi ren kann.
