<?xml version="1.0" encoding="UTF-8" standalone="yes"?>
<PcGts xmlns="http://schema.primaresearch.org/PAGE/gts/pagecontent/2013-07-15" xmlns:xsi="http://www.w3.org/2001/XMLSchema-instance" xsi:schemaLocation="http://schema.primaresearch.org/PAGE/gts/pagecontent/2013-07-15 http://schema.primaresearch.org/PAGE/gts/pagecontent/2013-07-15/pagecontent.xsd">
    <Metadata>
        <Creator>prov=READ-COOP:name=TrHtr:version=2.1.0:model_id=51170:date=29_07_2023_21:37</Creator>
        <Created>2023-05-10T13:14:50.287+02:00</Created>
        <LastChange>2023-07-29T21:37:24.158+02:00</LastChange>
        <TranskribusMetadata docId="1428570" pageId="55410103" pageNr="39" tsid="131464672" status="IN_PROGRESS" userId="64420" imgUrl="https://files.transkribus.eu/Get?id=PWPMTHZXDOWITUKBVFCYFOEO&amp;fileType=view" xmlUrl="https://files.transkribus.eu/Get?id=DYWLEKLSRNATGSQIKCZESDRJ" imageId="44684246"/>
    </Metadata>
    <Page imageFilename="1428570_0039.jpg" imageWidth="3608" imageHeight="4152">
        <ReadingOrder>
            <OrderedGroup id="ro_1711793175972" caption="Regions reading order">
                <RegionRefIndexed index="0" regionRef="tr_2"/>
                <RegionRefIndexed index="1" regionRef="tr_1"/>
            </OrderedGroup>
        </ReadingOrder>
        <TextRegion id="tr_2" custom="readingOrder {index:0;}">
            <Coords points="1283,361 3307,361 3307,1514 1283,1514"/>
            <TextLine id="tr_2_tl_1" custom="readingOrder {index:0;}">
                <Coords points="2853,428 2930,448 2958,435 3002,464 3073,428 3138,464 3168,446 3225,453 3217,328 3179,320 3127,338 3015,307 2968,330 2948,325 2922,351 2897,336 2848,361"/>
                <Baseline points="2865,411 2910,411 2955,414 2999,414 3044,417 3089,420 3134,420 3178,429 3223,429 3229,426"/>
                <TextEquiv>
                    <Unicode>versubaines</Unicode>
                </TextEquiv>
            </TextLine>
            <TextLine id="tr_2_tl_2" custom="readingOrder {index:1;}">
                <Coords points="1457,730 3217,766 3184,612 3004,640 2830,581 2561,643 2008,566 1455,635"/>
                <Baseline points="1471,707 1516,704 1561,704 1605,701 1650,704 1695,704 1740,707 1784,704 1829,707 1874,710 1919,710 1964,713 2008,713 2053,716 2098,716 2143,716 2187,716 2232,719 2277,719 2322,719 2367,719 2411,722 2456,722 2501,722 2546,725 2590,725 2635,728 2680,731 2725,731 2769,734 2814,734 2859,734 2904,734 2949,734 2993,737 3038,737 3083,737 3128,737 3172,740 3217,737 3223,740"/>
                <TextEquiv>
                    <Unicode>Es war am späten Nachmittag. Ziemlich</Unicode>
                </TextEquiv>
            </TextLine>
            <TextLine id="tr_2_tl_3" custom="readingOrder {index:2;}">
                <Coords points="1278,871 3166,907 3163,771 3099,761 1276,784"/>
                <Baseline points="1292,856 1337,853 1382,853 1426,853 1471,856 1516,859 1561,859 1605,862 1650,862 1695,862 1740,862 1784,862 1829,862 1874,865 1919,868 1964,868 2008,868 2053,871 2098,871 2143,868 2187,871 2232,871 2277,871 2322,874 2367,874 2411,874 2456,877 2501,877 2546,877 2590,877 2635,880 2680,883 2725,883 2769,883 2814,886 2859,886 2904,886 2949,886 2993,886 3038,886 3083,889 3128,892 3172,892"/>
                <TextEquiv>
                    <Unicode>rasch glitt der grosse Dampfer durch die</Unicode>
                </TextEquiv>
            </TextLine>
            <TextLine id="tr_2_tl_4" custom="readingOrder {index:3;}">
                <Coords points="1281,1022 3204,1094 3202,943 2933,958 2863,899 2694,948 1278,917"/>
                <Baseline points="1295,1011 1340,1011 1384,1014 1429,1014 1474,1014 1519,1017 1564,1014 1608,1017 1653,1017 1698,1017 1743,1020 1787,1020 1832,1020 1877,1020 1922,1023 1967,1023 2011,1023 2056,1023 2101,1023 2146,1026 2190,1026 2235,1026 2280,1029 2325,1029 2370,1032 2414,1032 2459,1032 2504,1032 2549,1035 2593,1035 2638,1035 2683,1035 2728,1035 2772,1038 2817,1038 2862,1041 2907,1041 2952,1041 2996,1044 3041,1047 3086,1047 3131,1053 3175,1053 3211,1059"/>
                <TextEquiv>
                    <Unicode>Wogen hin. Gestern Nacht hatte er Hamburg</Unicode>
                </TextEquiv>
            </TextLine>
            <TextLine id="tr_2_tl_5" custom="readingOrder {index:4;}">
                <Coords points="1293,1204 3301,1217 3299,1101 3227,1094 3076,1165 2812,1099 2323,1150 1731,1135 1544,1053 1291,1094"/>
                <Baseline points="1304,1167 1349,1170 1393,1170 1438,1173 1483,1173 1528,1173 1573,1173 1617,1176 1662,1176 1707,1176 1752,1176 1796,1179 1841,1179 1886,1179 1931,1179 1976,1182 2020,1182 2065,1182 2110,1182 2155,1185 2199,1185 2244,1187 2289,1187 2334,1190 2378,1190 2423,1193 2468,1190 2513,1190 2558,1193 2602,1190 2647,1193 2692,1193 2737,1193 2781,1193 2826,1196 2871,1196 2916,1199 2961,1199 3005,1199 3050,1202 3095,1202 3140,1202 3184,1202 3229,1205 3274,1205 3307,1205"/>
                <TextEquiv>
                    <Unicode>verlassen und steuerte gegen Stavanger. Nun</Unicode>
                </TextEquiv>
            </TextLine>
            <TextLine id="tr_2_tl_6" custom="readingOrder {index:5;}">
                <Coords points="1268,1357 1493,1373 1601,1334 1672,1368 1713,1340 2029,1370 2080,1337 2318,1365 2315,1247 2215,1232 1865,1219 1788,1258 1544,1211 1268,1250"/>
                <Baseline points="1283,1328 1328,1325 1373,1328 1417,1328 1462,1325 1507,1328 1552,1328 1596,1328 1641,1328 1686,1328 1731,1328 1776,1331 1820,1331 1865,1331 1910,1334 1955,1331 1999,1334 2044,1334 2089,1337 2134,1337 2178,1337 2223,1340 2268,1343 2313,1346 2319,1343"/>
                <TextEquiv>
                    <Unicode>war man auf hoher See.</Unicode>
                </TextEquiv>
            </TextLine>
            <TextLine id="tr_2_tl_7" custom="readingOrder {index:6;}">
                <Coords points="1498,1473 3278,1516 3276,1434 2945,1375 1496,1388"/>
                <Baseline points="1513,1465 1558,1462 1602,1465 1647,1465 1692,1468 1737,1468 1781,1468 1826,1471 1871,1474 1916,1474 1961,1477 2005,1477 2050,1477 2095,1477 2140,1477 2184,1480 2229,1480 2274,1480 2319,1483 2364,1483 2408,1486 2453,1486 2498,1489 2543,1489 2587,1489 2632,1492 2677,1492 2722,1492 2767,1495 2811,1495 2856,1498 2901,1498 2946,1498 2990,1501 3035,1501 3080,1501 3125,1501 3169,1504 3214,1501 3259,1501 3283,1498"/>
                <TextEquiv>
                    <Unicode>Um diese Zeit - es war am frühen Nach-</Unicode>
                </TextEquiv>
            </TextLine>
        </TextRegion>
        <TextRegion id="tr_1" custom="readingOrder {index:1;}">
            <Coords points="1250,1573 3304,1573 3304,3675 1250,3675"/>
            <TextLine id="tr_1_tl_1" custom="readingOrder {index:0;}">
                <Coords points="1258,1657 2244,1642 3217,1724 3214,1585 3009,1547 1255,1542"/>
                <Baseline points="1271,1623 1316,1623 1361,1623 1405,1623 1450,1626 1495,1629 1540,1626 1584,1629 1629,1629 1674,1629 1719,1629 1764,1632 1808,1632 1853,1632 1898,1632 1943,1635 1987,1635 2032,1638 2077,1635 2122,1638 2167,1641 2211,1638 2256,1641 2301,1641 2346,1644 2390,1644 2435,1644 2480,1647 2525,1647 2570,1647 2614,1647 2659,1650 2704,1650 2749,1653 2793,1653 2838,1656 2883,1656 2928,1656 2972,1656 3017,1656 3062,1656 3107,1659 3152,1656 3196,1656 3220,1662"/>
                <TextEquiv>
                    <Unicode>mittag - mochten die meisten Reisenden ru-</Unicode>
                </TextEquiv>
            </TextLine>
            <TextLine id="tr_1_tl_2" custom="readingOrder {index:1;}">
                <Coords points="1255,1818 3289,1854 3286,1737 3143,1696 1252,1698"/>
                <Baseline points="1268,1790 1313,1793 1358,1793 1402,1793 1447,1793 1492,1793 1537,1793 1581,1796 1626,1793 1671,1796 1716,1796 1761,1796 1805,1796 1850,1796 1895,1796 1940,1796 1984,1799 2029,1799 2074,1799 2119,1799 2164,1799 2208,1799 2253,1799 2298,1802 2343,1805 2387,1805 2432,1805 2477,1808 2522,1805 2567,1805 2611,1808 2656,1808 2701,1808 2746,1811 2790,1811 2835,1811 2880,1814 2925,1814 2969,1814 3014,1814 3059,1814 3104,1814 3149,1814 3193,1811 3238,1811 3283,1805 3295,1808"/>
                <TextEquiv>
                    <Unicode>hen. Viele waren in den Kajüten, einige spa-</Unicode>
                </TextEquiv>
            </TextLine>
            <TextLine id="tr_1_tl_3" custom="readingOrder {index:2;}">
                <Coords points="1255,2003 3237,2021 3237,1903 3071,1859 1255,1888"/>
                <Baseline points="1268,1961 1313,1958 1358,1955 1402,1955 1447,1952 1492,1955 1537,1955 1581,1955 1626,1955 1671,1955 1716,1955 1761,1955 1805,1955 1850,1958 1895,1955 1940,1955 1984,1958 2029,1958 2074,1958 2119,1958 2164,1958 2208,1958 2253,1958 2298,1961 2343,1961 2387,1958 2432,1961 2477,1961 2522,1964 2567,1961 2611,1961 2656,1961 2701,1961 2746,1961 2790,1964 2835,1964 2880,1964 2925,1964 2969,1967 3014,1967 3059,1967 3104,1964 3149,1967 3193,1964 3238,1961 3241,1961"/>
                <TextEquiv>
                    <Unicode>zierten auf dem Verdeck auf und ab, andere</Unicode>
                </TextEquiv>
            </TextLine>
            <TextLine id="tr_1_tl_4" custom="readingOrder {index:3;}">
                <Coords points="1250,2139 3202,2167 3202,2018 3094,2003 2113,2059 1250,2005"/>
                <Baseline points="1265,2116 1283,2116 1328,2113 1373,2116 1417,2113 1462,2116 1507,2113 1552,2113 1596,2113 1641,2113 1686,2116 1731,2113 1776,2113 1820,2113 1865,2113 1910,2113 1955,2113 1999,2116 2044,2116 2089,2116 2134,2116 2178,2116 2223,2116 2268,2116 2313,2116 2358,2116 2402,2116 2447,2116 2492,2113 2537,2119 2581,2116 2626,2116 2671,2116 2716,2119 2761,2119 2805,2119 2850,2122 2895,2122 2940,2122 2984,2119 3029,2119 3074,2119 3119,2119 3163,2116 3208,2110"/>
                <TextEquiv>
                    <Unicode>sassen auf den Bänken oder Sesseln, blick-</Unicode>
                </TextEquiv>
            </TextLine>
            <TextLine id="tr_1_tl_5" custom="readingOrder {index:4;}">
                <Coords points="1265,2272 2162,2256 2323,2315 3007,2336 3004,2187 2879,2162 1265,2192"/>
                <Baseline points="1280,2253 1325,2250 1370,2250 1414,2250 1459,2250 1504,2250 1549,2250 1593,2250 1638,2250 1683,2250 1728,2250 1773,2253 1817,2253 1862,2253 1907,2256 1952,2256 1996,2256 2041,2256 2086,2256 2131,2256 2175,2259 2220,2259 2265,2262 2310,2262 2355,2262 2399,2262 2444,2262 2489,2265 2534,2262 2578,2265 2623,2265 2668,2265 2713,2265 2758,2265 2802,2265 2847,2268 2892,2268 2937,2268 2981,2271 3011,2274"/>
                <TextEquiv>
                    <Unicode>ten ins Wasser oder ind die Luft oder</Unicode>
                </TextEquiv>
            </TextLine>
            <TextLine id="tr_1_tl_6" custom="readingOrder {index:5;}">
                <Coords points="1255,2433 1293,2446 1370,2428 1460,2438 1493,2418 1591,2446 1747,2436 1747,2367 1713,2372 1649,2344 1414,2336 1350,2354 1304,2326 1255,2328"/>
                <Baseline points="1268,2405 1313,2402 1358,2402 1402,2402 1447,2402 1492,2402 1537,2402 1581,2402 1626,2405 1671,2405 1716,2408 1752,2411"/>
                <TextEquiv>
                    <Unicode>schliefen.</Unicode>
                </TextEquiv>
            </TextLine>
            <TextLine id="tr_1_tl_7" custom="readingOrder {index:6;}">
                <Coords points="1427,2574 2866,2577 3281,2641 3281,2497 3107,2456 1427,2497"/>
                <Baseline points="1441,2564 1486,2564 1531,2564 1576,2561 1620,2561 1665,2561 1710,2561 1755,2561 1799,2564 1844,2564 1889,2564 1934,2564 1978,2564 2023,2564 2068,2567 2113,2567 2158,2567 2202,2567 2247,2570 2292,2572 2337,2570 2381,2570 2426,2570 2471,2572 2516,2572 2561,2572 2605,2572 2650,2572 2695,2572 2740,2572 2784,2572 2829,2575 2874,2575 2919,2575 2964,2575 3008,2575 3053,2578 3098,2578 3143,2578 3187,2578 3232,2578 3277,2578 3286,2578"/>
                <TextEquiv>
                    <Unicode>Zwei Herren sassen ganz in der Nahe des</Unicode>
                </TextEquiv>
            </TextLine>
            <TextLine id="tr_1_tl_8" custom="readingOrder {index:7;}">
                <Coords points="1245,2738 3189,2779 3189,2633 3066,2605 2318,2669 1245,2638"/>
                <Baseline points="1259,2704 1304,2707 1349,2707 1393,2707 1438,2710 1483,2713 1528,2710 1573,2710 1617,2713 1662,2713 1707,2710 1752,2710 1796,2710 1841,2713 1886,2713 1931,2716 1976,2716 2020,2716 2065,2719 2110,2719 2155,2716 2199,2719 2244,2719 2289,2719 2334,2719 2378,2719 2423,2719 2468,2719 2513,2719 2558,2722 2602,2722 2647,2722 2692,2722 2737,2725 2781,2725 2826,2725 2871,2728 2916,2728 2961,2728 3005,2728 3050,2728 3095,2728 3140,2731 3184,2731 3196,2731"/>
                <TextEquiv>
                    <Unicode>Kiels auf den bequemen Schiffsstühlen aus</Unicode>
                </TextEquiv>
            </TextLine>
            <TextLine id="tr_1_tl_9" custom="readingOrder {index:8;}">
                <Coords points="1242,2948 1450,2884 3296,2917 3294,2782 2971,2753 2717,2810 1240,2810"/>
                <Baseline points="1256,2862 1301,2865 1346,2868 1390,2868 1435,2871 1480,2868 1525,2868 1570,2868 1614,2868 1659,2868 1704,2868 1749,2868 1793,2868 1838,2868 1883,2868 1928,2871 1973,2871 2017,2871 2062,2871 2107,2871 2152,2871 2196,2871 2241,2871 2286,2874 2331,2877 2375,2877 2420,2877 2465,2877 2510,2877 2555,2877 2599,2880 2644,2880 2689,2877 2734,2880 2778,2880 2823,2880 2868,2880 2913,2880 2958,2883 3002,2883 3047,2880 3092,2883 3137,2886 3181,2886 3226,2886 3271,2886 3304,2886"/>
                <TextEquiv>
                    <Unicode>jegeltuch und rauchten. Es waren Freunde aus</Unicode>
                </TextEquiv>
            </TextLine>
            <TextLine id="tr_1_tl_10" custom="readingOrder {index:9;}">
                <Coords points="1242,3035 1396,3094 1949,3030 3240,3056 3240,2948 3135,2940 1242,2948"/>
                <Baseline points="1256,3014 1301,3017 1346,3017 1390,3017 1435,3020 1480,3017 1525,3020 1570,3020 1614,3020 1659,3020 1704,3020 1749,3023 1793,3023 1838,3023 1883,3023 1928,3023 1973,3023 2017,3023 2062,3026 2107,3026 2152,3026 2196,3026 2241,3029 2286,3029 2331,3029 2375,3029 2420,3029 2465,3029 2510,3029 2555,3029 2599,3032 2644,3032 2689,3032 2734,3032 2778,3032 2823,3032 2868,3035 2913,3035 2958,3038 3002,3038 3047,3035 3092,3035 3137,3035 3181,3038 3226,3038 3247,3038"/>
                <TextEquiv>
                    <Unicode>früherer Zeit, die der Zufall hier auf dem</Unicode>
                </TextEquiv>
            </TextLine>
            <TextLine id="tr_1_tl_11" custom="readingOrder {index:10;}">
                <Coords points="1242,3184 1972,3184 2269,3271 2571,3181 3278,3271 3260,3073 1240,3089"/>
                <Baseline points="1256,3172 1301,3169 1346,3166 1390,3166 1435,3169 1480,3169 1525,3169 1570,3169 1614,3172 1659,3172 1704,3169 1749,3172 1793,3172 1838,3172 1883,3175 1928,3175 1973,3175 2017,3178 2062,3178 2107,3175 2152,3175 2196,3178 2241,3178 2286,3181 2331,3181 2375,3181 2420,3181 2465,3181 2510,3184 2555,3181 2599,3184 2644,3184 2689,3181 2734,3184 2778,3187 2823,3187 2868,3190 2913,3190 2958,3190 3002,3193 3047,3193 3092,3193 3137,3193 3181,3193 3226,3193 3271,3193 3286,3196"/>
                <TextEquiv>
                    <Unicode>Schiff wieder zusammengesführt hatte. Nachts</Unicode>
                </TextEquiv>
            </TextLine>
            <TextLine id="tr_1_tl_12" custom="readingOrder {index:11;}">
                <Coords points="1250,3325 2157,3335 2318,3412 2612,3345 3266,3391 3263,3271 1247,3258"/>
                <Baseline points="1265,3319 1310,3319 1355,3322 1399,3322 1444,3322 1489,3325 1534,3322 1579,3322 1623,3325 1668,3325 1713,3322 1758,3325 1802,3325 1847,3325 1892,3325 1937,3328 1981,3328 2026,3328 2071,3331 2116,3331 2161,3331 2205,3331 2250,3331 2295,3331 2340,3334 2384,3334 2429,3337 2474,3334 2519,3337 2564,3337 2608,3340 2653,3340 2698,3340 2743,3337 2787,3340 2832,3340 2877,3343 2922,3343 2966,3343 3011,3343 3056,3343 3101,3343 3146,3343 3190,3343 3235,3346 3271,3343"/>
                <TextEquiv>
                    <Unicode>waren sie wie Schatten an einander vorüber-</Unicode>
                </TextEquiv>
            </TextLine>
            <TextLine id="tr_1_tl_13" custom="readingOrder {index:12;}">
                <Coords points="1240,3496 1811,3547 2771,3494 3184,3570 3140,3409 2246,3432 2062,3340 1826,3332 1647,3424 1237,3432"/>
                <Baseline points="1253,3483 1298,3480 1343,3477 1387,3474 1432,3474 1477,3474 1522,3474 1567,3474 1611,3474 1656,3480 1701,3480 1746,3480 1790,3480 1835,3480 1880,3480 1925,3480 1970,3486 2014,3486 2059,3483 2104,3480 2149,3483 2193,3483 2238,3480 2283,3483 2328,3480 2372,3483 2417,3483 2462,3486 2507,3489 2552,3489 2596,3489 2641,3489 2686,3492 2731,3492 2775,3492 2820,3492 2865,3495 2910,3495 2955,3495 2999,3495 3044,3495 3089,3498 3134,3498 3178,3498 3190,3498"/>
                <TextEquiv>
                    <Unicode>geschwebt, heute Früh hatten sie einander</Unicode>
                </TextEquiv>
            </TextLine>
            <TextLine id="tr_1_tl_14" custom="readingOrder {index:13;}">
                <Coords points="1237,3663 2192,3775 2438,3681 2710,3760 3191,3698 3189,3570 3135,3558 1237,3591"/>
                <Baseline points="1250,3650 1295,3644 1340,3641 1384,3638 1429,3638 1474,3638 1519,3635 1564,3638 1608,3638 1653,3641 1698,3638 1743,3638 1787,3638 1832,3641 1877,3644 1922,3644 1967,3647 2011,3647 2056,3647 2101,3647 2146,3647 2190,3650 2235,3650 2280,3650 2325,3650 2370,3650 2414,3650 2459,3650 2504,3650 2549,3653 2593,3653 2638,3653 2683,3653 2728,3653 2772,3656 2817,3659 2862,3659 2907,3659 2952,3659 2996,3659 3041,3662 3086,3662 3131,3662 3175,3665 3196,3662"/>
                <TextEquiv>
                    <Unicode>gesehen und begrüsst. Sieben Jahre hatten</Unicode>
                </TextEquiv>
            </TextLine>
        </TextRegion>
    </Page>
</PcGts>
