6920 4392
351 341 633 599 110.
929 389 1992 554 will be when.
1097 468 3244 740 zu Alk. - Was heidig sei ein aussi
1094 605 3268 857 1 beffen? Weiss und diesen hau¬
1132 781 3302 1004 sich während - : -!  Er kommt, er holl des
1060 925 3251 1197 lias. Id. will i her man - daß di un
1121 1142 1696 1328 verwst.
1090 1197 3220 1520 zollt. Ist ihm - daß de in hart - die
674 1366 3234 1692 drei sibl. uneetorti Liebe toll jemendt.
616 1438 1032 1624 ( Karpent)
1108 1565 3216 1837 das. Ich will be würde, mit mir ein
1187 1758 1486 1923 shil.
1166 1765 3299 2092 Zich. Ummeid  in Liebel die, we¬
1163 1975 3316 2181 recht ich halte! - I ihm spielst de diet of
1097 2112 3337 2356 Herr auf. Hatt ich das Ampt - -?
1207 2294 3382 2515 Dis cept uhr gut - ich gel die - en heute
1104 2439 3419 2697 - med jel die erste die: - So vers sturnd
1204 2625 2841 2886 vid faugt wiltgede an...
1201 2807 3330 3020 Mas. Ich hin in deme Schil; ist al
1211 2958 3299 3189 Ce huit de fait Tog - de jallich
1269 3134 2116 3320 te schleit die:
1276 3175 3278 3478 Zi M. - Nein. die nä en ses deut.
1190 3323 3289 3633 un bleibe. Lei- und¬
1245 3523 3296 3763 dieser habe. Und wisse die
1190 3670 3210 3925 sibecheider - Eice, der... Er
1276 3815 3158 4028 thine E. schön. - Man alles ist. ei
1386 3997 3230 4228 was in the 12 deine Leben.
4090 210 4303 378 it is
6450 237 6687 430 13
3729 316 6223 475 Ende... Mall was une treile où to... infal
3767 433 6216 695 mit ausgericht. Ein leiten finden. Am
3825 630 6220 826 die meist zeit thun – dich dir in 't Mal
3787 760 6316 1035 mit Nachricht.. Ein neues Tag'.
3777 912 6065 1214 an denken – wenig. i a dit
3787 1090 4266 1321 bringt
3753 1214 6144 1441 Mons. Christ. at ies nu bete beit zu Ende.
3774 1400 6536 1596 si dt. Furstung. (Geliebter-lebt wohl.) W ich in Juli.
3719 1562 6185 1827 ber uns in der in einander nie begegen
3777 1706 5635 1947 Jurill. Wocerp.?  Geare wyl.
3750 1889 5803 2092 lien. hobei avec ceul des fehre¬
3770 2012 6178 2274 Ziell. Das is gleich. Fort-fort. unter
3832 2250 5748 2487 sus ferne... lebe wokl - geliebte -
3822 2408 4751 2614 tres pliebte -
3846 2535 6061 2866 I.M. (verschneidet a été formés).
3853 2752 5074 3031 (The schliept and)
3908 2921 5841 3203 lieux (nicht allein, bienter, en
4004 3172 4895 3392 en Borst -)
