6888 4312
413 255 659 441 48.
3627 252 4828 545 20. Teux. Salhenies.
3763 460 5307 718 Tirritif - Secretaire
3690 637 5556 914 Ture. Cette ou tems l'autre tes!
3731 845 5575 1103 terent, très obin di singst, Vater -
3822 986 5234 1279 Telt. très est même toebte
3782 1119 5083 1412 Talk. nicht in hacke,
3794 1216 6255 1598 Hapt. Es macht aus keinen Spap die heuschein¬
3822 1491 5086 1739 zum besten zu halten.
3794 1635 6047 1913 Ten. he ist ein Bürtleri – Votine - Wir
5121 1815 6536 2077 Töninée... Die mölen Zuschr..
3772 1850 5055 2096 werden Amerle geben. -
4122 2067 5001 2310 Tuertis - Fabri
3750 2250 6255 2524 Turstin. Haben Sie schon schritt -: - trente he -
3766 2417 6013 2723 der Trung schlechst Schloss-faiter bei! -
5414 2641 5754 2757 Excellence.
3725 2634 6135 2874 Was you in Enfall... true Bain-mede
3744 2801 4843 3050 einmal hier.
3797 2959 6173 3192 dahin. Es hatte ihn wir schenken sollen.
3816 3164 5912 3441 D. Fall ist laut Faite gegeben.
3832 3343 6369 3718 Iva fragt der heute auf solcher so sich
3854 3592 4191 3826 on -
