3611 4408
2795 385 2936 529 23
840 502 2875 652 Lebens gedenk ich auf Reisen zu verbringen.
843 608 2977 849 Fürstin: Der Rest Ihres Lebens.? Sie sind 26
849 734 3162 948 Prinz: Der Rest eines Nebens fängt manchmal sehr
857 963 1271 1122 früh an.
866 972 3212 1239 Frl: W- Sie sollten sich aber wenigwtens ein Appar
863 1180 2854 1436 tement in dem Schloss reservieren lassen.
872 1307 3010 1521 Werden Sie auf Ihrer Yacht ganz allein sein?
884 1459 3104 1659 pinz: Nein. Ich werde mir an jedem Hafenplatz
890 1577 3195 1800 eine Begleiterin suchen, die am nächsten wieder
890 1759 3221 1947 ans hand gesetzt wird. Darin liegt natürlich ein
948 1897 2602 2102 ewisses Risiko für die Begleiterin.
896 1956 3262 2326 Frl: W. Warum? Ueberall gibt es galante Männer.
948 2185 3098 2443 Prinz: Aber auf manchen Inseln auch Menschen
925 2425 1304 2581 fresser.
937 2563 3292 2831 Fürstin: Sie werden sichs wieder überlegen Prinz.
937 2716 3121 3027 Prinz. Ich lasse meinen Notar sofort kommen,
1004 2883 3145 3130 Erweisen Sie mir die Ehre, Fürstin, vor Miter
963 3021 3089 3300 nacht wird der Schenkungsakt aufgesetzt sein.
975 3127 3109 3471 Frl: W- Wir kind ausverkauft, wird können das
981 3388 1991 3582 Zelt wohl schliessen.
987 3459 2663 3805 Firstin: Eine Flasche ist noch da.
