3651 4216
3212 527 3350 659 72
1156 638 3552 846 Baronesse Aurelie tritt auf, der Prinz, der Dichter
1153 811 1785 974 und der Graf.
1150 930 3478 1129 Aurelie hat sich heute unter ihren drei Bewerbern
1156 1076 2399 1269 für den Grafen entschieden
1153 1237 2610 1410 Der prinz, sehr schön und jung.
1153 1413 2336 1553 Der Dichter, weltberühmt.
1144 1535 3320 1666 Der Graf: Viel gereist, philosophisch, schwer
1147 1696 3278 1877 mütig, leidenschaftlich. Beinahe grau. Aber
1156 1874 1690 1994 sehr schön.
1150 2006 1880 2178 Ueber das Fest.
1153 2146 1880 2312 Ueber den Park.
1153 2298 3266 2417 Die Baronesse hat als Kind hier oft gespielt.
1162 2405 3236 2616 Ueber die verstorbenen Eltern der Baronesse.
1165 2599 2262 2739 Man tritt zum Zelt hin.
1162 2697 3436 2885 Die Fürstin spricht Aurelie den Dank aus für die
1168 2885 1839 3066 grosse Spende
1165 2989 3025 3168 Zu welchem Zweck findet das Fest statt?
1174 3177 3117 3338 Vielleicht ist es noch nicht entschieden.
1192 3248 3233 3475 Gespräch über die bestmögliche Verwendung
1186 3457 3183 3630 Heim für verführte und verlassene Mädchen.
1198 3594 3472 3832 Das Thema wird angeschlagen, gibt es Verführung.
