6936 4376
6423 204 6659 449 101
343 385 601 646 110
3701 369 4765 676 4 Juchbr. Max.
3688 592 4545 866 brac. Juristr.
3721 740 5919 1025 witt. Sie sindt? – – Was wollen hi -!
3692 889 6016 1222 les Jukk. de kurz de eine, binnet in
3695 1070 6006 1322 aufel habe. Nein-verseust ou Hers ou
3721 1160 6320 1490 sion.  Il kui se cet assocte! - Il fait, - elle
5628 1312 6278 1477 strenächs.
3708 1364 6042 1668 zu ich sie sein? – Liebeheflig? Wenn man
3753 1542 5896 1872 Amilius Branlige is dest ick.
3701 1742 6016 1991 in to he [illegible] nie - & said he
3708 1991 4723 2198 vollasit weh.
3717 2117 6116 2382 la. Cs ist irrbes, - ceci : semet 2 à..
3805 2279 5773 2538 zurück. Vorbe.. Sie, deren hoffert.
3740 2466 5818 2761 bes. Tötoffer - Nei -Cit-ctum
3801 2631 5870 2929 Zeit Unrufe es.. Million kein
3750 2816 6080 3155 lées. – Gros nimert wich... Ist liefe Le¬
3788 2993 6090 3378 Jochs. Habe sie sie ein meenehillem
3831 3275 4674 3488 verschnicht?
3827 3284 6161 3669 bei. Vielleicht. Ich mit die ganze
3902 3604 5133 3876 great - he is must
3989 3562 6488 4021 Judit. Ist durch – hie ließen wären. Sie weduert
1607 4092 1823 4199 o
