3912 4264
1020 513 1584 707 stehen hat.
1008 695 3266 844 Hier ist der Verführer,er muss ihm die pand
1023 819 2322 1023 drücken wie einem Freund.
1011 986 3423 1193 Er muss das Bild Gyaras betrachten können, ohne
1005 1144 1554 1375 zu leiden.
1011 1275 3229 1478 Fr muss auch wissen, dass sie gerade in der
1017 1408 3375 1651 Nacht vorher an Ambrosius Türe war und dieser
1011 1590 2021 1788 sie verschmäht hat.
1014 1748 3284 1903 Ambrosius hat Falkenir selbst gerufen,daher
1023 1894 3323 2088 sein Verhalten gegenüber Aurolie.Er sagt ihr
1020 2036 2704 2246 die Wahrheit ehe Falkenir kommt.
1017 2167 3332 2376 fast besteht Falkenir die Prüfungen,doch das
1020 2316 3369 2519 Schiff mit ihr em Bild fährt davon und sie tö-
1035 2489 3420 2722 tet sich. (Sie muss dazu natürlich längst ent-
1032 2665 1897 2865 schlossen sein).
1032 2810 3420 3008 Dem Ambrosius erscheinen seine Terminen lächer
1047 2983 3235 3156 lich. Er hat sich seinem Blatt als Kriegsbe-
1038 3096 3475 3317 richterstatter angeboten.Gegen Aktschluss kommt
1032 3266 2628 3530 das Telegramm mit der Annahme,
