3304 4168
2658 479 2750 731 36
950 610 2973 868 Mein zweiter Bruder hat mir aus Monte Carlo
1021 810 2958 1042 um tausend Francs telegraphiert. Seither
958 987 2886 1134 hab ich nichts von ihm gehört. Und ich..
968 1184 2950 1350 Silberst: Du.. na was denn? Viel kannst Du
966 1321 2944 1513 noch nicht durchgebucht haben. Die Frauen
968 1476 1771 1623 hast Du umsonst..
979 1563 2894 1818 Max: Hast Du eine Ahnung was das kostet.
992 1708 3031 1963 Silberst: Und peine Kravatten...Herr Gott
979 1879 2176 2081 hast Du heut wieder eine.
987 1963 3092 2237 Max: Du bist ja so gut unterrichtet, hast Du
987 2144 2694 2389 vom Fallissement Klein nichts geät?
997 2305 2973 2563 Silberst: Natürlich. Er wird übrigens mor
1010 2392 2986 2665 gen in London verhaftet werden. Hast Du da
1018 2626 1968 2834 etwas seld verloren?
1016 2700 3134 2984 Max: Hm, einiges. Weisst Du wieviel ich noch
1018 2844 3100 3134 habein diesem Augenblick? Achttausend gulden
1026 3092 1445 3260 ungefähr
1039 3205 1852 3407 Silberst: Rente?
1045 3352 2050 3534 Max. Nein, Vermögen.
1058 3426 3068 3710 Silberst: Mensch., das erzählst Du mir so,
