6888 4248
336 229 502 416 16
110 312 269 474 a
823 254 2205 492 Elis. Das überrieven -
896 474 3111 722 Ked. ben Regnueul huit vart chartois-
416 636 756 820 Hierder
942 633 2267 820 und ist werde Hosehmen
456 771 789 924 I am so
930 752 3053 973 Teul lud des bejor- un mil février.
444 853 829 1052 als Unterbruch
924 936 3047 1123 2t hebt es gut. nicht ents partist. vnd
829 1068 2282 1269 me) - On fit in bien
878 1217 3307 1410 Sespt. And is [illegible] Verhilleren - endler
382 1401 569 1514 we
945 1407 3368 1652 Elis. Wo. ich, und   jeurstele Verhaltenen
388 1511 569 1624 be
933 1600 3181 1756 wie wird das an cede.  In ich deut
985 1722 3255 1951 auch nur Haus einer hügel Eindruck¬
1104 2114 1918 2322 Yours Komms
982 2260 2374 2484 Gul Cilend - Saure -
1086 2404 1841 2551 Schöne Sauer. -
930 2505 3108 2722 Tevr. Sie kunne an den geb. gerst
915 2664 3126 2903 (Zu Lerept.) Glaubst di – ne weiter uit
808 2869 1771 3047 leibis ube auch
960 3025 3053 3227 Séript tras fellt du en : Lébiter
927 3273 1327 3401 jurez -
945 3346 2995 3594 Ter has ist a été. Cbe in verse
1811 3554 2946 3765 neunen in auch
967 3536 1667 3729 en nicht.
6512 95 6677 343 14
3713 245 6044 520 Ten. Aber nellendt also ne mis willers hoffng
3784 440 5858 661 so umbe heben. - Auf hiedersch Runde
3732 581 5001 774 Elis. Lugehof - Vater¬
3768 743 5194 930 Sne.  Auf ein paar hi unter
3811 878 6136 1083 Eli. Um huisterst morgen früh nach Hose!
3814 1052 6047 1239 Sev. Freilich. Sich habe je nie 11 eine Litter¬
3778 1193 6154 1395 seben. Die waren wissen zu Tied bei uns:
4915 1373 5802 1664 - : (cl.)
3826 1379 4717 1612 Bruderschaft -
3970 1750 6050 2031 (Secretaire - Elisabeth - Leindorf -
3778 1991 5463 2218 Ehr. Was und das mir unter
3793 2153 6255 2447 Secopt. keine Angst. Schwedert. ato. ist es
3820 2364 6188 2560 willich weglich aus mit den hübschen
3793 2508 6212 2774 Hendustunden Abends in den Schlafe
3778 2765 4123 2979 get.
3848 2857 5136 3047 Elis. the nei allen-
3793 2970 6243 3242 Secret. Riviteeisen.  Iu Officierhorioo a
3860 3248 6099 3444 flarting wex ct at it ci unel speiles.
