6520 4136
4552 267 5710 576 Der Verführer.
4251 651 6151 846 im Abend vorher, eine halbe Stunde vor Mit
4276 820 6165 983 cht, war das Schiff von Hamburg abgegangen.
4239 932 4618 1049 hatte sich
4575 960 6234 1167 auch Friedrich von Rosenberg unter dem
3967 952 4517 1126 Gertag vor
4099 1069 4509 1181 könnten.
3970 1121 6162 1278 Leuten, die im Dunkel auf dem Verdeck vie Schat
3975 1238 6062 1456 ten an mir vorbeigeschwebt waren, denn als wir
3981 1430 6194 1588 uns des Morgens, da unser Dampfer sehen weit
3987 1594 6042 1777 draussen auf hoher See hinglitt, zu angenehm
3981 1714 6289 1897 Ueberraschung begegneten, teilte er mir mit, dass
3987 1829 4509 1932 Alte Nacht
3763 1786 3941 2009 die
6033 1872 6194 1998 G.H.F.P.
3967 1863 5836 2069 er vie ich oben spazieren gegangen war.
4274 1952 6237 2204 Er vor ein guter Bekannter von mir. In Wien
4990 2121 5506 2227 manmal
3996 2178 6248 2365 begegneten wir einander zuweilen in Gesellschaften
3975 2336 6128 2525 und plauderten mit einander, während die Ander
5836 2428 6197 2574 macht
3981 2465 6082 2663 tanzten oder Karten spielten! zuweilen spielt
4150 2637 6125 2829 auch eine Fartie Billard in Kaffeehaus. Es
4013 2800 6243 2967 dreissig Jahre alt, von vereindlichen Manie-
4127 2886 5902 3116 a. und besonders in seiner Aufzuleiten
5804 2947 6111 3121 - die
3970 3078 6162 3290 übrigens nicht ganz frei von Affektation sein
5641 3176 6340 3296 Hierordentlich
3975 3222 5615 3397 müßte - Tag für mich immer eine Xxx
4030 3374 5753 3577 mit. Seine malansholische Vernehmheit
4382 3548 5747 3689 ser zu Gesichte, als sie aus
1247 3778 1594 4016 G.C.H.P.
