3704 4328
334 268 527 408 11
1069 220 3273 502 Anton. Tit. wagleit, deß hier sich
941 425 3205 693 trençais, de ne hivauxeschsill.
1132 596 3259 867 Eenlerie... _ er can.. des.. il
1081 758 3242 1006 sorte: bei mir und einz dem¬
1072 935 3153 1121 Heimat sein? - Ihr den ist
1046 1069 3108 1346 [illegible] alles in verstets...
1106 1260 3290 1560 Tult. Je cet adresserait. Mais en
1066 1414 3253 1705 obse gleich Verlet. Th it de
1106 1614 3402 1870 Verstehe!.. Es nicht im viell der schwer¬
1158 1802 3225 2104 wurde with "Cumilisa" il
1143 2022 3313 2235 allen ist. Verkehr.
1152 2233 3316 2475 self, die with with. die.. he
1226 2389 3273 2677 jours - ihr tritt auch seit ent¬
1260 2543 3330 2843 lant deufer - dint die tat... 2
1317 2760 3316 3057 il verstehe... Iil verilete...de
1289 2942 3245 3213 ne de jours tant geliebt. je
1260 3105 3188 3339 verctet a... id verstet.
1366 3296 3125 3595 Telri uit heidwosfe. In
1360 3501 3108 3687 austete oost alle 1a i
1340 3672 2971 3898 with very - with
1369 3798 3393 4020 deuf: Schönweis-Lüge.
