6680 4232
1076 253 3083 538 Mas. Gen amtes - weil nebst -
943 478 2447 687 vu de ist versprochen.
1035 661 2757 842 Tuill - Oh - he must will -
1016 772 3121 1108 ha. pomme -drei perge - de d'em
1067 1006 2646 1323 Jurll. (seitnitt it) De.
1044 1174 3045 1462 be pith og and ohne dese h
1041 1370 3057 1674 die bort ablege, tre jul-dep
1117 1557 3051 1855 at three will elledies a
1048 1810 2016 1997 stentt habe! -
1114 1877 3073 2197 Juillet très belleit ne avait ses
1117 2146 1890 2367 brode: -
1171 2291 2364 2541 Danken, hie schön!
1165 2491 3165 2687 Westerbau - hei kunste bein ihr deut
1241 2744 1589 2880 it -
1241 2754 3209 3099 Aa felt out and selom - he of
1336 2985 3197 3250 lungen - jetzt kann hiller -
1275 3222 1747 3440 nacht,
1272 3314 3124 3573 Werl. Waren so sein, folie¬
1367 3526 3162 3754 Die Sipper geind im Riesen -
3605 237 5105 459 So starr - als Capt die vort -
3548 440 5979 665 Juli: (entsch.) Sib mich seit! — Zu hat die an! —
3532 601 6077 905 W. Carien? - Nuh will.! Il ne doit vos tout
3589 798 4083 987 satt: -
3583 968 5450 1184 Anton, wie fällt etwa ein - : -
3592 1174 5811 1399 bei. Ein dieser nellenkt (gesandits)
3557 1298 5982 1522 Wester. Ein Weib! - Soll um hiebe meiner
3630 1462 6105 1757 Biderlaste - Id lach wit - nu so lehr
3592 1725 4453 1943 le dit allein
3681 1886 4890 2165 sul seb nicht hin¬
3643 2064 5314 2304 fr. Reit nicht. kaum!
3725 2314 6245 2627 (Westerl writ Jule at.) - (Amtss ab.)
