<?xml version="1.0" encoding="UTF-8" standalone="yes"?>
<PcGts xmlns="http://schema.primaresearch.org/PAGE/gts/pagecontent/2013-07-15" xmlns:xsi="http://www.w3.org/2001/XMLSchema-instance" xsi:schemaLocation="http://schema.primaresearch.org/PAGE/gts/pagecontent/2013-07-15 http://schema.primaresearch.org/PAGE/gts/pagecontent/2013-07-15/pagecontent.xsd">
    <Metadata>
        <Creator>prov=READ-COOP:name=TrHtr:version=2.1.0:model_id=51170:date=29_07_2023_21:38</Creator>
        <Created>2023-05-10T13:15:21.026+02:00</Created>
        <LastChange>2023-07-29T21:38:10.142+02:00</LastChange>
        <TranskribusMetadata docId="1428570" pageId="55411015" pageNr="198" tsid="131464866" status="IN_PROGRESS" userId="64420" imgUrl="https://files.transkribus.eu/Get?id=FAQZWRFKAFSDJLQVBJQCUKUC&amp;fileType=view" xmlUrl="https://files.transkribus.eu/Get?id=CWUSKFXTUJALYXWOZNJSDVAJ" imageId="44685158"/>
    </Metadata>
    <Page imageFilename="1428570_0198.jpg" imageWidth="6968" imageHeight="4408">
        <ReadingOrder>
            <OrderedGroup id="ro_1711793369789" caption="Regions reading order">
                <RegionRefIndexed index="0" regionRef="tr_2"/>
                <RegionRefIndexed index="1" regionRef="tr_3"/>
                <RegionRefIndexed index="2" regionRef="tr_1"/>
            </OrderedGroup>
        </ReadingOrder>
        <TextRegion id="tr_2" custom="readingOrder {index:0;}">
            <Coords points="352,302 3243,302 3243,2632 352,2632"/>
            <TextLine id="tr_2_tl_1" custom="readingOrder {index:0;}">
                <Coords points="430,417 452,414 461,424 473,411 551,417 561,408 598,421 617,408 648,430 692,414 688,277 589,287 542,255 498,277 467,259 427,259"/>
                <Baseline points="447,352 537,352 627,352 698,358"/>
                <TextEquiv>
                    <Unicode>mais</Unicode>
                </TextEquiv>
            </TextLine>
            <TextLine id="tr_2_tl_2" custom="readingOrder {index:1;}">
                <Coords points="343,595 361,595 392,558 436,554 464,526 489,542 511,530 530,542 539,533 586,539 579,414 492,408 461,424 392,408 361,442 336,445"/>
                <Baseline points="352,495 441,507 531,507 591,507"/>
                <TextEquiv>
                    <Unicode>Lud</Unicode>
                </TextEquiv>
            </TextLine>
            <TextLine id="tr_2_tl_3" custom="readingOrder {index:2;}">
                <Coords points="1134,698 3180,692 3187,526 2439,517 2233,601 1726,520 1533,617 1134,623"/>
                <Baseline points="1152,692 1218,692 1308,686 1397,686 1487,686 1576,680 1666,680 1756,674 1845,668 1935,668 2024,668 2114,662 2204,662 2293,657 2383,657 2472,651 2562,645 2651,645 2741,645 2831,645 2920,639 3010,639 3099,639 3189,645"/>
                <TextEquiv>
                    <Unicode>on its. Es ist was, as that irkalles.</Unicode>
                </TextEquiv>
            </TextLine>
            <TextLine id="tr_2_tl_4" custom="readingOrder {index:3;}">
                <Coords points="417,763 470,785 498,766 517,785 573,769 592,779 660,748 698,757 695,564 663,551 567,564 511,530 492,542 473,526 436,554 414,554"/>
                <Baseline points="436,668 525,662 615,668 704,668"/>
                <TextEquiv>
                    <Unicode>112</Unicode>
                </TextEquiv>
            </TextLine>
            <TextLine id="tr_2_tl_5" custom="readingOrder {index:4;}">
                <Coords points="1206,857 2190,869 2816,782 2994,841 3143,804 3149,692 1813,695 1206,801"/>
                <Baseline points="1224,842 1272,842 1361,830 1451,830 1541,824 1630,818 1720,812 1809,806 1899,800 1988,806 2078,800 2168,794 2257,794 2347,794 2436,788 2526,788 2616,782 2705,782 2795,782 2884,782 2974,782 3064,782 3153,782"/>
                <TextEquiv>
                    <Unicode>alles – ou für ihnen et vericht ich so</Unicode>
                </TextEquiv>
            </TextLine>
            <TextLine id="tr_2_tl_6" custom="readingOrder {index:5;}">
                <Coords points="1093,1006 3233,953 3243,810 1096,931"/>
                <Baseline points="1110,991 1182,985 1272,985 1361,979 1451,973 1541,967 1630,967 1720,961 1809,961 1899,949 1988,949 2078,943 2168,943 2257,937 2347,931 2436,925 2526,919 2616,919 2705,913 2795,913 2884,907 2974,907 3064,907 3153,901 3243,907"/>
                <TextEquiv>
                    <Unicode>it am Stuillem werden. Sonderbar.</Unicode>
                </TextEquiv>
            </TextLine>
            <TextLine id="tr_2_tl_7" custom="readingOrder {index:6;}">
                <Coords points="1047,1137 1286,1128 1355,1181 1495,1125 1654,1181 1913,1115 2405,1143 2704,1103 2707,1040 2386,1068 2121,987 1735,1040 1477,981 1293,1081 1156,1022 1047,1065"/>
                <Baseline points="1063,1122 1099,1116 1188,1122 1278,1122 1367,1122 1457,1122 1546,1122 1636,1116 1726,1116 1815,1116 1905,1110 1994,1110 2084,1110 2174,1110 2263,1104 2353,1104 2442,1099 2532,1099 2622,1099 2711,1104"/>
                <TextEquiv>
                    <Unicode>Mr. Eeind wohl Liebe sein</Unicode>
                </TextEquiv>
            </TextLine>
            <TextLine id="tr_2_tl_8" custom="readingOrder {index:7;}">
                <Coords points="1003,1299 1240,1299 1311,1352 1626,1290 2075,1305 2081,1143 1800,1184 1554,1137 1003,1230"/>
                <Baseline points="1021,1296 1093,1296 1182,1296 1272,1296 1361,1296 1451,1296 1541,1290 1630,1290 1720,1284 1809,1278 1899,1272 1988,1266 2078,1260"/>
                <TextEquiv>
                    <Unicode>Se. Tho cüslich</Unicode>
                </TextEquiv>
            </TextLine>
            <TextLine id="tr_2_tl_9" custom="readingOrder {index:8;}">
                <Coords points="1012,1517 1517,1514 2177,1383 3040,1420 3050,1252 2093,1280 1679,1380 1526,1318 1019,1361"/>
                <Baseline points="1033,1439 1081,1439 1170,1439 1260,1439 1349,1433 1439,1427 1529,1427 1618,1427 1708,1415 1797,1415 1887,1409 1977,1403 2066,1397 2156,1385 2245,1373 2335,1379 2424,1373 2514,1373 2604,1367 2693,1367 2783,1361 2872,1349 2962,1349 3052,1337"/>
                <TextEquiv>
                    <Unicode>leas Cto M.80 Tilsibut. da ist</Unicode>
                </TextEquiv>
            </TextLine>
            <TextLine id="tr_2_tl_10" custom="readingOrder {index:9;}">
                <Coords points="2261,1473 2324,1470 2377,1501 2414,1467 2554,1442 2592,1483 2701,1448 2785,1458 2828,1433 2832,1389 2744,1364 2657,1386 2592,1367 2548,1408 2480,1383 2399,1424 2364,1386 2268,1383"/>
                <Baseline points="2281,1457 2299,1457 2389,1451 2478,1451 2568,1439 2657,1439 2747,1433 2837,1427"/>
                <TextEquiv>
                    <Unicode>Seilicheit.</Unicode>
                </TextEquiv>
            </TextLine>
            <TextLine id="tr_2_tl_11" custom="readingOrder {index:10;}">
                <Coords points="489,1495 536,1520 567,1514 595,1542 639,1514 695,1533 763,1511 863,1542 866,1374 832,1374 813,1355 785,1383 676,1396 639,1424 617,1411 586,1424 561,1411 545,1427 492,1414"/>
                <Baseline points="507,1499 513,1499 603,1499 692,1499 782,1499 872,1493"/>
                <TextEquiv>
                    <Unicode>[illegible]</Unicode>
                </TextEquiv>
            </TextLine>
            <TextLine id="tr_2_tl_12" custom="readingOrder {index:11;}">
                <Coords points="1044,1713 1436,1707 1610,1614 3118,1586 3124,1442 2557,1445 2458,1533 2165,1442 1495,1536 1053,1505"/>
                <Baseline points="1063,1624 1069,1624 1158,1624 1248,1624 1337,1624 1427,1612 1517,1606 1606,1606 1696,1606 1785,1600 1875,1594 1965,1588 2054,1588 2144,1588 2233,1582 2323,1582 2413,1576 2502,1564 2592,1564 2681,1558 2771,1552 2861,1546 2950,1541 3040,1541 3129,1552"/>
                <TextEquiv>
                    <Unicode>Sevent. La Sécvolles... We t haue</Unicode>
                </TextEquiv>
            </TextLine>
            <TextLine id="tr_2_tl_13" custom="readingOrder {index:12;}">
                <Coords points="470,1582 539,1601 586,1598 620,1579 654,1592 673,1582 688,1592 810,1595 810,1539 757,1517 716,1520 701,1536 667,1520 645,1536 632,1526 614,1545 589,1536 564,1545 545,1526 520,1526 486,1558 470,1558"/>
                <Baseline points="489,1582 579,1582 668,1576 758,1576 818,1582"/>
                <TextEquiv>
                    <Unicode>de tête</Unicode>
                </TextEquiv>
            </TextLine>
            <TextLine id="tr_2_tl_14" custom="readingOrder {index:13;}">
                <Coords points="502,1657 673,1682 741,1670 797,1679 841,1707 885,1688 878,1629 838,1626 807,1598 791,1607 741,1589 720,1610 667,1589 645,1607 620,1595 592,1617 530,1601 498,1610"/>
                <Baseline points="519,1648 609,1660 698,1666 788,1666 878,1678 889,1678"/>
                <TextEquiv>
                    <Unicode>retenken.</Unicode>
                </TextEquiv>
            </TextLine>
            <TextLine id="tr_2_tl_15" custom="readingOrder {index:14;}">
                <Coords points="430,1744 536,1748 623,1782 660,1769 685,1794 748,1757 841,1757 863,1776 916,1763 913,1726 878,1707 810,1710 748,1673 623,1723 564,1695 536,1719 508,1695 430,1716"/>
                <Baseline points="447,1744 537,1750 627,1750 716,1756 806,1756 895,1756 925,1756"/>
                <TextEquiv>
                    <Unicode>in up Twee</Unicode>
                </TextEquiv>
            </TextLine>
            <TextLine id="tr_2_tl_16" custom="readingOrder {index:15;}">
                <Coords points="1118,1829 2629,1785 2841,1835 2972,1788 2975,1642 2514,1607 2252,1741 1847,1654 1607,1751 1121,1735"/>
                <Baseline points="1134,1815 1188,1809 1278,1809 1367,1803 1457,1797 1546,1797 1636,1797 1726,1797 1815,1797 1905,1797 1994,1791 2084,1791 2174,1791 2263,1785 2353,1785 2442,1779 2532,1779 2622,1773 2711,1767 2801,1773 2890,1767 2980,1767"/>
                <TextEquiv>
                    <Unicode>in dito... Eber. an vom Etschied -!</Unicode>
                </TextEquiv>
            </TextLine>
            <TextLine id="tr_2_tl_17" custom="readingOrder {index:16;}">
                <Coords points="1037,1969 2906,1978 3015,1950 3015,1832 2430,1819 2249,1903 1875,1813 1040,1909"/>
                <Baseline points="1057,1941 1140,1947 1230,1941 1320,1947 1409,1941 1499,1935 1588,1935 1678,1935 1767,1941 1857,1941 1947,1947 2036,1947 2126,1947 2215,1941 2305,1935 2395,1929 2484,1923 2574,1923 2663,1923 2753,1917 2843,1917 2932,1923 3022,1923"/>
                <TextEquiv>
                    <Unicode>I befeles hein - des witt.</Unicode>
                </TextEquiv>
            </TextLine>
            <TextLine id="tr_2_tl_18" custom="readingOrder {index:17;}">
                <Coords points="1059,2131 2860,2152 3081,2090 3084,2025 2838,2050 2651,1975 2520,2031 2411,1969 1059,2065"/>
                <Baseline points="1075,2108 1116,2114 1206,2114 1296,2114 1385,2120 1475,2120 1564,2120 1654,2120 1744,2120 1833,2120 1923,2120 2012,2120 2102,2120 2192,2114 2281,2108 2371,2096 2460,2096 2550,2096 2640,2090 2729,2090 2819,2090 2908,2090 2998,2084 3087,2084"/>
                <TextEquiv>
                    <Unicode>..We begent thre Concelrein</Unicode>
                </TextEquiv>
            </TextLine>
            <TextLine id="tr_2_tl_19" custom="readingOrder {index:18;}">
                <Coords points="1065,2305 1215,2286 1249,2314 1439,2296 1470,2321 1558,2277 1635,2268 1704,2299 1841,2274 1841,2221 1685,2224 1520,2131 1436,2171 1367,2159 1308,2202 1190,2152 1068,2171"/>
                <Baseline points="1081,2281 1128,2281 1218,2281 1308,2281 1397,2275 1487,2275 1576,2269 1666,2269 1756,2269 1845,2263"/>
                <TextEquiv>
                    <Unicode>in him.</Unicode>
                </TextEquiv>
            </TextLine>
            <TextLine id="tr_2_tl_20" custom="readingOrder {index:19;}">
                <Coords points="1065,2473 1237,2526 1377,2436 3056,2433 3106,2302 1592,2364 1445,2305 1280,2389 1209,2327 1068,2371"/>
                <Baseline points="1081,2442 1140,2436 1230,2442 1320,2442 1409,2436 1499,2430 1588,2424 1678,2424 1767,2424 1857,2424 1947,2424 2036,2419 2126,2419 2215,2419 2305,2407 2395,2407 2484,2407 2574,2401 2663,2401 2753,2401 2843,2401 2932,2401 3022,2401 3111,2401"/>
                <TextEquiv>
                    <Unicode>be. Villent - Tit nissant</Unicode>
                </TextEquiv>
            </TextLine>
            <TextLine id="tr_2_tl_21" custom="readingOrder {index:20;}">
                <Coords points="1053,2635 3205,2567 3146,2492 2504,2445 2118,2548 1498,2476 1339,2567 1056,2529"/>
                <Baseline points="1069,2622 1152,2622 1242,2616 1331,2616 1421,2610 1511,2598 1600,2598 1690,2598 1779,2598 1869,2598 1959,2598 2048,2592 2138,2592 2227,2586 2317,2586 2407,2580 2496,2574 2586,2568 2675,2568 2765,2568 2855,2562 2944,2562 3034,2568 3123,2562 3213,2562"/>
                <TextEquiv>
                    <Unicode>tres Hervilassen -</Unicode>
                </TextEquiv>
            </TextLine>
        </TextRegion>
        <TextRegion id="tr_3" custom="readingOrder {index:1;}">
            <Coords points="931,2691 3225,2691 3225,4185 931,4185"/>
            <TextLine id="tr_3_tl_1" custom="readingOrder {index:0;}">
                <Coords points="913,2828 1436,2766 1691,2844 2075,2757 2383,2838 2704,2744 2997,2810 3050,2642 2324,2732 1779,2635 916,2723"/>
                <Baseline points="931,2801 997,2789 1087,2783 1176,2783 1266,2777 1355,2771 1445,2765 1535,2759 1624,2759 1714,2753 1803,2759 1893,2759 1983,2753 2072,2753 2162,2753 2251,2753 2341,2753 2430,2753 2520,2747 2610,2747 2699,2741 2789,2747 2878,2747 2968,2753 3058,2753"/>
                <TextEquiv>
                    <Unicode>leicht. Nie fügt ein paas anders</Unicode>
                </TextEquiv>
            </TextLine>
            <TextLine id="tr_3_tl_2" custom="readingOrder {index:1;}">
                <Coords points="969,3003 2620,2953 2744,3022 2744,2819 2617,2763 2324,2878 2103,2788 2009,2860 1794,2819 1361,2916 1103,2822 969,2897"/>
                <Baseline points="985,2944 1075,2944 1164,2950 1254,2950 1343,2950 1433,2950 1523,2950 1612,2950 1702,2944 1791,2944 1881,2944 1971,2944 2060,2944 2150,2938 2239,2944 2329,2944 2419,2944 2508,2938 2598,2938 2687,2938 2753,2944"/>
                <TextEquiv>
                    <Unicode>tiben as... he wd einde</Unicode>
                </TextEquiv>
            </TextLine>
            <TextLine id="tr_3_tl_3" custom="readingOrder {index:2;}">
                <Coords points="1003,3224 1536,3134 3087,3118 3087,3050 2909,2981 2371,3056 2037,2962 1691,3062 1448,2978 1003,3031"/>
                <Baseline points="1021,3111 1110,3111 1200,3111 1290,3117 1379,3111 1469,3111 1558,3111 1648,3105 1738,3105 1827,3105 1917,3105 2006,3105 2096,3105 2186,3111 2275,3111 2365,3111 2454,3111 2544,3111 2634,3105 2723,3099 2813,3099 2902,3105 2992,3111 3082,3111 3093,3111"/>
                <TextEquiv>
                    <Unicode>We I - nennd i uider t. On</Unicode>
                </TextEquiv>
            </TextLine>
            <TextLine id="tr_3_tl_4" custom="readingOrder {index:3;}">
                <Coords points="1125,3302 1458,3339 1676,3296 1804,3398 1947,3339 2059,3417 2212,3283 2386,3289 2386,3205 2199,3240 2059,3193 1881,3230 1667,3199 1610,3236 1417,3146 1128,3227"/>
                <Baseline points="1146,3285 1230,3291 1320,3291 1409,3285 1499,3279 1588,3279 1678,3279 1767,3279 1857,3279 1947,3279 2036,3279 2126,3273 2215,3273 2305,3267 2395,3267"/>
                <TextEquiv>
                    <Unicode>wch in augurgium</Unicode>
                </TextEquiv>
            </TextLine>
            <TextLine id="tr_3_tl_5" custom="readingOrder {index:4;}">
                <Coords points="1065,3476 3218,3470 3221,3355 2878,3305 2617,3389 2433,3302 2056,3420 1947,3336 1832,3402 1068,3336"/>
                <Baseline points="1081,3440 1170,3446 1260,3452 1349,3452 1439,3452 1529,3452 1618,3446 1708,3452 1797,3458 1887,3458 1977,3458 2066,3458 2156,3452 2245,3446 2335,3440 2424,3434 2514,3428 2604,3428 2693,3422 2783,3416 2872,3416 2962,3416 3052,3422 3141,3428 3225,3446"/>
                <TextEquiv>
                    <Unicode>Seap. he in itlrs mitsiden.</Unicode>
                </TextEquiv>
            </TextLine>
            <TextLine id="tr_3_tl_6" custom="readingOrder {index:5;}">
                <Coords points="1003,3682 2626,3607 3212,3660 3215,3560 2511,3436 2299,3551 1006,3486"/>
                <Baseline points="1021,3637 1069,3625 1158,3631 1248,3631 1337,3631 1427,3631 1517,3631 1606,3631 1696,3625 1785,3631 1875,3625 1965,3625 2054,3625 2144,3619 2233,3613 2323,3613 2413,3607 2502,3601 2592,3601 2681,3595 2771,3595 2861,3595 2950,3601 3040,3607 3129,3613 3219,3625"/>
                <TextEquiv>
                    <Unicode>leas Wohl weglich. “Der-Schömerin</Unicode>
                </TextEquiv>
            </TextLine>
            <TextLine id="tr_3_tl_7" custom="readingOrder {index:6;}">
                <Coords points="1078,3906 1445,3797 1841,3875 2109,3788 2318,3844 2828,3797 3031,3757 3034,3685 2872,3623 2461,3747 1869,3669 1548,3754 1464,3691 1355,3766 1081,3754"/>
                <Baseline points="1099,3834 1158,3822 1248,3798 1337,3792 1427,3792 1517,3792 1606,3792 1696,3786 1785,3780 1875,3780 1965,3780 2054,3780 2144,3780 2233,3774 2323,3774 2413,3774 2502,3768 2592,3768 2681,3762 2771,3762 2861,3762 2950,3762 3040,3756"/>
                <TextEquiv>
                    <Unicode>I do at Geheimus.......  Schuld</Unicode>
                </TextEquiv>
            </TextLine>
            <TextLine id="tr_3_tl_8" custom="readingOrder {index:7;}">
                <Coords points="1040,3975 3180,3972 2797,3772 1645,3919 1040,3853"/>
                <Baseline points="1057,3954 1128,3960 1218,3960 1308,3960 1397,3966 1487,3971 1576,3971 1666,3966 1756,3960 1845,3960 1935,3960 2024,3954 2114,3954 2204,3954 2293,3948 2383,3954 2472,3948 2562,3948 2651,3948 2741,3948 2831,3948 2920,3942 3010,3948 3099,3948 3189,3948"/>
                <TextEquiv>
                    <Unicode>Seray. ferdintur ho. L a halen he -.</Unicode>
                </TextEquiv>
            </TextLine>
            <TextLine id="tr_3_tl_9" custom="readingOrder {index:8;}">
                <Coords points="1075,4196 3131,4193 3199,4174 3199,4031 1551,4000 1355,4096 1075,4034"/>
                <Baseline points="1093,4127 1182,4139 1272,4139 1361,4145 1451,4139 1541,4145 1630,4145 1720,4145 1809,4145 1899,4145 1988,4145 2078,4145 2168,4151 2257,4151 2347,4157 2436,4157 2526,4163 2616,4163 2705,4169 2795,4163 2884,4163 2974,4169 3064,4175 3153,4169 3207,4175"/>
                <TextEquiv>
                    <Unicode>No. 1st in Coll. Krank, in tief</Unicode>
                </TextEquiv>
            </TextLine>
        </TextRegion>
        <TextRegion id="tr_1" custom="readingOrder {index:2;}">
            <Coords points="3625,296 6540,296 6540,4029 3625,4029"/>
            <TextLine id="tr_1_tl_1" custom="readingOrder {index:0;}">
                <Coords points="6320,414 6398,405 6429,427 6448,427 6482,405 6492,414 6538,414 6523,265 6495,274 6467,262 6448,283 6411,259 6383,271 6361,265 6308,299"/>
                <Baseline points="6331,346 6420,352 6510,364 6540,364"/>
                <TextEquiv>
                    <Unicode>125</Unicode>
                </TextEquiv>
            </TextLine>
            <TextLine id="tr_1_tl_2" custom="readingOrder {index:1;}">
                <Coords points="3613,517 5053,533 5056,374 4887,355 4361,358 4243,427 3617,386"/>
                <Baseline points="3631,513 3715,513 3804,507 3894,507 3983,501 4073,489 4163,483 4252,483 4342,483 4431,483 4521,477 4611,477 4700,477 4790,477 4879,477 4969,471 5059,477"/>
                <TextEquiv>
                    <Unicode>leval. Oh - in id dem - : -</Unicode>
                </TextEquiv>
            </TextLine>
            <TextLine id="tr_1_tl_3" custom="readingOrder {index:2;}">
                <Coords points="3613,670 4046,704 4246,651 4330,710 4810,623 5118,744 5221,688 5224,542 5109,520 4959,601 4635,523 4439,589 4333,523 4202,604 4065,523 3617,573"/>
                <Baseline points="3631,657 3709,662 3798,657 3888,657 3977,645 4067,633 4157,633 4246,633 4336,627 4425,621 4515,621 4605,615 4694,621 4784,621 4873,621 4963,621 5053,621 5142,633 5232,621"/>
                <TextEquiv>
                    <Unicode>lieu. Etre hi, will -:- I</Unicode>
                </TextEquiv>
            </TextLine>
            <TextLine id="tr_1_tl_4" custom="readingOrder {index:3;}">
                <Coords points="3604,891 4015,819 4498,882 4707,794 5037,813 5040,670 3607,723"/>
                <Baseline points="3625,794 3697,800 3786,800 3876,794 3966,794 4055,788 4145,782 4234,782 4324,776 4413,776 4503,776 4593,770 4682,776 4772,776 4861,776 4951,776 5041,770"/>
                <TextEquiv>
                    <Unicode>terent bestrott. Zidtl.</Unicode>
                </TextEquiv>
            </TextLine>
            <TextLine id="tr_1_tl_5" custom="readingOrder {index:4;}">
                <Coords points="3620,1037 4208,938 5953,969 5956,829 5208,776 5049,857 4707,794 4482,878 4243,819 3620,910"/>
                <Baseline points="3637,949 3721,955 3810,949 3900,943 3989,943 4079,937 4169,937 4258,925 4348,925 4437,925 4527,925 4617,925 4706,919 4796,919 4885,919 4975,913 5065,919 5154,919 5244,925 5333,919 5423,913 5512,913 5602,913 5692,907 5781,913 5871,913 5960,913"/>
                <TextEquiv>
                    <Unicode>Cheri. Lühelich ein Blut. Trinees</Unicode>
                </TextEquiv>
            </TextLine>
            <TextLine id="tr_1_tl_6" custom="readingOrder {index:5;}">
                <Coords points="3638,1112 3863,1146 4258,1090 4389,1146 4635,1084 4822,1140 5068,1109 5074,975 4610,987 4386,931 4193,975 3972,947 3828,1040 3641,1025"/>
                <Baseline points="3655,1110 3733,1104 3822,1104 3912,1093 4001,1087 4091,1081 4181,1075 4270,1069 4360,1063 4449,1063 4539,1063 4628,1069 4718,1069 4808,1069 4897,1063 4987,1069 5076,1069"/>
                <TextEquiv>
                    <Unicode>ist in der Hein erheilt.</Unicode>
                </TextEquiv>
            </TextLine>
            <TextLine id="tr_1_tl_7" custom="readingOrder {index:6;}">
                <Coords points="3638,1358 4137,1240 4324,1305 4470,1258 5087,1277 5109,1159 4517,1112 3903,1181 3810,1115 3641,1109"/>
                <Baseline points="3655,1242 3679,1242 3768,1242 3858,1248 3948,1242 4037,1242 4127,1236 4216,1230 4306,1230 4396,1230 4485,1230 4575,1230 4664,1230 4754,1230 4844,1230 4933,1224 5023,1224 5112,1224"/>
                <TextEquiv>
                    <Unicode>Seept.  Nu-herrel tine.</Unicode>
                </TextEquiv>
            </TextLine>
            <TextLine id="tr_1_tl_8" custom="readingOrder {index:7;}">
                <Coords points="3645,1455 3965,1505 4165,1420 4498,1417 4604,1473 4987,1445 5109,1424 5112,1318 4691,1255 4511,1327 4401,1290 4286,1346 4146,1277 4031,1352 3648,1358"/>
                <Baseline points="3661,1427 3679,1421 3768,1415 3858,1409 3948,1397 4037,1391 4127,1385 4216,1391 4306,1391 4396,1391 4485,1391 4575,1385 4664,1379 4754,1379 4844,1379 4933,1373 5023,1367 5112,1367"/>
                <TextEquiv>
                    <Unicode>bei. J. ist wollte sizé.</Unicode>
                </TextEquiv>
            </TextLine>
            <TextLine id="tr_1_tl_9" custom="readingOrder {index:8;}">
                <Coords points="3660,1651 3944,1651 4130,1573 4230,1604 4367,1564 4644,1663 4654,1455 4445,1492 4302,1414 4221,1464 4149,1433 4021,1508 3791,1455 3666,1514"/>
                <Baseline points="3679,1576 3762,1570 3852,1570 3942,1570 4031,1564 4121,1558 4210,1558 4300,1552 4390,1546 4479,1541 4569,1541 4658,1535"/>
                <TextEquiv>
                    <Unicode>seras du huit.</Unicode>
                </TextEquiv>
            </TextLine>
            <TextLine id="tr_1_tl_10" custom="readingOrder {index:9;}">
                <Coords points="3648,1860 4651,1735 6124,1748 6146,1623 5928,1657 5523,1539 4806,1667 4314,1667 4140,1573 3838,1685 3651,1645"/>
                <Baseline points="3667,1762 3733,1750 3822,1750 3912,1744 4001,1732 4091,1726 4181,1726 4270,1720 4360,1720 4449,1720 4539,1720 4628,1720 4718,1720 4808,1726 4897,1720 4987,1720 5076,1714 5166,1714 5256,1708 5345,1714 5435,1708 5524,1702 5614,1702 5704,1708 5793,1708 5883,1702 5972,1708 6062,1708 6152,1708"/>
                <TextEquiv>
                    <Unicode>lies. Obe uen - ne ete pas hi us ikt mehr.</Unicode>
                </TextEquiv>
            </TextLine>
            <TextLine id="tr_1_tl_11" custom="readingOrder {index:10;}">
                <Coords points="3704,1966 5803,1938 5996,1875 6003,1748 3707,1850"/>
                <Baseline points="3721,1941 3768,1935 3858,1935 3948,1929 4037,1923 4127,1917 4216,1911 4306,1905 4396,1905 4485,1899 4575,1905 4664,1905 4754,1899 4844,1899 4933,1893 5023,1893 5112,1893 5202,1893 5291,1887 5381,1881 5471,1881 5560,1875 5650,1875 5739,1869 5829,1869 5919,1857 6008,1857"/>
                <TextEquiv>
                    <Unicode>Sie nur ein junges Mädchen - es gilt Dinge d</Unicode>
                </TextEquiv>
            </TextLine>
            <TextLine id="tr_1_tl_12" custom="readingOrder {index:11;}">
                <Coords points="3735,2149 4458,2075 4585,2121 5183,2090 5373,2065 5376,2006 5146,2028 4978,1891 4685,1987 4442,1959 4190,2031 3937,1953 3741,1975"/>
                <Baseline points="3756,2108 3846,2108 3936,2102 3983,2084 4037,2090 4127,2090 4216,2084 4306,2084 4396,2072 4485,2072 4575,2072 4664,2072 4754,2066 4844,2060 4933,2060 5023,2060 5112,2060 5202,2060 5291,2060 5381,2060"/>
                <TextEquiv>
                    <Unicode>at three will erviehl kam..</Unicode>
                </TextEquiv>
            </TextLine>
            <TextLine id="tr_1_tl_13" custom="readingOrder {index:12;}">
                <Coords points="3732,2277 4825,2274 4931,2246 4934,2137 4688,2118 4588,2159 4523,2115 4317,2106 4180,2199 4040,2177 3962,2215 3828,2112 3735,2149"/>
                <Baseline points="3750,2233 3774,2239 3864,2251 3954,2257 4043,2257 4133,2257 4222,2251 4312,2245 4402,2245 4491,2245 4581,2239 4670,2239 4760,2239 4849,2233 4939,2227"/>
                <TextEquiv>
                    <Unicode>beau. Le Freundi -!</Unicode>
                </TextEquiv>
            </TextLine>
            <TextLine id="tr_1_tl_14" custom="readingOrder {index:13;}">
                <Coords points="3691,2455 5476,2420 5507,2314 5305,2268 4785,2342 4632,2252 4308,2355 4130,2299 3953,2386 3694,2364"/>
                <Baseline points="3709,2430 3721,2430 3810,2430 3900,2424 3989,2424 4079,2424 4169,2419 4258,2413 4348,2413 4437,2407 4527,2407 4617,2401 4706,2401 4796,2395 4885,2395 4975,2401 5065,2401 5154,2395 5244,2395 5333,2389 5423,2383 5512,2383"/>
                <TextEquiv>
                    <Unicode>has. Auch de Früsstin nicht.</Unicode>
                </TextEquiv>
            </TextLine>
            <TextLine id="tr_1_tl_15" custom="readingOrder {index:14;}">
                <Coords points="3726,2713 4738,2567 6143,2589 6146,2411 3732,2536"/>
                <Baseline points="3745,2598 3822,2604 3912,2598 4001,2598 4091,2586 4181,2580 4270,2574 4360,2574 4449,2574 4539,2568 4628,2562 4718,2562 4808,2562 4897,2562 4987,2556 5076,2550 5166,2544 5256,2544 5345,2538 5435,2538 5524,2538 5614,2538 5704,2532 5793,2532 5883,2526 5972,2526 6062,2526 6152,2532"/>
                <TextEquiv>
                    <Unicode>Lerart Sndeber him it - he is in</Unicode>
                </TextEquiv>
            </TextLine>
            <TextLine id="tr_1_tl_16" custom="readingOrder {index:15;}">
                <Coords points="3750,2822 5476,2726 5803,2800 6012,2763 6018,2620 4975,2557 4551,2701 3754,2735"/>
                <Baseline points="3768,2801 3780,2801 3870,2795 3960,2783 4049,2777 4139,2777 4228,2771 4318,2765 4408,2765 4497,2759 4587,2753 4676,2753 4766,2747 4855,2747 4945,2741 5035,2735 5124,2729 5214,2729 5303,2729 5393,2723 5483,2723 5572,2717 5662,2723 5751,2723 5841,2723 5931,2723 6020,2729"/>
                <TextEquiv>
                    <Unicode>rais - was wolle to Thosquell wit.</Unicode>
                </TextEquiv>
            </TextLine>
            <TextLine id="tr_1_tl_17" custom="readingOrder {index:16;}">
                <Coords points="3722,2984 5227,2909 5775,2962 5803,2819 5183,2772 4557,2878 4292,2816 4130,2906 3726,2853"/>
                <Baseline points="3739,2944 3750,2944 3840,2938 3930,2932 4019,2932 4109,2932 4198,2932 4288,2932 4378,2926 4467,2926 4557,2926 4646,2920 4736,2908 4826,2914 4915,2914 5005,2908 5094,2902 5184,2908 5274,2908 5363,2908 5453,2908 5542,2908 5632,2908 5722,2902 5811,2908"/>
                <TextEquiv>
                    <Unicode>leas. Das konnt wenn ich Halsin.</Unicode>
                </TextEquiv>
            </TextLine>
            <TextLine id="tr_1_tl_18" custom="readingOrder {index:17;}">
                <Coords points="4732,3006 4956,3003 5015,3053 5056,3040 5130,3071 5314,3050 5311,2925 5258,2906 5224,2906 5165,2953 5090,2916 4981,2916 4891,2978 4729,2944"/>
                <Baseline points="4748,2998 4838,3004 4927,2998 5017,2998 5106,3004 5196,3010 5286,3010 5321,3004"/>
                <TextEquiv>
                    <Unicode>in chechill</Unicode>
                </TextEquiv>
            </TextLine>
            <TextLine id="tr_1_tl_19" custom="readingOrder {index:18;}">
                <Coords points="3766,3218 4539,3109 6274,3152 6274,3037 5894,2925 5691,3050 5342,3071 4900,3000 4582,3075 4355,2987 4190,3081 3769,3040"/>
                <Baseline points="3786,3111 3876,3117 3966,3123 4055,3123 4145,3117 4234,3117 4324,3111 4413,3111 4503,3111 4593,3105 4682,3105 4772,3105 4861,3111 4951,3111 5041,3111 5130,3117 5220,3117 5309,3117 5399,3117 5489,3105 5578,3105 5668,3105 5757,3099 5847,3099 5937,3105 6026,3105 6116,3105 6205,3117 6277,3123"/>
                <TextEquiv>
                    <Unicode>sereps. War in will design &amp; also to Cruele</Unicode>
                </TextEquiv>
            </TextLine>
            <TextLine id="tr_1_tl_20" custom="readingOrder {index:19;}">
                <Coords points="3953,3302 4071,3286 4127,3324 4171,3311 4202,3333 4255,3296 4361,3302 4386,3293 4383,3149 4330,3143 4292,3177 4224,3193 4143,3184 4031,3212 3950,3196"/>
                <Baseline points="3971,3279 4061,3285 4151,3285 4240,3285 4330,3285 4390,3285"/>
                <TextEquiv>
                    <Unicode>raliese.</Unicode>
                </TextEquiv>
            </TextLine>
            <TextLine id="tr_1_tl_21" custom="readingOrder {index:20;}">
                <Coords points="3794,3445 3925,3402 3940,3414 3990,3398 4015,3408 4096,3398 4096,3314 4059,3330 4021,3314 3990,3321 3962,3296 3947,3308 3903,3299 3844,3327 3794,3308"/>
                <Baseline points="3810,3404 3834,3404 3924,3398 4013,3398 4103,3398"/>
                <TextEquiv>
                    <Unicode>bey.</Unicode>
                </TextEquiv>
            </TextLine>
            <TextLine id="tr_1_tl_22" custom="readingOrder {index:21;}">
                <Coords points="3853,3654 4439,3554 4800,3617 5199,3554 5738,3682 5884,3585 6102,3604 6102,3464 5971,3445 5535,3507 5190,3423 4657,3517 4433,3420 4127,3501 3853,3461"/>
                <Baseline points="3870,3559 3960,3559 4049,3559 4139,3565 4228,3559 4318,3559 4408,3553 4497,3553 4587,3553 4676,3547 4766,3547 4855,3553 4945,3553 5035,3553 5124,3547 5214,3553 5303,3553 5393,3553 5483,3559 5572,3559 5662,3565 5751,3577 5841,3577 5931,3583 6020,3583 6110,3589"/>
                <TextEquiv>
                    <Unicode>serepe. Und es hare die a Stadt gelegen.</Unicode>
                </TextEquiv>
            </TextLine>
            <TextLine id="tr_1_tl_23" custom="readingOrder {index:22;}">
                <Coords points="3931,3744 5890,3760 5890,3679 5429,3588 4928,3598 4788,3673 4679,3620 4389,3663 4327,3601 4134,3669 3931,3638"/>
                <Baseline points="3948,3703 4037,3715 4127,3709 4216,3709 4306,3709 4396,3709 4485,3709 4575,3709 4664,3709 4754,3703 4844,3709 4933,3709 5023,3709 5112,3703 5202,3703 5291,3709 5381,3709 5471,3709 5560,3715 5650,3715 5739,3727 5829,3727 5895,3727"/>
                <TextEquiv>
                    <Unicode>ik jetzt zeit... Sie haben. Millern</Unicode>
                </TextEquiv>
            </TextLine>
            <TextLine id="tr_1_tl_24" custom="readingOrder {index:23;}">
                <Coords points="4115,3891 6274,3912 6270,3716 6024,3688 5728,3816 5015,3816 4841,3710 4663,3782 4532,3713 4115,3769"/>
                <Baseline points="4133,3840 4222,3846 4312,3846 4402,3852 4491,3852 4581,3852 4670,3852 4760,3858 4849,3858 4939,3864 5029,3864 5118,3864 5208,3864 5297,3870 5387,3876 5477,3876 5566,3876 5656,3876 5745,3876 5835,3870 5925,3870 6014,3864 6104,3870 6193,3876 6277,3888"/>
                <TextEquiv>
                    <Unicode>Mrs. Wolle hi vee das clir in Ruh</Unicode>
                </TextEquiv>
            </TextLine>
            <TextLine id="tr_1_tl_25" custom="readingOrder {index:24;}">
                <Coords points="3950,4037 4003,4025 4046,4056 4155,4065 4433,4015 4644,4050 4679,4040 4679,3987 4573,3940 4501,3950 4308,3903 4162,3953 4012,3922 3947,3944"/>
                <Baseline points="3966,3995 4055,4001 4145,4001 4234,4001 4324,4007 4413,4013 4503,4019 4593,4019 4682,4013 4688,4007"/>
                <TextEquiv>
                    <Unicode>anreiten.</Unicode>
                </TextEquiv>
            </TextLine>
        </TextRegion>
    </Page>
</PcGts>
