3576 4088
1186 568 3165 707 Mathildens, das an der Wand rechts von der
1204 707 3139 889 Tiire hing. Mathilde hatte die Absicht, es
1193 867 3000 1034 mitzunehmen und so stand ihm bevor, es
1193 1029 3177 1198 niemals wiederzusehen. Nur Eugen sass noch
1201 1198 3233 1338 als Einziger an dem kleinen Tisch Mathilden
1196 1366 3165 1492 gegenüber, hielt in der Linken die Zigarre
1201 1490 3048 1675 und gab mit der Rechten den Takt zu dem
1198 1647 3180 1824 leisen Klavierspiel des Freiherrn. Aber er
1216 1804 2987 1974 hörte nicht zu. Mathilde lehnte in der
1211 1994 3180 2126 Ecke des Divans; sie war ganz in Weiss ge-
1221 2106 3187 2275 kleidet und liess ihr dunkles, aufgelöstes
1221 2268 2630 2458 Haar durch die Finger gleiten.
1414 2430 3127 2592 Plötzlich erzitterten die Gläser auf
1231 2574 2980 2762 dem kleinen Tische und die Obstteller
1236 2731 3079 2891 schrillten. Marius hörte zu spielen auf,
1242 2863 3248 3084 der Maler wandte sich um und Eugen betrach-
1259 3000 3279 3190 tete erstaunt Mathilde, die sich soeben hef-
1259 3198 3185 3327 tig in den Divan geworfen und laut in die
1257 3342 3175 3466 Kissen zu weinen begonnen hatte. Die drei
1259 3469 3091 3661 jungen Leute sahen einander an und ihre
1257 3598 3225 3831 Blicke fragten, ob es wirklich der Gedanke
