3864 4200
1032 525 3102 741 Judith spricht davon, dass Sie Westerhaus
1026 709 3104 914 schon einmal einen Revolver weggenommen.
1029 868 2404 1064 Juditä: (zu W.) Die Andern
1032 1012 3223 1147 Westerhaus: Sie bringen ihr Geld zu mir, um
1029 1179 3234 1297 möglichst rasch reich zu werden. Sie kennen
1029 1280 3269 1516 ihr Risiko. Ich habe keine Rücksicht auf sie
1035 1490 1568 1657 zu ne hmen.
1035 1755 3292 1943 Ambros: (über Arduin) Dass er ihn eigentlich
1032 1923 3344 2090 nicht gern hat in der Idee, dass ihm aber die
1035 2078 2854 2280 menschliche Kreatur immer leid tut.
1035 2361 3341 2542 Ambros: Ich kann allen Leuten helfen, nur mir
1046 2574 1418 2707 nicht.
1041 2689 3076 2880 Ambros: Alles,was ich sage,ist beinahe
1035 2877 1309 3041 wahr.
1176 3061 1508 3214 Andern
1038 3185 3156 3309 Falkenir: (im letzten Akt Was wäre denn
1049 3309 3315 3465 Liebe, wenn sie nicht ein stets erneutes Wer-
1046 3465 3341 3652 ben wäre um das geliebte Wesen, das nach ewi-
1052 3592 3084 3782 gen Gesetzen immer fortstrebt. Was wäre
