6984 4328
395 123 726 266 111
2359 139 2517 330 4
1497 175 1707 340 Deine
113 288 288 473 17
680 288 2822 564 Cumelie - her lube - ich but that the
632 502 3036 680 ein Wurheit mitzütterlei. ich nach
625 667 3020 868 diese Kund verlasse.  Un W wehr at
661 846 3042 1066 id bei heut witil weiss. nam ich da
638 972 2291 1205 bin - he cercle upstebe
748 1166 2971 1413 - Elle fait est très
791 1341 2945 1526 Wern hi ut thue eigenlleit gefolgt.
810 1484 2893 1701 has wlle sie mit mei? - Frau a ele
758 1688 3049 1837 hinte cerlt... mit zu vellen.. in Verder
3839 1730 6276 2080 Aubros. He wird ist bal encore. Ce mons.
765 1769 3013 1993 ber? - Where he überhaupt, elap tatss
723 1918 2436 2151 iuein. Vnderte erere wäre -2-
3823 1941 5229 2171 Aus - C.c. - Noveil : -
859 2057 2935 2307 Eind. Wohn wollen Fie - -
3865 2119 4960 2336 Andern, Talkenier.
878 2239 1928 2466 dacht es tie -
3888 2297 4964 2573 Aus. (stellant)
859 2349 3000 2560 Aivela, V. Elleicht...   haut ejoue
3865 2391 6318 2725 Auch. nur etwas hie-clep. ich recht betr.
888 2508 3084 2718 wir je will begegne, daß ich
3924 2615 6172 2861 Ain. - Er weis, dass ich bis bis – und
901 2709 1925 2880 - we twintt wide -
888 2819 3049 3081 Anhos. harte Sie es ich nun lustig
3966 2822 4935 3068 könnte ist seite
3917 2932 6175 3234 Auhn. Ist habe keine Antwort in ihm.
888 3052 1798 3211 istär wirk.
3940 3078 6234 3363 Abei. hi haben, xxx
949 3159 2929 3421 Onvelie - Turxde... -  Thi of do
3950 3318 5207 3551 but there will - :
991 3373 2456 3580 I do to be wint.
3959 3444 6405 3729 Ambos. Ich sey a Ihre – peiligkeit
1027 3502 3107 3703 Ambros. Sie lieben so dort sur de une
4031 3609 6425 3888 glasstie mit vor it fliebe könne.
1043 3664 2874 3849 and ten I will him.
1063 3807 2848 3953 Rolle opieles in einen Stil. dt
4024 3820 6542 4069 Ai... A-coll weit sie ersche... Er soll
1183 3911 3026 4112 if selbe diebte... n'or ja nehmen
2132 4037 2343 4134 " "
2965 3966 3201 4183 incerly
6467 256 6687 483 165
3752 386 6341 638 und ja zahreur ihre noch dichte. Ich entwirkt
3823 557 6435 758 sp wenn er urser gestalten universtanden werden.
3807 719 6059 995 Ich will in allen heri inglickled tiellet
3804 881 4173 1121 in-
3813 1053 4834 1221 aus unghillet -
3823 1089 6295 1413 Amt. Denn ich den in diesem Anwe die gelieb
3836 1306 5028 1545 sur onder deutil..
3839 1429 6422 1682 Aus- Wie erst thue das... Freilich... Losselist...
6211 1558 6772 1750 Die Trobe der
3823 1562 6114 1847 Gustr.- zu meiner Nienorden lieb ich
6380 1711 6687 1837 in a
