3288 4168
872 634 2859 813 liebt in sie, vor vier Jahren als sie mit
869 791 2905 953 ihrer Mutter bei uns im Geschäft war. Meine
869 929 2911 1110 Phantasien als ich den Anhänger zeichnete.
861 1072 2894 1242 Silberst: Und reich. Unermessich. Zwanzig
869 1247 2894 1439 Millionen. Ich bin mit fühf Perzent zufrei
878 1418 2805 1590 den für den guten Rat. Zwanzig Millionen.
929 1547 2392 1725 Wenn Dus auch nicht nötig hast.
883 1677 2973 1855 Max: N###a das.. Du hälst mich wohl, für reich-
929 1798 3078 1971 Silberst: Ich halte Dich nicht nur für reich,
878 1971 3035 2138 ich weiss esam da ich der best unterrichtetste
888 2117 3008 2295 Mensch der Welt bin. Dass pu genau 25 tausend
891 2273 2970 2446 Gulden Rente hast. Nicht übel für einen un
896 2392 2781 2587 abhängigen jungen Mann., der keine Ver
899 2560 3002 2722 wandten zu unterstützen ht. Manche — na re -
902 2751 1868 2876 den wir nicht davon.
905 2886 2236 3040 Max: Flinfundzwanzigtausend.
907 3002 2557 3224 Silberst: Ja, jeder Deiner Brüder.
926 3127 2578 3316 Max: Gehabt, als mein Vater starb;
926 3191 3021 3448 Mein Bruder der Philosoph hat sich aufs Land
929 3367 3048 3599 zurückgezogen und sein Vermögen hergeschenkt.
937 3537 3113 3799 Ich glaube er lebt ausschliesslich von Wurzeln
