3672 4344
1428 323 3313 534 tant de vor ? - I d'aill mit
1444 475 3482 753 moses... Frauwe - die die in zufall
1319 643 2072 892 plebt
1354 782 3500 991 tivel. Is derschot de heil. Auch späten¬
1338 959 3396 1242 quade n la Eursamteit.. I
1356 1145 3447 1362 soll...  Autröstet ergit w
1372 1311 3305 1509 Es fast und gut. dass an diesen
1356 1439 3375 1671 in uxasonee haar, wo weiter
1340 1623 3348 1805 découver rébt. Unonseil.
1372 1770 3490 1978 sich in lebend) sestell zeigt.
1468 1941 3431 2189 Nun - mich die blatt... Ihn die
1396 2176 1882 2326 Orbe...
1439 2286 2988 2499 F. lt. Ené komt er her....
1428 2454 3303 2641 duiel - dit c-est en celle un t
1420 2646 3319 2841 dert es uit de...    fort ici un
1370 2828 3450 3052 bene... du " restest en feb wohl.
1463 2996 2694 3228 Talk.- tn'crrit. -Rée
