3672 4168
3007 399 3148 654 85
999 600 1639 780 Drittes Bild
996 735 1684 960 Bei Seraphine.
948 915 3199 1050 Eben hat die Hochzeit zwischen Elisabet und dem
945 1014 3325 1204 Leutnant stattgefunden. Das xxx Ehepaar und alle
948 1164 2764 1342 übrgen haben sich allmählich entfern.t
942 1312 3052 1570 Es bleiben zurück Eligius Fenz, Dershine und
957 1537 1158 1678 Max.
954 1585 3289 1795 Max fühlt sich hier behaglich wie nirgends sonst.
954 1747 3067 1975 Sowohl sein Verhältnis zu Aurelie, als seine
966 1885 2548 2128 Verliebtheit in Judit quälen ihn.
969 2032 3121 2281 Eligius muss gestehen, dass er nicht zu Hause
984 2167 3400 2437 bleiben kann. Wieder irgend ein Abenteuer. Er geht
