3608 4200
3238 526 3323 660 80
1061 649 2078 818 Aurelie und der Graf.
1058 821 3285 944 Dud frühere Scene leidenschaftlich weitergestei
1055 935 1330 1113 gert.
1049 1070 3180 1274 Der Graf entschlossen sich von ihr auf einige
1049 1245 1850 1417 Zeit zu trennen.
1061 1417 3279 1575 Er will ihr die Augustion vollkommendster Frei
1049 1546 1616 1707 heit geben.
1049 1642 3226 1821 Er verspricht ihr sogar, dass er für sie immer
1061 1835 3311 2008 der gleiche bleiben wird., was immer sie erlebt
1052 1976 1379 2139 hätte.
1061 2098 3416 2318 Aurelie: "die erste Lockung, die ich verspüre, ist
1064 2268 2604 2429 die mich in Ihre Arme zu werfen."
1125 2388 3302 2624 Graf: Das ist Täuschung, sie wollen sich eben
1064 2592 1461 2753 retten."
1090 2715 2069 2908 „So retten Sie mich,
1084 2849 2762 3054 Graf: "Nein, ich lasse Sie allein."
1096 2981 3323 3264 Vielleicht erscheinen jetzt wieder der prinz und
1102 3186 2715 3454 der nichter. Und gehorschlt de Lichter.
1534 3396 2420 3565 ter hätte mit. Alter
1534 3542 2148 3700 der Prinz mit¬
