3688 4200
3017 525 3161 653 14
1072 621 1905 823 dasselbe daunter.
1475 762 3206 966 reicht dem Leutnant die Hand. Ich
1080 778 1454 977 Elis :
892 931 1406 1072 he shver jut
1096 942 3060 1107 liebe Sie Rudolf, So Küssen wollen wir uns
1085 1088 2314 1242 aber erst auf dem Heimweg,
1080 1245 3102 1391 Hesch: Seraphine Du regt est früer an, dass
1075 1383 3068 1550 ich mich...wie drücktest Du Dich nur so hu
1077 1526 3052 1690 moristish aus. dass ich mich auf Abenteuer
1088 1698 3020 1847 begeben sollte. Nach Abenteuern lookt es
1085 1802 3121 1961 mich wohl nicht. Aber nach Alleinsein. Ich
1080 1935 3150 2099 mochte mich in diesen Alleen einsam ergehen.
1441 2054 3004 2173 Au et alleruse est en électure de vlope natur
1091 2128 3057 2242 Dafür, dass sich nicht Erinnerungen zu mir
1093 2232 3224 2423 gesellen, kann ich nicht natürlich nicht ein-
1088 2394 3086 2579 stehen. Jetzt da sich Elisabet verlobt hat,
1093 2561 3073 2696 ist wohl nichts dagegn einzuwenden, auch
1096 2680 3081 2882 vom Standpunkt der strengsten bürgerlichen
1101 2821 3139 2988 Moral, dass Ihr zwei jungen Mädchen mit dem
1192 3004 1736 3177 Bräutigam.
1104 3123 3203 3307 Ser: Aber Vater, es ist doch ein Gartenfest.
1104 3285 3094 3463 Tu doch was Du willst. War finden auch
1117 3407 1974 3575 allein nach Hause.
1160 3551 1327 3638 Ter
1120 3527 3134 3726 Horri: Nur einwenig lustwandeln will ich,
1099 3699 3131 3853 Kinder. (Wenn Ihr von meiner Melanchole eine
