3688 4216
2723 475 2855 621 15
1133 569 3131 815 Ahnuhg hättet. Frühling, Frü hlingsnacht..
1131 748 3212 963 na..und nun wird mich Elisabet auch bald ver
1139 918 3077 1085 lassen. Wann soll denn die Hochzeit sein?
1098 1044 3136 1285 1/11: Wenn Elisabeth einverstanden ist, in
1142 1233 1738 1441 vier Wochen.
1147 1379 3063 1546 Elis: Gewiss bin ich einverstanden. Ich
1139 1511 3147 1700 möchte wahrhaftig endlich in geordnete Ver
1160 1706 1973 1862 hältnisse kommen.
1174 1789 3185 2013 HerrI: In vier Wocham. Und Seraphine geht
1198 1819 1395 1932 jein
1166 1959 3128 2175 im Sommer auf Kunstreisen. Nelche Einsam
1166 2124 2154 2313 keit steht mir bevor.
1179 2213 3349 2440 Ber Aber Papa Du reist doch mit. Du könntest
1922 2345 2405 2456 (du voorsch
1190 2388 3268 2593 ja auch gastieren. Wir werden einander nicht
1204 2534 2734 2750 störn. Wir sind gute Kameraden
2556 2550 3344 2699 tir versleter ud. du tost
3182 2647 3357 2712 mème
1209 2696 3379 2890 Herrl: Ja das sind wir bei Gott. Ach
1266 2677 1465 2782 Deux
1209 2791 3263 3028 Seraphine weisst Du was Du mir morgen früh
1223 2923 3179 3185 wieder vorspiefen musst? Die Romanze von
1225 3179 1665 3328 Schumann.
1231 3179 2567 3471 Ser: Wenn Du aber zu Hause bist.
1420 3382 3220 3635 1: Kind Kind, Wissen Sie übrigens All
1260 3422 1363 3646 I
1247 3611 3174 3767 derf, dass ich als junger Mensch manchmal
1160 3735 1511 3884 Lendorp
