6968 4376
6380 220 6584 402 99
6312 382 6577 522 840
3804 418 5440 635 Julie ullin-unftari paa fert ant
399 421 645 680 1.
3749 590 5579 813 Sapier - ruft de Wiener.. Was sofort...
3771 732 4274 907 he reeht...
3813 852 5401 1115 Jodik Heron, die Herr bleibt offer.
3762 1011 4695 1212 Jedes.    Wociter....
3778 1131 5738 1377 Inte ich - ich habe immerte gericht. daß die
3762 1296 4811 1507 it beleibt wärt.
3788 1464 4617 1620 Zeith en citer¬
3804 1591 5819 1779 John-Cugst.... ick ofch mit ih fort...
3791 1714 5978 1941 Dort. Sie... die hart sich ent klossen. mit den
3820 1882 5638 2132 Jule. J. Cbe jetzt still.-
4014 2125 6499 2388 Ambass nur zwei andere Herren... (an den 1aet.)
3875 2326 6172 2569 Julie.. Wie Herr... entwil hiezu hatte.
3920 2498 6162 2741 die wenste vedt in Bise in...... (in ge teiftei
5071 2647 5336 2754 judice
3911 2641 6516 2900 Cents in per ft Ambrn - Wo Pfeibt Henr Reus
3920 2848 6402 3178 berg...?- Enilall it was in
3950 3107 6461 3327 Verhiltenbereit ist wird ein Sache mit
6561 3020 6746 3240 es
3937 3240 6474 3613 Drue. Tel-Bis, il de Hinta et Hen. Beisüberin
4014 3532 4941 3729 Enkel für unsä
4163 3635 6243 3872 Cauln. I am Holzeil geb ich nach Clisbel
4526 3807 6256 3998 Werk Mos. “Culved be Amilie of by Leresting
4040 3856 5187 4044 in here jederl. was...
