6904 4280
6438 150 6618 287 15
3618 254 4866 487 8. Josephine und Teig. -
3701 417 5293 637 Leindorf and Elisabe M Muts.
5300 544 6224 728 Middem Lulevant
3681 587 6361 804 Lecopt. La ned nie endlich! - Mais elle gefasst, datte
3735 751 6084 928 Elis. Gute Ebeur : - Dr collleit deme Überneh
3705 938 4412 1105 rectum Vater
3755 1061 4829 1252 Fey Smemerendt
3758 1165 5981 1378 Eliz. Tradt. Theide Grughs in
3815 1368 6014 1559 The Jwe... has colls Erich wie aus den
3681 1512 6154 1782 Augen Coss.. Und dort. Nun wird entwort
3821 1689 4275 1892 said:
3728 1882 6178 2053 Seidert. Vielleichtweit die rechte fest - ist
3705 2013 5006 2206 till in Elisabeth Haus.
3768 2206 6148 2460 Fey Hast di so eilis civit jus Grosiales
3758 2453 4506 2573 worden...
3795 2553 4903 2750 Elis. Sarg. tale:
3765 2697 5781 2934 Thos. The lubt tuch junges Volk-
3771 2864 6124 3181 and bie hane hund - regh it
3778 3101 4249 3291 worden.
3835 3194 6274 3471 Eliz An 23 Juin Hartzen - der Kircheil
3815 3381 6241 3761 rein Steiermeit. en Gut von Reib Elten,
3825 3598 4873 3878 Lund. Gülche
