3624 4232
3121 537 3257 653 79
998 629 1547 847 Max, Judit
995 800 3289 998 Judit über ihre Schwester. "Ist es nicht zu dumm
995 957 3316 1081 ein soelhes Leben zu führen? In ewiger Angst. Ihr
1007 1084 3147 1255 wird das nie passieren. Sie ist entschlossen
992 1252 3354 1402 Kokotte zu werden. Ganz ehrlich und ohne Komödie.
995 1411 3313 1580 Max vermutet, dass sie schon einen Geliebten hat,
995 1509 3372 1692 oder mehrere, erfährt im Laufe des Gesprächs, dass
1007 1650 3195 1857 sie jungfräulich ist. Er bittet sie, wenn sie
1010 1822 3224 2055 schon entschlossen sei ihn zum ersten Geliebten
995 2034 1503 2176 zu nehmen.
1004 2114 3136 2327 Sie will davon nichts wissen. "Mein erser Ge
1007 2262 3165 2442 liebter darf keine Ahnung haben, dass er mein
1016 2403 3384 2598 erster geliebter ist. Sie sind alssd der einzige
1016 2575 3068 2740 Mensch auf Erden, der es nicht werden kann.
1022 2684 2702 2929 Max: verliebt sich heftig in Judit.
1048 2950 3260 3289 Albine, ihr Gatte und Silberstein, die Judit
1051 3280 1461 3478 abholen
