3592 4104
1208 551 3240 720 meinen ungeheuren, unauslöschlichen, ewigen
1203 728 3157 875 Hass begreifen, den ich gegen den Elenden
1221 907 2732 1051 hege, der an Allem Schuld trägt.
1527 1041 1709 1127 ran
1433 1062 2507 1201 "Varum?“ fragte Marius.
1446 1193 3281 1332 "Daran, dass Du die herrlichste Tänzerin
1233 1367 3010 1511 bist, die je gelebt hat?“ sagte Eugen.
1453 1471 3127 1663 "Daran, dass Du heute reich, berühmt
1238 1686 2919 1858 und geliebt bist?“ fragte der Maler.
1431 1817 3260 2014 Mathilde schüttelte den Kopf. "Mit wie
1254 1946 3205 2153 viel Freuden geb' ich alles her, wenn ich
1261 2113 3255 2282 nur das wieder hätte, was ich durch ihn un¬
1281 2297 2689 2497 wiederbringlich verloren habe.
1496 2399 3220 2586 'Ob er oder ein Anderer“, sagte Felix,
1289 2608 2381 2773 und die Andern nickten.
1486 2689 3139 2866 "Vielleicht habt Ihr Recht. So würd'
1299 2897 3096 3071 ich eben jenen Andern hassen wie heute
1309 2998 3187 3212 ihn. Und mit gleichem Recht. O, was seid
1314 3215 2406 3357 Ihr Alle für Schurken!"
2702 3230 2859 3377 wch
1499 3283 3218 3506 „Nein“, sagte Marius, und die beiden
1327 3516 2644 3670 Andern schüttelten den Kopf.
1516 3619 3344 3796 Aber Mathilde liess sich nicht beirren.
