3592 4120
2876 387 3006 505 8
1162 530 3073 665 letzten Kuss oder an meinem letzten Glas
540 592 1094 770 Aber sterben, c-est
1169 647 3133 817 Champagner sterben werde. Und darum fluch'
427 727 1039 872 il au même
1789 770 2229 880 sie geeckt
1184 825 3163 972 ich dem, der mich verführt hat." Sie erhob
392 830 887 999 Ledenschafler
1184 965 3153 1127 das Glas und sah im Kreise herum, als war-
2659 1049 3131 1162 dareil hui
1194 1134 3143 1294 tete sie, dass die Freunde mit ihr anstos-
1194 1327 1782 1467 sen sollten.
1339 1422 3046 1589 Da sagte der Maler: "Meiner Ansicht
1207 1587 3026 1757 nach ist "Verführung" von allen dummen
1217 1742 3066 1919 Worten, die es giebt, das allerdümmste.
1407 1882 3118 2066 "Vielleicht nicht einmal so dumm als
1229 2079 2321 2219 verlogen", sagte Eugen.
1417 2191 3038 2364 Der Freiherr sah vor sich hin. “Es
1229 2354 3241 2519 heisst überhaupt nichts. Verführt man denn
1377 2501 1619 2621 serve
1239 2564 1769 2701 überhaupt?“
1474 2664 3146 2841 'Ich glaube nicht an die Verführung!
1252 2866 1794 2994 rief Felix.
1467 2964 3128 3116 "Ich glaube nicht einmal an die Not-
1269 3146 2224 3306 zucht", sagte Eugen.
1454 3266 3333 3443 Und der Freiherr sprach: "Man sinkt ein¬
1282 3413 2846 3616 ander in die Arme, das ist alles.
1494 3586 3278 3771 "Das wagt Ihr zu sagen!“ rief Mathilde
