6712 4104
3922 478 6250 712 udith, die Schwester Julius die Schwägerin den
3884 647 6244 903 Banjier Westerhaße. Julie war die Geliebte des
5644 850 5941 1016 G.H.F.P.
3841 838 5356 1041 Prinzen Arduin.
3878 1000 6122 1162 Westerhaus nicht ohne dämonische Züge.
3847 1119 6197 1322 Judith unter dem Eindruck der häuslichen Ver.
3841 1288 6188 1516 hältnisse und ihr eigenes Wesen erkennend,
1559 1378 1794 1591 G.C.H.F.P
3878 1459 6159 1634 fest entschlossen niemals die Sklavin eines
3859 1603 6138 1784 Manns zu werden, sei es nun als Gattin oder
3878 1753 6353 1928 als Geliebte.Sie will frei ihren Leidenschaften
3884 1884 6088 2069 leben, eine grosse Dirne werden.
3869 2066 6356 2247 Auf dem Parkfest macht sie Max zu ihrem Vertrau
3878 2222 6262 2425 ten. Er will der Erste sein. Sie verspricht es
3866 2369 6256 2575 ihm beinahe. Dies alles in leichtem, jedesfalls
3831 2512 6206 2753 nicht ganz ernsthaftem Ton.
3856 2669 6272 2894 Auf dem gleichen Fest trägt sie sich praskiert
3859 2806 6362 3028 dem Prinzen als Begleiterin auf seiner Schiffs-
3866 2962 6272 3181 reise an. Nur bis zum nächsten Strand. Er gibt
3862 3125 6378 3312 ihr einen ping, der das erkennungszeichen bilden
3891 3294 4197 3503 soll.
3869 3388 6206 3631 Sie rät dem Max beiläufig sein Geld aus der
3884 3625 5597 3828 Bank ihres Schwagers zu nehmen.
