3448 4168
2667 491 2818 619 27
723 566 1877 761 Aurele: Ich nicht frei?
735 720 3073 935 Graf:,Sie sind es nicht. Sie fühlen sichs nicht
729 903 2949 1060 das ist es. Das Wort Verlöbnsi hat einen schwe
720 1046 1200 1208 ren Klang.
712 1177 3039 1342 Aurelie:  Kommen Sie, lie###ster Freund. Ich kenne
726 1325 3039 1482 diese Stimmungen an Ihnen. Doch niemals noch sah
726 1487 2940 1662 ich sie so schwer auf Ihnen lasten. Führen Sie
723 1636 3021 1789 mich zu meinem Wagen. Wenn Sie nicht zu übel ge
726 1801 2943 1978 launt sind, fahren Sie mich in meinem Wagen bis
723 1897 2969 2112 vor mein Haus. Und morgen früh, wen###wir zusam
729 2077 3050 2257 men einen Spaziergang machen in meinem Garten und
738 2164 2960 2431 allerlei besprechen. Zum Beispiel unsere Reise
735 2388 1560 2562 im Herbst. Unsre.
741 2446 2844 2707 Graf: Kennen Sie das sonderbare Märchen, Au
747 2623 2975 2824 relie. Ueber alle Massen altsam, obwohl es von
163 2629 596 2812 t très réelleurs
392 2745 476 2809 th
773 2734 2978 2960 einem heutigen Dichter ist. Ein weiser „ann von
113 2754 555 2940 in die Pave...
776 2885 2888 3169 seiner Gattin geliebt und zweifelnd wie ich.
770 3065 2710 3309 Aurelie: Zweifelnd, Sie sagen es selbst,
779 3120 3094 3454 Graf: Eine höhere Art von Zweifel. Nicht kleine
790 3309 2861 3530 mäkelndes,is-4trauen, in dem schon Rachsucht
805 3425 3065 3672 vorgebildet. Nein, Zweifel an der Zulänglichkeit
