3096 4152
713 539 2656 835 Max: Ein Wesennwie Sie. Eine Künstlerin
726 745 2905 984 Judit: Eine Ausrede meiner Schwester zu Liebe.
1626 881 2846 1054 Ich will be but undt an votre
729 943 1577 1114 Ich werde Kokotte.
1138 995 1973 1176 Ce même ne pas
726 1092 1070 1293 Max:!
740 1138 2848 1431 Judit: Ja. Es ist mein Beruf. Seit ich vier
748 1282 2848 1515 zehn Jahre alt bin weiss ichs. Ich liebe das
753 1458 2496 1696 Wohlleben, die Freiheit, Edelsteine.,
764 1591 2808 1864 Max: All dies kann Ihnen an der Seite eine
778 1837 1550 1992 einzigen werden,
827 1883 2770 2157 Judit :. Ja das alles, aber ich liebe auch
791 2141 1228 2322 die Lust.
794 2282 1531 2458 Max: Auch das.
810 2304 2496 2585 Max: Nein, so wie ich sie verstehe.
808 2425 2905 2751 Aber ich weiss eigentlich nicht wie ich dazu
824 2585 2799 2867 kommen, Ihnen das anzuvertrauen. Bei Gott
832 2767 2079 3046 Sie sind der erste „ensch.
198 2775 696 3032 Es mey ainsi
840 2997 1423 3209 Max: Judit.
87 3005 680 3182 ren, dien
913 3024 1908 3303 Judt. Fräulein Judit.
146 3127 626 3333 stieniers
862 3173 2287 3480 Max: Sie machen einen Scherz.
881 3331 2770 3602 Judit. Nein. Mein weiliger Ernst.Ich kann
837 3507 1851 3761 wichts andres werden.
