4472 5544
1695 514 1909 706 20 -
1168 681 4066 1027 einen eher leid tut, als so ein alter Professor.... (sie lacht)
1164 997 2101 1220 Elisa! (auf sie zu)
668 1040 933 1211 Karl:
1194 1044 4057 1374 (eilig herein) Wissen Sie, wer eben heraufkommt? Der Herr Gen-
676 1186 980 1365 Marie:
1190 1305 2204 1489 darneriewachtmeister.
1194 1468 1943 1656 Zu mir? Zu uns?
668 1412 963 1716 Karl:
702 1558 3998 1845 Wachtmeister: (tritt ein) Guten Abend. Sie wissen wohl schon, Her Ober-
1198 1746 2521 1977 aufseher, was passiert ist?
1224 1879 4075 2084 Ich weiss, Herr Wachtmeister, es ist einer umgebracht worden.
685 1960 963 2149 Karl:
1207 2037 4066 2333 Aber stimmt es auch, dass zwei von meinen Arbeitern verhaftet
1228 2294 1494 2470 sind?
710 2341 4062 2589 Wachtmeister: Verhaftet? Leider nicht. Die Zwei, gegen die ein Verdacht
1224 2470 4169 2735 besteht, sind n채mlich verschwunden. Nur dies ist der Grund, dass
1241 2684 4062 2885 sie nicht verhaftet sind. Freilich, wenn sie da w채ren, waren
1254 2791 4109 3026 sie weniger verd채chtig; das ist das Vertrachte. Ja, wir haben
1250 3026 3137 3227 einen schweren Beruf, Herr Oberaufseher.
1250 3189 2153 3394 Wer sind die Zwei?
740 3261 1027 3424 Karl:
745 3214 4023 3522 Wachtmeister: (in seinem Notizbuch lesend) Luigi Raso heisst der eine,
1267 3463 4224 3698 der andere Bardoni, von dem sonderbarer Weise der Vorname nicht
1263 3557 4169 3843 bekannt ist. Mit den Meldungsvorschriften wird es hier ja lei-
1280 3796 2714 4010 der nicht sehr genau genommen.
1271 3899 3972 4164 Raso und Bardoni sind verschwunden? Wie wollen Sie das in
758 3968 1040 4216 Karl:
1293 4113 3069 4348 diesem Augenblick schon konstatieren?
779 4182 4229 4545 Wachtmeister: Die anderen Zehn, die auf Ihrer Strecke arbeiten, Herr Ober-
1297 4404 3398 4674 aufseher, sind alle daheim, die Zwei fehlen.
1297 4567 3484 4811 Und das weiss der Portier im Berghoteel schon?
783 4640 1087 4828 Karl:
783 4729 3998 4990 Wachtmeister: Nat체rlich. Ich habe sofort hinauftelephonieren lassen.
