4472 5544
3472 282 3767 482 I
3858 243 4049 469 1
1141 668 4001 1020 unschuldig sind, ist ja jetzt zweifellos. Wären sie sonst da?
1154 942 3550 1202 Und wenn man sie reizt, ich stehe nicht dafür ein -
651 1076 4006 1367 Wachtmeister: Sie denken wohl, die Beiden würden sich an mir rächen? Und
1163 1202 4014 1458 Sie meinen, derartige Bedenken könnten mich veranlassen - Ich
1167 1410 4019 1693 mache Sie aufmerksam, Herr Wirt, dass ich früher Wachtmeister
1163 1623 2604 1788 in einem Bragonerregiment war.
1176 1636 3928 1949 Herr Wachtmeister, die Beiden denken ja nicht dran davonzu-
673 1849 929 1957 Wirt:
1185 1879 3455 2114 laufen. Sie zu arretieren, wäre höchst verfehlt.
1220 2009 3949 2270 (mit plötzlicher Heftigkeit) Und überhaupt, warum sollen es
681 2044 946 2318 Karl:
1202 2192 3186 2439 Arbeiter und gerade Arbeiter von mir sein?
694 2387 3919 2578 Wachtmeister: Es besteht der dringende Verdacht. Der Tatort ist drei-
1202 2482 4028 2721 hundert Meter weit von Ihrer Strecke, Herr Oberaufseher. Ich
1211 2682 3754 2873 werde mich nicht abhalten lassen meine Pflicht zu tun.
1207 2782 4036 3064 Dann wär es Ihre Pflicht alle Arbeiter einzusperren und mich
694 2860 981 3073 Karl:
1224 3073 1506 3194 dazu.
1237 3094 4049 3350 (von unten) He, Herr Wachtmeister! Was ist's nun eigentlich?
725 3212 1076 3390 Stimme:
720 3298 4210 3528 Zweite Stimme: Wollen Sie uns wirklich verhaften lassen, Herr Wachtmeister
751 3455 4123 3715 Erste Stimme: Weil wir um eine halbe Stunde später von der Arbeit heimge-
1233 3680 2539 3828 kommen sind als die Andern?
742 3741 3068 3993 Zweite Stimme: Hüten Sie sich, Herr Wachtmeister!
746 3884 4114 4188 Wachtmeister: (zum Fenster) Oh, guten Abend. Herr Raso und Herr Bardoni,
1259 4075 4097 4297 nicht wahr? Wer spricht denn von verhaften? Ich komme gleich
1250 4240 3663 4518 herunter, wir wollen uns nur ein wenig unterhalten.
590 4440 2014 4696 Erste Stimme: Unterhalten?
768 4501 4054 4791 Zweite Stimme: Mit einem solchen Schafskopf unterhalten wir uns nicht.
773 4705 4127 5047 Wachtmiester: Ihr seid verhaftet! (Lärm unten) Ruhe! Wegen Wachebeleidi-
