4552 5608
2504 336 2684 510 11
2234 329 2474 495 Votre très bien de l'autre, s'ygere, lui en ai-
3109 321 3873 628 1 1, '10' 1 1' 1
2108 683 2264 809 G.C.F.P.
1204 805 3541 1027 Herr Prandtner hat Schritte für dich unternommen.
705 905 1019 1086 Elisa:
1237 993 1706 1189 Schritte?
720 1071 979 1226 Karl:
1230 1086 3962 1315 Er hat einen Vetter oder Schwager bei der Bahndirektion in
750 1215 1030 1370 lisa:
1244 1278 3412 1495 Innsbruck. Dem hat er deinetwegen geschrieben.
1263 1462 2245 1680 Du hast ihn gebeten?
750 1484 997 1721 Karl:
1255 1591 4025 1798 Ich? Wie hätt' ich? Was weiss ich von der Verwandtschaft des
753 1695 1052 1913 Elisa:
1252 1721 4080 1975 Herrn Wirt? Die Idee ist wohl in dem Kopf des Fräulein Marie
1267 1909 3674 2101 entsprungen. Na, es wird wohl wieder nichts werden.
1281 2068 4040 2264 Warum? Warum soll nichts daraus werden? Einmal muss es sich
746 2027 1030 2363 Karl:
1278 2197 4003 2441 doch bessern. Und woher endlich das Glück kommt, das lässt
1285 2385 3981 2585 sich ja nicht vorhersagen. Vielleicht kommt es gerade aus
1289 2577 1968 2769 der Gegend.
1300 2655 4110 2924 Wäre shhon möglich, dass es aus der Gegend kommt, wo zwei so
790 2769 1104 2936 Elisa:
1307 2858 2636 3098 schöne blaue Augen leuchten.
1333 2984 3209 3249 (wie hoffend) Du - du bist eifersüchtig?
798 2995 1075 3257 Karl:
1311 3264 1555 3419 Ich?
812 3294 1119 3460 Elisa:
1326 3290 4294 3534 Es ist keine Schande eifersüchtig zu sein. Wenn man wen
812 3438 1075 3589 Karl:
1337 3464 4169 3726 gern hat, kommt das zuweilen vor. Das weiss ich, Eilsa. Denn
1333 3707 2308 3877 ich, ich liebe dich.
1344 3777 2910 4014 Jedenfalls sagst du mir's öfters.
846 3888 1148 4047 Elisa:
1348 3903 4187 4173 Und du, du Wirst mich auch wieder lieben. Ja, du wirst. Wenn
868 4029 1100 4224 Aarl:
1359 4080 4106 4309 bessere Zeiten kommen, wirst du mich wieder lieben. Und sie
1370 4257 4320 4464 werden kommen. Verliere nur die Geduld nicht. Du weisst, wenn’s
1370 4401 4154 4634 nach mir ginge, würdest du längst ein anderes Leben führen.
1374 4597 2315 4841 Kenn ick, kenn ich.
860 4671 1171 4852 Elisa:
1392 4723 4165 4952 Ich habe keine andern Worte. Es gibt keine ändern. Du musst
871 4833 1159 5037 Karl:
