4472 5544
2321 237 2816 542 1.° 1.
3812 258 4142 521 1/1  [?]
3096 275 3494 436 Fol. 1/1
1935 601 2232 771 24 -
1143 792 4155 1122 gung. Vorläufig wegen Wachebeleidung. Roberto, tu deine Pflicht!
1152 1101 1766 1300 (Lärm unten)
1105 1220 2206 1440 Oh, Herr Wachtmeister -
686 1266 961 1440 Wirt:
695 1364 3900 1563 Wachtmeister: Soll ich sie etwa entwischen lassen? Jedes Jahr sitzen
1165 1491 4087 1783 Hunderte auf einen Verdacht hin durch Monate im Gefängnis. Dann
1127 1622 4121 1906 lässt man sie eben frei. Und wenn die Beiden sich zu rechtferti-
1148 1838 3892 2050 gen vermögen, so werde ich keinen Anstand nehmen, sie ohne-
1148 1974 4133 2211 weiteres zu entlassen. Aber ich kann es doch nichtirkieren vor
1135 2109 4027 2363 dem Herrn Kommissär mit leeren Händen zu stehen. Bedenken Sie
1160 2261 4036 2524 doch! Ein Mord ist geschehen, ein grauenhafter Mord,  ein Raub-
1160 2503 1470 2651 mord —
1169 2660 1808 2837 Ein Raubmord?
754 2664 1008 2837 Karl:
750 2757 4150 2973 Wachtmeister: Nun freilich, was denn? Ein junger Mensch schläft im Walde,
1182 2893 4205 3121 ein vornehmer junger Mensch, nicht etwa irgend ein Landstreicher,
1160 3092 4036 3337 nach dem kein Hahn kräht, nein ein Reisender, ein Millionär,
1173 3231 3341 3502 ein Hofratssohn. Die Bösewichte erwürgen ihn -
1190 3452 1702 3634 Erwürgen?
783 3384 1046 3638 Wirt:
783 3528 4074 3782 Wachtmeister: Janohl - erwürgen ihn, rauben ihm zweihundert Kronen und
1152 3710 4248 3892 suchen das Weite. Nach allen Windrichtungen sit telegraphiert, der
1165 3820 4286 4083 Bahnhof wird beobachtet und ich sollte hier die Hände in den Schoss
1160 4070 2283 4252 legen, denken Sie wohl?
1165 4150 4133 4379 Ein Millionär sagen Sie, Herr Wachtmeister? Und hatte nur zwei-
809 4273 1088 4476 Wirt:
1165 4362 2350 4574 hundert Kronen bei sich?
800 4481 4070 4739 Karl: Und wieso weiss man das so genau, dass ihm gerade zweihundert
1177 4697 2490 4904 Kronen geraubt worden sind?
817 4802 4218 5137 Wachtmeister: Wieso man das weiss? durch Nachforschungen, durch sogenann-
