4472 5544
3466 268 3835 532 V.M. I
1798 511 2020 713 22
679 801 3361 1077 Wachtmeister: Man legt sich ins Gras hin und schläft ein.
675 956 2766 1207 Karl: Zuweilen schläft man wohl auch ein.
687 1077 4011 1362 Wachtmeister: Haben Sie heute während der Mittagspause geschlafen, Herr
1123 1316 1760 1521 Oberaufseher?
1132 1345 4166 1672 Ob ich - Es wäre möglich. Ja, ich glaube fast, dass ich ein wenig
704 1551 993 1739 Karl?
1136 1635 1999 1819 geschlummert habe.
713 1723 4078 1974 Wachtmeister: Nun, was während dieser Zeit geschehen ist, das können Sie
1127 1861 4103 2154 nicht wissen. Und Sie haben doch die Leute nicht ununterbrochen
1148 2108 2251 2322 unter den Augen gehabt.
1153 2205 4032 2485 All das sind doch aber keine genügenden Verdachtsgründe gegen
729 2293 1002 2485 Karl:
1157 2435 1982 2611 Raso und Bardoni.
746 2506 4107 2758 Wachtmeister: Die Zwei sind nicht da, das steht fest. Und mit Verdachts-
1157 2620 4179 2917 gründen fängt die Wahrheit an. In einer Stunde wird der Kommisär
1165 2842 4011 3089 aus Bozen hier sein den Tatbestand aufnehmen. Die zwei Leute
1174 3005 3370 3215 fehlen hun einmal, also wird die Untersuchung
1203 3194 1882 3391 (Lärm im Hofe)
1199 3303 3839 3537 (die am Fenster stand, hinunterblickend) Da sind sie ja.
775 3391 1090 3563 Elisa:
792 3542 1676 3734 Wachtmeister: Wer?
1228 3613 3525 3860 (auch beim Fenster) Ja, da sind Raso und Bardoni.
796 3743 1065 3894 Karl:
817 3764 4179 3990 Wachtmeister: Hm. Immerhin bleibt es verdächtig, dass sie sich verspätet
1199 3877 3919 4183 haben. (gibt sich einen Ruck, zum Fenster, ruft hinunter)
1232 4174 1651 4359 Roberto!
809 4250 2498 4531 Roberto: (unten) Herr Wachtmeister
1232 4367 4066 4669 (tritt eiligst herein) Ich beschwöre Sie, Herr Wachtmeister,
796 4485 1119 4707 Wirt:
1241 4560 4091 4791 seien Siennicht voreilig. Die Beiden haben gehört, dass sie
1249 4715 4099 4988 verdächtigt werden und sind rasend vor Mut, Und dass xxx sie
