4440 5528
1795 478 2001 717 9
1165 679 3960 1004 Leben. Für mich gewiss nicht; und für ihn auch nicht, wenig-
1176 907 3964 1172 stens, so lang er mit mir zusammen ist. Es liegt eben daran,
1179 1123 3300 1303 dass ich nicht die richtige Frau für ihn bin.
1183 1235 4020 1411 (fast erschrocken) Wie können Sie das - Er liebt Sie so sehr
668 1299 970 1456 Marie:
1183 1374 4009 1564 Das weiss ich. Glauben Sie, sonst hätt' ich's so lang ausge-
668 1471 974 1665 Elisa:
1172 1575 4027 1762 halten? Schon mehr als einmal war ich nah daran auf un davon
1183 1732 3964 1866 zu gehen. Aber jetzt, Jetzt kann ich nicht mehr!- Ich halte
1179 1877 4042 2075 das Leben nicht länger aus. Und hielte es auch nicht, wenn es
1202 2030 4080 2217 etwas besser würde; nicht einmal, wenn Ihr Herr Onkel uns eine
1202 2154 4020 2366 fixe Stellung verschaffte. Solche Frauen wie ich, die taugen
1183 2348 4001 2534 nicht zu solch einer Existenz. Karl müsste eine andere Frau
1191 2527 4177 2717 haben, eine sanftere, eins bescheidenere, sine bessere. So eine,
1198 2691 2262 2848 wie Sie, zum Beispiel.
1217 2818 1523 3061 Adieu.
694 2770 1012 3016 Marie:
1221 2960 4169 3244 (sie beim Arm fassend) Aber was ist denn? Warum wollen Sie denn
694 3046 993 3236 Elisa:
1213 3195 1519 3367 fort?
1224 3303 2736 3538 Ich denke, es ist Zeit zu gehen.
713 3326 1012 3490 Marie:
1221 3460 4027 3662 Oh nein, ganz im Gegenteil, es ist Zeit zu bleiben. Ich habe
720 3509 1023 3699 Elisa:
1232 3628 3994 3811 Ihnen noch eine ganze Menge zu sagen, ja, wirklich. Und was
1217 3781 3975 3953 ich Ihnen vor allem sagen muss, denn dann werden Sie alles
1221 3919 4218 4128 Weitere viel leichter verstehen: Wir sind gar nicht verheiratet,
1254 4061 4031 4296 Karl und ich. Er ist gar nicht mein Mann. Wie? Nun leuchten
1235 4285 1780 4472 Ihre Augen!
1239 4430 2516 4639 Aber lassen Sie mich doch -
709 4453 1064 4636 Marie:
1243 4554 4087 4781 (lässt jetzt ihren Arm los) Er ist frei, frei! Es kann jeden
724 4598 1049 4770 Elisa:
1239 4748 3956 4946 Augenblick eine Andere heiraten, wenn es ihm beliebt.- In
