4472 5528
3760 173 4000 404 1 mai
3125 198 3607 384 11e.
1952 223 2258 450 F.J.
1519 231 1928 487 1,4,5
1956 466 2146 673 34
1098 747 3884 974 schuld und der Hehlerei einsperren. Und es wäre doch schade
1123 929 4057 1131 auch nur noch einen Tag zu verlieren. Keine Stunde mehr, Elisa.
1119 1086 4082 1304 Es gilt, die Zeit benützen. Schau dich in den Spiegel. Wenn man
1119 1180 4111 1478 so viel durchgemacht hat, das hinterlässt seine Spuren... Falten.
1135 1412 2724 1634 Elisa, man bleibt nicht ewig jung.
1123 1581 2452 1775 Karl nur dich, dich allein -
640 1606 937 1808 Elisa:
1139 1750 2064 1952 Rühr mich nicht an!
632 1816 896 1956 Karl:
640 1919 2439 2117 Wachtmeister: (draussen) Herr Bengler!
1164 2084 1936 2258 (erstickt) Karl!
648 2113 945 2299 Elisa:
1152 2225 1895 2419 Ja. Da bin ich.
578 2283 945 2427 Karl:
652 2349 3967 2551 Wchtmeister: (tritt ein) Herr Oberaufseher, der Herr Kommissür ist sehr
1160 2489 3975 2695 ungeduldig. Ich will Ihnen nur mitteilen, dass sich die Ver-
1164 2646 4020 2856 dachtsgründe gegen die beiden Verhafteten erheblich verstärkt
1172 2831 4012 3005 haben. Sie brauchen weiter kein Blatt vor den Mund zu nehmen.
1193 2988 3851 3178 (hat das Fenster geöffnet) Vor allem einmal lasse man die
665 2939 937 3219 Karl:
1147 3104 4086 3360 Burschen los. Bardoni, Raso, Ihr seid frei! Sagt es ihnen doch!
1147 3228 4045 3546 (Unruhe unten, einige Leute kommen die Treppe herauf, die Türe
1197 3513 1779 3673 steht offen)
1189 3587 4053 3797 Hier sind die zweihundert Kronen, Herr Wachtmeister. Und hier
673 3690 949 3851 Karl:
1201 3764 4066 3975 bin ich! Ist Ihnen alles klar? Und bitte, lassen Sie doch die
1205 3979 1940 4148 Türe hier frei.
718 4111 2332 4317 Wachtmeister: Was heisst das? He?!
1209 4218 4037 4462 Das ist mein armes Weib, die kann gar nichts dafür, dass ich
702 4301 999 4482 Karl:
1193 4392 3983 4586 elender Kerl Einen erwürgt hab - Haben Sie doch Mitleid mit
1218 4557 3682 4780 ihr. Sie ist unschuldig, ich weiss es...Elisa, geh!
1234 4664 3863 4928 (eine Weile unschlüssig, stürzt plötzlich wie wahnsinnig
718 4759 1048 4986 Elisa:
