<?xml version="1.0" encoding="UTF-8" standalone="yes"?>
<PcGts xmlns="http://schema.primaresearch.org/PAGE/gts/pagecontent/2013-07-15" xmlns:xsi="http://www.w3.org/2001/XMLSchema-instance" xsi:schemaLocation="http://schema.primaresearch.org/PAGE/gts/pagecontent/2013-07-15 http://schema.primaresearch.org/PAGE/gts/pagecontent/2013-07-15/pagecontent.xsd">
    <Metadata>
        <Creator>prov=READ-COOP:name=TrHtr:version=2.1.0:model_id=51170:date=15_08_2023_06:37</Creator>
        <Created>2023-05-10T15:22:40.083+02:00</Created>
        <LastChange>2023-08-15T06:37:11.386+02:00</LastChange>
        <TranskribusMetadata docId="1428905" pageId="55433487" pageNr="18" tsid="132841116" status="IN_PROGRESS" userId="64420" imgUrl="https://files.transkribus.eu/Get?id=EZEJRUUKGVTNYEODMTLSSFKX&amp;fileType=view" xmlUrl="https://files.transkribus.eu/Get?id=AZPMJHHJYLYVWOAVEHXWNQDS" imageId="44707523"/>
    </Metadata>
    <Page imageFilename="1428905_0018.jpg" imageWidth="4552" imageHeight="5608">
        <ReadingOrder>
            <OrderedGroup id="ro_1711802127417" caption="Regions reading order">
                <RegionRefIndexed index="0" regionRef="tr_1"/>
                <RegionRefIndexed index="1" regionRef="tr_3"/>
                <RegionRefIndexed index="2" regionRef="tr_2"/>
            </OrderedGroup>
        </ReadingOrder>
        <TextRegion id="tr_1" custom="readingOrder {index:0;}">
            <Coords points="703,379 4122,379 4122,2378 703,2378"/>
            <TextLine id="tr_1_tl_1" custom="readingOrder {index:0;}">
                <Coords points="1184,461 1235,457 1276,475 1330,428 1352,453 1396,442 1440,471 1462,461 1528,526 1561,519 1568,351 1542,358 1510,336 1393,369 1352,336 1279,347 1250,329 1188,366"/>
                <Baseline points="1205,447 1217,441 1306,447 1396,435 1485,435 1575,429"/>
                <TextEquiv>
                    <Unicode>Männerin.</Unicode>
                </TextEquiv>
            </TextLine>
            <TextLine id="tr_1_tl_2" custom="readingOrder {index:1;}">
                <Coords points="3326,486 3370,482 3385,471 3410,482 3428,464 3447,482 3487,479 3483,376 3458,373 3439,380 3428,369 3417,369 3395,391 3374,376 3359,384 3322,380"/>
                <Baseline points="3346,447 3436,453 3496,453"/>
                <TextEquiv>
                    <Unicode>11</Unicode>
                </TextEquiv>
            </TextLine>
            <TextLine id="tr_1_tl_3" custom="readingOrder {index:2;}">
                <Coords points="3059,603 3132,592 3205,629 3282,570 3355,599 3447,563 3677,577 3732,534 3845,519 3838,344 3805,336 3607,464 3523,450 3414,486 3227,340 3048,380"/>
                <Baseline points="3072,453 3161,459 3251,495 3323,536 3334,536 3352,530 3406,536 3496,530 3585,513 3675,507 3764,501 3854,495"/>
                <TextEquiv>
                    <Unicode>Fol. 1/1</Unicode>
                </TextEquiv>
            </TextLine>
            <TextLine id="tr_1_tl_4" custom="readingOrder {index:3;}">
                <Coords points="1312,567 1334,567 1341,574 1436,530 1480,552 1488,545 1513,545 1513,486 1491,486 1455,461 1436,468 1393,442 1316,457"/>
                <Baseline points="1336,525 1342,525 1431,519 1521,519"/>
                <TextEquiv>
                    <Unicode>1 „</Unicode>
                </TextEquiv>
            </TextLine>
            <TextLine id="tr_1_tl_5" custom="readingOrder {index:4;}">
                <Coords points="1685,779 1714,779 1732,797 1751,793 1754,804 1784,800 1791,811 1860,764 1901,786 1915,636 1828,629 1802,651 1784,632 1743,658 1696,654"/>
                <Baseline points="1706,781 1736,781 1825,769 1915,763"/>
                <TextEquiv>
                    <Unicode>18</Unicode>
                </TextEquiv>
            </TextLine>
            <TextLine id="tr_1_tl_6" custom="readingOrder {index:5;}">
                <Coords points="1159,1170 3882,1031 3893,852 1162,1060"/>
                <Baseline points="1181,1115 1211,1115 1300,1115 1390,1109 1479,1103 1569,1097 1658,1091 1748,1085 1837,1079 1927,1073 2016,1073 2105,1067 2195,1061 2284,1055 2374,1055 2463,1050 2553,1044 2642,1038 2732,1032 2821,1026 2911,1026 3000,1014 3090,1008 3179,1002 3269,996 3358,990 3448,984 3537,978 3627,972 3716,972 3806,960 3895,966"/>
                <TextEquiv>
                    <Unicode>mir nur glauben. Ich w i 11, dass du glücklich wirst. Und</Unicode>
                </TextEquiv>
            </TextLine>
            <TextLine id="tr_1_tl_7" custom="readingOrder {index:6;}">
                <Coords points="1170,1319 4006,1181 4039,1034 1173,1217"/>
                <Baseline points="1193,1270 1270,1270 1360,1264 1449,1258 1539,1252 1628,1246 1718,1240 1807,1234 1897,1228 1986,1228 2076,1223 2165,1217 2255,1211 2344,1211 2434,1205 2523,1199 2613,1193 2702,1187 2792,1187 2881,1181 2971,1175 3060,1169 3150,1163 3239,1157 3329,1151 3418,1145 3507,1139 3597,1133 3686,1127 3776,1127 3865,1115 3955,1109 4044,1103"/>
                <TextEquiv>
                    <Unicode>da ich es will - Wir sind ja noch jung, Elisa, wir haben noch</Unicode>
                </TextEquiv>
            </TextLine>
            <TextLine id="tr_1_tl_8" custom="readingOrder {index:7;}">
                <Coords points="1202,1440 1616,1488 2325,1382 3341,1393 3352,1243 3118,1192 2924,1287 1923,1283 1703,1352 1480,1290 1206,1356"/>
                <Baseline points="1223,1431 1294,1425 1384,1419 1473,1413 1563,1407 1652,1402 1742,1396 1831,1396 1921,1390 2010,1384 2100,1378 2189,1372 2278,1366 2368,1366 2457,1360 2547,1354 2636,1348 2726,1342 2815,1336 2905,1330 2994,1324 3084,1318 3173,1312 3263,1306 3352,1312"/>
                <TextEquiv>
                    <Unicode>viel Zeit vor uns. Und ich, ich kann arbeiten.</Unicode>
                </TextEquiv>
            </TextLine>
            <TextLine id="tr_1_tl_9" custom="readingOrder {index:8;}">
                <Coords points="1192,1637 3333,1458 3958,1517 4050,1330 1202,1473"/>
                <Baseline points="1217,1580 1282,1580 1372,1575 1461,1569 1551,1563 1640,1557 1730,1557 1819,1551 1909,1545 1998,1539 2088,1533 2177,1527 2267,1521 2356,1521 2446,1509 2535,1509 2625,1503 2714,1497 2804,1491 2893,1485 2982,1479 3072,1473 3161,1473 3251,1467 3340,1461 3430,1455 3519,1449 3609,1443 3698,1437 3788,1431 3877,1425 3967,1419 4056,1419"/>
                <TextEquiv>
                    <Unicode>Freilich kannst du arbeiten. Aber was hilft's uns? Die Andern</Unicode>
                </TextEquiv>
            </TextLine>
            <TextLine id="tr_1_tl_10" custom="readingOrder {index:9;}">
                <Coords points="1199,1747 2584,1762 4061,1594 4068,1484 1860,1678 1206,1634"/>
                <Baseline points="1223,1742 1300,1736 1390,1730 1479,1724 1569,1718 1658,1712 1748,1712 1837,1706 1927,1700 2016,1700 2105,1694 2195,1688 2284,1682 2374,1676 2463,1670 2553,1664 2642,1658 2732,1652 2821,1652 2911,1640 3000,1640 3090,1628 3179,1628 3269,1616 3358,1616 3448,1610 3537,1604 3627,1598 3716,1592 3806,1586 3895,1586 3985,1580 4074,1580"/>
                <TextEquiv>
                    <Unicode>bei der Bahn, die arbeiten auch, rackern sich vielleicht noch</Unicode>
                </TextEquiv>
            </TextLine>
            <TextLine id="tr_1_tl_11" custom="readingOrder {index:10;}">
                <Coords points="680,1663 716,1670 735,1659 764,1678 811,1637 837,1648 885,1626 914,1648 925,1637 994,1648 1001,1542 954,1542 939,1528 903,1539 852,1495 833,1502 797,1484 760,1495 724,1480 687,1484"/>
                <Baseline points="703,1610 739,1610 829,1610 918,1604 1008,1598"/>
                <TextEquiv>
                    <Unicode>Elisa:</Unicode>
                </TextEquiv>
            </TextLine>
            <TextLine id="tr_1_tl_12" custom="readingOrder {index:11;}">
                <Coords points="1221,1937 3830,1795 4112,1751 4116,1641 1228,1853"/>
                <Baseline points="1246,1903 1258,1897 1348,1891 1437,1891 1527,1879 1616,1879 1706,1873 1795,1867 1885,1861 1974,1855 2064,1849 2153,1843 2243,1843 2332,1837 2422,1831 2511,1825 2601,1819 2690,1819 2780,1813 2869,1801 2959,1795 3048,1789 3138,1783 3227,1783 3317,1777 3406,1771 3496,1765 3585,1759 3675,1753 3764,1753 3854,1748 3943,1742 4032,1736 4122,1724"/>
                <TextEquiv>
                    <Unicode>mehr und verdienen noch weniger. Es ist schon so auf der Welt</Unicode>
                </TextEquiv>
            </TextLine>
            <TextLine id="tr_1_tl_13" custom="readingOrder {index:12;}">
                <Coords points="1279,2109 4035,1959 4042,1842 1287,1970"/>
                <Baseline points="1300,2058 1366,2052 1455,2046 1545,2040 1634,2034 1724,2028 1813,2022 1903,2016 1992,2010 2082,2010 2171,2004 2261,1998 2350,1992 2440,1986 2529,1980 2619,1974 2708,1968 2798,1968 2887,1962 2977,1956 3066,1950 3155,1944 3245,1938 3334,1932 3424,1927 3513,1921 3603,1921 3692,1915 3782,1909 3871,1903 3961,1897 4050,1891"/>
                <TextEquiv>
                    <Unicode>Jämmerlich! Und das Dümmste ist, dass du für Zwei zu sorgen</Unicode>
                </TextEquiv>
            </TextLine>
            <TextLine id="tr_1_tl_14" custom="readingOrder {index:13;}">
                <Coords points="1228,2244 2690,2149 2993,2230 3121,2135 4101,2091 4105,1981 1235,2120"/>
                <Baseline points="1252,2213 1336,2207 1425,2207 1515,2201 1604,2189 1694,2189 1783,2177 1873,2177 1962,2171 2052,2165 2141,2165 2231,2159 2320,2153 2410,2147 2499,2141 2589,2135 2678,2129 2768,2123 2857,2123 2947,2117 3036,2111 3126,2105 3215,2100 3305,2094 3394,2088 3484,2082 3573,2076 3663,2070 3752,2070 3842,2064 3931,2058 4021,2052 4110,2052"/>
                <TextEquiv>
                    <Unicode>hast, dass du dich mit so einem Frauenzimmer herumschleppst...</Unicode>
                </TextEquiv>
            </TextLine>
            <TextLine id="tr_1_tl_15" custom="readingOrder {index:14;}">
                <Coords points="1246,2394 1265,2394 1330,2431 1389,2401 1422,2401 1455,2383 1491,2398 1495,2314 1425,2317 1389,2299 1378,2306 1327,2299 1305,2314 1250,2306"/>
                <Baseline points="1270,2368 1324,2368 1413,2362 1503,2362"/>
                <TextEquiv>
                    <Unicode>wie -</Unicode>
                </TextEquiv>
            </TextLine>
        </TextRegion>
        <TextRegion id="tr_3" custom="readingOrder {index:1;}">
            <Coords points="757,2461 4229,2461 4229,3327 757,3327"/>
            <TextLine id="tr_3_tl_1" custom="readingOrder {index:0;}">
                <Coords points="1254,2613 1276,2613 1338,2562 1378,2584 1414,2569 1473,2580 1502,2610 1546,2606 1557,2445 1466,2467 1374,2416 1327,2456 1308,2438 1265,2434"/>
                <Baseline points="1276,2529 1294,2529 1384,2517 1473,2517 1563,2511"/>
                <TextEquiv>
                    <Unicode>Elisa!</Unicode>
                </TextEquiv>
            </TextLine>
            <TextLine id="tr_3_tl_2" custom="readingOrder {index:1;}">
                <Coords points="738,2551 757,2551 771,2573 782,2569 819,2595 848,2588 866,2569 914,2558 943,2584 961,2569 994,2573 998,2485 921,2474 899,2496 885,2496 866,2482 844,2485 822,2463 738,2474"/>
                <Baseline points="757,2553 829,2553 918,2547 1008,2547"/>
                <TextEquiv>
                    <Unicode>Karl:</Unicode>
                </TextEquiv>
            </TextLine>
            <TextLine id="tr_3_tl_3" custom="readingOrder {index:2;}">
                <Coords points="1257,2697 1473,2745 2529,2683 3253,2602 3286,2533 2292,2515 1265,2599"/>
                <Baseline points="1282,2678 1324,2684 1413,2678 1503,2666 1592,2666 1682,2666 1771,2660 1861,2654 1950,2654 2040,2642 2129,2636 2219,2630 2308,2625 2398,2619 2487,2613 2577,2607 2666,2601 2756,2595 2845,2589 2935,2589 3024,2577 3114,2577 3203,2571 3293,2571"/>
                <TextEquiv>
                    <Unicode>Mit so einer, die dir's nicht einmal dankt.</Unicode>
                </TextEquiv>
            </TextLine>
            <TextLine id="tr_3_tl_4" custom="readingOrder {index:3;}">
                <Coords points="1272,2880 3845,2745 4046,2632 1279,2727"/>
                <Baseline points="1294,2839 1366,2839 1455,2833 1545,2827 1634,2821 1724,2815 1813,2809 1903,2804 1992,2798 2082,2798 2171,2786 2261,2786 2350,2780 2440,2774 2529,2768 2619,2762 2708,2762 2798,2756 2887,2750 2977,2744 3066,2738 3155,2732 3245,2726 3334,2726 3424,2714 3513,2714 3603,2708 3692,2702 3782,2696 3871,2690 3961,2684 4050,2684"/>
                <TextEquiv>
                    <Unicode>Wie kannst du mir danken? Ich hab dir doch nichts zu bieten.</Unicode>
                </TextEquiv>
            </TextLine>
            <TextLine id="tr_3_tl_5" custom="readingOrder {index:4;}">
                <Coords points="746,2760 855,2778 998,2716 1056,2738 1060,2628 1042,2628 1009,2599 961,2639 917,2617 892,2643 844,2632 797,2646 771,2617 753,2617"/>
                <Baseline points="769,2714 793,2714 882,2708 972,2702 1061,2702"/>
                <TextEquiv>
                    <Unicode>Elisa:</Unicode>
                </TextEquiv>
            </TextLine>
            <TextLine id="tr_3_tl_6" custom="readingOrder {index:5;}">
                <Coords points="1290,3004 3264,2953 4024,2869 4031,2770 1294,2942"/>
                <Baseline points="1312,3000 1348,2994 1437,2994 1527,2988 1616,2982 1706,2977 1795,2971 1885,2965 1974,2965 2064,2959 2153,2953 2243,2947 2332,2941 2422,2935 2511,2929 2601,2929 2690,2923 2780,2917 2869,2911 2959,2905 3048,2899 3138,2893 3227,2887 3317,2881 3406,2875 3496,2869 3585,2869 3675,2863 3764,2857 3854,2851 3943,2845 4032,2851"/>
                <TextEquiv>
                    <Unicode>Wofür sollst du mir danken, Elisa, die du so schön bist wie</Unicode>
                </TextEquiv>
            </TextLine>
            <TextLine id="tr_3_tl_7" custom="readingOrder {index:6;}">
                <Coords points="768,2946 797,2953 848,2931 863,2946 903,2924 925,2939 939,2931 965,2950 980,2939 1020,2939 1016,2800 969,2800 954,2789 914,2803 895,2789 870,2807 855,2792 764,2770"/>
                <Baseline points="787,2863 876,2869 966,2869 1026,2869"/>
                <TextEquiv>
                    <Unicode>Karl:</Unicode>
                </TextEquiv>
            </TextLine>
            <TextLine id="tr_3_tl_8" custom="readingOrder {index:7;}">
                <Coords points="1283,3216 4156,3034 4225,2902 1294,3052"/>
                <Baseline points="1306,3155 1366,3155 1455,3155 1545,3144 1634,3138 1724,3138 1813,3132 1903,3126 1992,3120 2082,3114 2171,3108 2261,3102 2350,3096 2440,3096 2529,3090 2619,3084 2708,3078 2798,3072 2887,3066 2977,3066 3066,3060 3155,3048 3245,3048 3334,3036 3424,3036 3513,3030 3603,3024 3692,3018 3782,3012 3871,3012 3961,3006 4050,3000 4140,2994 4229,2988"/>
                <TextEquiv>
                    <Unicode>eine Prinzessin und existieren muss wie eine Arbeitersfrau, die</Unicode>
                </TextEquiv>
            </TextLine>
            <TextLine id="tr_3_tl_9" custom="readingOrder {index:8;}">
                <Coords points="1305,3366 3933,3224 4141,3096 1316,3224"/>
                <Baseline points="1330,3317 1372,3317 1461,3311 1551,3305 1640,3299 1730,3293 1819,3287 1909,3281 1998,3281 2088,3275 2177,3269 2267,3263 2356,3257 2446,3251 2535,3251 2625,3245 2714,3239 2804,3233 2893,3227 2982,3221 3072,3215 3161,3209 3251,3203 3340,3197 3430,3191 3519,3185 3609,3185 3698,3179 3788,3173 3877,3173 3967,3161 4056,3155 4146,3155"/>
                <TextEquiv>
                    <Unicode>in Sammt und Seide gehen sollte und die sich mit dem abgetra-</Unicode>
                </TextEquiv>
            </TextLine>
        </TextRegion>
        <TextRegion id="tr_2" custom="readingOrder {index:2;}">
            <Coords points="829,3279 4259,3279 4259,5069 829,5069"/>
            <TextLine id="tr_2_tl_1" custom="readingOrder {index:0;}">
                <Coords points="1308,3516 3889,3432 3925,3253 1316,3370"/>
                <Baseline points="1330,3490 1336,3484 1425,3472 1515,3466 1604,3460 1694,3454 1783,3448 1873,3442 1962,3436 2052,3430 2141,3430 2231,3418 2320,3418 2410,3412 2499,3406 2589,3400 2678,3400 2768,3394 2857,3388 2947,3382 3036,3376 3126,3370 3215,3364 3305,3358 3394,3352 3484,3346 3573,3340 3663,3334 3752,3334 3842,3329 3931,3329"/>
                <TextEquiv>
                    <Unicode>genen Kleid behelfen muss, du, die Perlen und Diamanten</Unicode>
                </TextEquiv>
            </TextLine>
            <TextLine id="tr_2_tl_2" custom="readingOrder {index:1;}">
                <Coords points="1327,3655 3560,3589 4152,3505 4159,3385 1330,3531"/>
                <Baseline points="1348,3627 1390,3627 1479,3621 1569,3615 1658,3609 1748,3603 1837,3597 1927,3597 2016,3591 2105,3585 2195,3579 2284,3573 2374,3567 2463,3561 2553,3561 2642,3555 2732,3549 2821,3543 2911,3537 3000,3531 3090,3525 3179,3519 3269,3513 3358,3507 3448,3502 3537,3502 3627,3502 3716,3496 3806,3484 3895,3484 3985,3478 4074,3472 4164,3472"/>
                <TextEquiv>
                    <Unicode>So hör doch auf! Du hast wieder einmal deinen Tag. Perlen und</Unicode>
                </TextEquiv>
            </TextLine>
            <TextLine id="tr_2_tl_3" custom="readingOrder {index:2;}">
                <Coords points="1323,3805 4134,3717 4185,3553 1330,3703"/>
                <Baseline points="1348,3782 1413,3782 1503,3776 1592,3770 1682,3764 1771,3758 1861,3752 1950,3752 2040,3746 2129,3740 2219,3740 2308,3728 2398,3722 2487,3716 2577,3710 2666,3704 2756,3704 2845,3698 2935,3692 3024,3686 3114,3680 3203,3680 3293,3669 3382,3669 3472,3663 3561,3657 3651,3651 3740,3645 3830,3645 3919,3639 4009,3633 4098,3627 4188,3627"/>
                <TextEquiv>
                    <Unicode>Diamanten regnet’s nicht und auf der Strecke finden sich auch</Unicode>
                </TextEquiv>
            </TextLine>
            <TextLine id="tr_2_tl_4" custom="readingOrder {index:3;}">
                <Coords points="808,3677 969,3673 987,3684 1020,3659 1031,3673 1071,3659 1107,3670 1115,3549 1049,3534 969,3567 939,3560 888,3582 859,3560 815,3567"/>
                <Baseline points="829,3663 853,3657 942,3657 1032,3645 1121,3651"/>
                <TextEquiv>
                    <Unicode>Elisa:</Unicode>
                </TextEquiv>
            </TextLine>
            <TextLine id="tr_2_tl_5" custom="readingOrder {index:4;}">
                <Coords points="1323,3988 3969,3867 4254,3732 1330,3849"/>
                <Baseline points="1348,3943 1396,3937 1485,3931 1575,3931 1664,3925 1753,3919 1843,3919 1932,3913 2022,3907 2111,3901 2201,3895 2290,3889 2380,3883 2469,3877 2559,3871 2648,3865 2738,3859 2827,3859 2917,3859 3006,3854 3096,3848 3185,3842 3275,3830 3364,3830 3454,3824 3543,3812 3633,3812 3722,3806 3812,3800 3901,3800 3991,3794 4080,3788 4170,3782 4259,3782"/>
                <TextEquiv>
                    <Unicode>keine. Also, wozu das Gerede. Komm, gehen wir (höhnisch)......</Unicode>
                </TextEquiv>
            </TextLine>
            <TextLine id="tr_2_tl_6" custom="readingOrder {index:5;}">
                <Coords points="1345,4123 1389,4116 1418,4145 1447,4130 1469,4148 1608,4101 1626,4123 1762,4108 1835,4145 1838,4024 1806,4031 1773,3995 1729,4006 1681,3958 1594,3999 1477,3977 1349,4010"/>
                <Baseline points="1366,4098 1396,4098 1485,4092 1575,4086 1664,4080 1753,4080 1843,4080"/>
                <TextEquiv>
                    <Unicode>zum Diner.</Unicode>
                </TextEquiv>
            </TextLine>
            <TextLine id="tr_2_tl_7" custom="readingOrder {index:6;}">
                <Coords points="1360,4287 3648,4203 3684,4039 1367,4178"/>
                <Baseline points="1378,4259 1449,4253 1539,4247 1628,4241 1718,4235 1807,4235 1897,4229 1986,4223 2076,4217 2165,4211 2255,4206 2344,4206 2434,4200 2523,4188 2613,4188 2702,4188 2792,4182 2881,4170 2971,4164 3060,4158 3150,4152 3239,4146 3329,4146 3418,4140 3507,4134 3597,4134 3686,4134"/>
                <TextEquiv>
                    <Unicode>(tritt ein) Wissen Sie schon, Zwei sind verhaftet.</Unicode>
                </TextEquiv>
            </TextLine>
            <TextLine id="tr_2_tl_8" custom="readingOrder {index:7;}">
                <Coords points="837,4302 855,4302 895,4335 939,4331 961,4309 1009,4302 1049,4302 1071,4317 1107,4313 1115,4211 1093,4203 1045,4218 1016,4211 991,4225 939,4207 917,4225 899,4214 841,4232"/>
                <Baseline points="859,4289 942,4283 1032,4277 1121,4277"/>
                <TextEquiv>
                    <Unicode>Wirt:</Unicode>
                </TextEquiv>
            </TextLine>
            <TextLine id="tr_2_tl_9" custom="readingOrder {index:8;}">
                <Coords points="1371,4426 1681,4463 1864,4393 2602,4357 2847,4404 3110,4368 3114,4254 1378,4335"/>
                <Baseline points="1390,4408 1419,4402 1509,4408 1598,4402 1688,4396 1777,4390 1867,4384 1956,4384 2046,4379 2135,4373 2225,4367 2314,4361 2404,4355 2493,4355 2583,4349 2672,4343 2762,4337 2851,4331 2941,4325 3030,4325 3120,4325"/>
                <TextEquiv>
                    <Unicode>Verhaftet? Zwei -? Man hat sie schon?</Unicode>
                </TextEquiv>
            </TextLine>
            <TextLine id="tr_2_tl_10" custom="readingOrder {index:9;}">
                <Coords points="841,4477 969,4477 987,4459 1031,4485 1056,4463 1064,4474 1100,4474 1104,4386 1060,4386 1038,4368 1005,4382 969,4357 943,4371 921,4360 903,4375 844,4382"/>
                <Baseline points="859,4444 930,4444 1020,4438 1109,4438"/>
                <TextEquiv>
                    <Unicode>Karl:</Unicode>
                </TextEquiv>
            </TextLine>
            <TextLine id="tr_2_tl_11" custom="readingOrder {index:10;}">
                <Coords points="1360,4594 2906,4529 3169,4583 3560,4540 3567,4401 3169,4357 2909,4434 2818,4382 1367,4488"/>
                <Baseline points="1384,4569 1425,4569 1515,4569 1604,4563 1694,4557 1783,4552 1873,4546 1962,4540 2052,4540 2141,4534 2231,4528 2320,4522 2410,4516 2499,4516 2589,4510 2678,4504 2768,4498 2857,4498 2947,4486 3036,4480 3126,4480 3215,4474 3305,4468 3394,4468 3484,4462 3573,4462"/>
                <TextEquiv>
                    <Unicode>Zwei von Ihren Arbeitern sind es, Herr Bengler.</Unicode>
                </TextEquiv>
            </TextLine>
            <TextLine id="tr_2_tl_12" custom="readingOrder {index:11;}">
                <Coords points="852,4631 892,4631 925,4616 947,4631 980,4616 1001,4635 1122,4624 1129,4529 1111,4529 1093,4510 1038,4521 1034,4510 998,4499 958,4521 932,4503 892,4514 863,4507"/>
                <Baseline points="876,4611 954,4605 1044,4599 1133,4593"/>
                <TextEquiv>
                    <Unicode>Wirt:</Unicode>
                </TextEquiv>
            </TextLine>
            <TextLine id="tr_2_tl_13" custom="readingOrder {index:12;}">
                <Coords points="1382,4784 3030,4726 3037,4583 1389,4616"/>
                <Baseline points="1402,4736 1431,4731 1521,4725 1610,4725 1700,4713 1789,4707 1879,4707 1968,4701 2058,4695 2147,4689 2237,4683 2326,4683 2416,4677 2505,4671 2595,4665 2684,4659 2774,4653 2863,4653 2953,4647 3042,4647"/>
                <TextEquiv>
                    <Unicode>Von meinen - Ist’s möglich? Welche?</Unicode>
                </TextEquiv>
            </TextLine>
            <TextLine id="tr_2_tl_14" custom="readingOrder {index:13;}">
                <Coords points="1385,4938 2712,4927 3081,4806 4225,4792 4232,4686 1393,4792"/>
                <Baseline points="1407,4886 1461,4892 1551,4886 1640,4880 1730,4874 1819,4868 1909,4862 1998,4862 2088,4856 2177,4850 2267,4844 2356,4838 2446,4832 2535,4826 2625,4826 2714,4814 2804,4814 2893,4808 2982,4802 3072,4802 3161,4796 3251,4790 3340,4784 3430,4778 3519,4772 3609,4766 3698,4760 3788,4754 3877,4748 3967,4748 4056,4742 4146,4736 4235,4736"/>
                <TextEquiv>
                    <Unicode>Das weiss ich nicht. Der Portier vom Berghotel hat es mir te-</Unicode>
                </TextEquiv>
            </TextLine>
            <TextLine id="tr_2_tl_15" custom="readingOrder {index:14;}">
                <Coords points="852,4788 874,4792 892,4777 925,4803 969,4788 980,4795 998,4781 1064,4806 1093,4784 1111,4784 1111,4689 1078,4693 1049,4678 1020,4704 969,4678 939,4700 903,4678 877,4686 852,4678"/>
                <Baseline points="871,4760 942,4754 1032,4760 1121,4754"/>
                <TextEquiv>
                    <Unicode>Karl:</Unicode>
                </TextEquiv>
            </TextLine>
            <TextLine id="tr_2_tl_16" custom="readingOrder {index:15;}">
                <Coords points="1371,5091 1930,5135 3794,4971 3900,5040 4196,4996 4207,4795 1382,4938"/>
                <Baseline points="1396,5059 1437,5059 1527,5053 1616,5047 1706,5041 1795,5035 1885,5029 1974,5023 2064,5017 2153,5011 2243,5005 2332,5005 2422,4999 2511,4993 2601,4987 2690,4981 2780,4981 2869,4975 2959,4969 3048,4969 3138,4957 3227,4951 3317,4945 3406,4939 3496,4939 3585,4933 3675,4927 3764,4921 3854,4909 3943,4909 4032,4904 4122,4904 4211,4904"/>
                <TextEquiv>
                    <Unicode>lephoniert. Es war nicht deswegen, dass er telephonierte; es</Unicode>
                </TextEquiv>
            </TextLine>
            <TextLine id="tr_2_tl_17" custom="readingOrder {index:16;}">
                <Coords points="874,4967 910,4967 939,4982 969,4963 1001,4982 1053,4956 1129,4960 1133,4817 1086,4836 1045,4832 1020,4843 991,4843 980,4832 958,4854 921,4854 906,4839 877,4843"/>
                <Baseline points="894,4921 960,4921 1050,4915 1139,4915"/>
                <TextEquiv>
                    <Unicode>Wirt:</Unicode>
                </TextEquiv>
            </TextLine>
        </TextRegion>
    </Page>
</PcGts>
