4488 5544
1019 296 1234 545 .4
1260 263 1664 600 11 8bre
2208 378 2712 597 xx
2923 296 3561 548 G.C.H.F.P.
3864 274 4183 593 G.C.P.
1652 571 1938 722 26 -
1208 908 1564 1034 Elisa!
708 926 982 1049 Karl:
1223 1026 1930 1178 Was willst du?
715 1082 1023 1223 Elisa:
1241 1178 2642 1308 Warum bist du blass geworden?
722 1208 993 1412 Karl:
1234 1241 4027 1549 Ich bin nicht - bin ich denn blass geworden? (sie lacht und
730 1389 1034 1519 Elisa:
1234 1501 2179 1660 berührt ihre Wange)
1249 1549 4009 1849 Elisa! Du sinkst ja hin. Nie hab ich dich so - Was ist dir,
730 1664 993 1845 Karl:
1260 1819 1593 2016 Elisa?
1256 1941 2364 2145 Was fällt dir denn ein?
745 2004 1049 2156 Elisa:
1275 2082 2501 2290 (sie bei der Hand nehmend)
763 2171 1008 2297 Karl:
1275 2267 3964 2464 Was willst du denn von mir: Bist du verrückt? Ah! (reisst
756 2334 1056 2519 Elisa:
1271 2416 2564 2608 sich los, will zum Fenster)
1271 2538 3912 2753 Bleibe! Bleibe! Das ist eine Sache zwischen dir und mir.
774 2634 1023 2768 Karl:
1293 2719 2779 2916 Was für eine Sache? Du bist ja -
785 2794 1074 2942 Elisa:
1312 2908 3783 3046 (sie bei beiden Händen nehmend) Sag mir die Wahrheit.
778 2953 1019 3071 Karl:
1278 3001 4261 3242 Welche Wahrheit? Was geht mich all das an? Bist du toll? Denkst
789 3105 1086 3309 Elisa:
1304 3212 2782 3357 du etwa, ich habe ihn ermordet?
1312 3286 4168 3520 Nein! Das denk ich nicht. Dass du ihn ermordet hast glaub ich
797 3431 1089 3557 Karl:
1300 3516 2812 3686 nicht. Aber du hast ihn gekannt.
1319 3649 4216 3875 Wen kenn ich? Ich kenne niemanden hier. Woher sollt ich jeman-
811 3716 1115 3875 Elisa:
1315 3775 4213 4027 den kennen? Ich weiss ja gar nicht, wer es ist. Weisst du, we¬
1326 3968 4116 4187 es ist? Hast du ihn gekannt? Niemand hat uns gesagt, wer es
1323 4113 4187 4372 ist. Ein junger Mann. Nun ja, Was weiter? Es gibt viele junge
1334 4268 4239 4461 Männer hier. Ein Hofratssohn. Woher soll ich einen Hofratssohn
1326 4442 4176 4668 kennen? Was kümmert mich das Berghotel? Was xxxmern mich die
1345 4657 2134 4857 Leute dort oben?
1356 4750 3872 4968 Wo warst du heut? Was hast du den gansen Tag gemacht?
826 4850 1123 5002 Karl:
