<?xml version="1.0" encoding="UTF-8" standalone="yes"?>
<PcGts xmlns="http://schema.primaresearch.org/PAGE/gts/pagecontent/2013-07-15" xmlns:xsi="http://www.w3.org/2001/XMLSchema-instance" xsi:schemaLocation="http://schema.primaresearch.org/PAGE/gts/pagecontent/2013-07-15 http://schema.primaresearch.org/PAGE/gts/pagecontent/2013-07-15/pagecontent.xsd">
    <Metadata>
        <Creator>prov=READ-COOP:name=TrHtr:version=2.1.0:model_id=51170:date=15_08_2023_06:37</Creator>
        <Created>2023-05-10T15:22:38.311+02:00</Created>
        <LastChange>2023-08-15T06:37:07.596+02:00</LastChange>
        <TranskribusMetadata docId="1428905" pageId="55433406" pageNr="6" tsid="132841104" status="IN_PROGRESS" userId="64420" imgUrl="https://files.transkribus.eu/Get?id=MMFAHETDVOLKCMPFSBAPOEUS&amp;fileType=view" xmlUrl="https://files.transkribus.eu/Get?id=AASIPRCYJRDPZUCJNYXQHUYM" imageId="44707442"/>
    </Metadata>
    <Page imageFilename="1428905_0006.jpg" imageWidth="4456" imageHeight="5544">
        <ReadingOrder>
            <OrderedGroup id="ro_1711802095497" caption="Regions reading order">
                <RegionRefIndexed index="0" regionRef="tr_1"/>
                <RegionRefIndexed index="1" regionRef="tr_2"/>
            </OrderedGroup>
        </ReadingOrder>
        <TextRegion id="tr_1" custom="readingOrder {index:0;}">
            <Coords points="639,248 4152,248 4152,2507 639,2507"/>
            <TextLine id="tr_1_tl_1" custom="readingOrder {index:0;}">
                <Coords points="2935,318 2972,311 3022,343 3069,318 3116,329 3149,318 3145,224 3113,235 3073,228 3062,242 3044,246 2990,221 2932,249"/>
                <Baseline points="2957,298 3046,310 3136,304 3154,310"/>
                <TextEquiv>
                    <Unicode>de la</Unicode>
                </TextEquiv>
            </TextLine>
            <TextLine id="tr_1_tl_2" custom="readingOrder {index:1;}">
                <Coords points="607,423 651,427 665,419 672,430 712,423 730,437 748,430 777,437 806,177 777,184 770,177 752,192 748,181 694,224 651,242 629,239"/>
                <Baseline points="639,322 710,316 800,304"/>
                <TextEquiv>
                    <Unicode>4/5</Unicode>
                </TextEquiv>
            </TextLine>
            <TextLine id="tr_1_tl_3" custom="readingOrder {index:2;}">
                <Coords points="868,455 886,455 893,445 904,455 980,448 1009,419 1038,434 1070,430 1048,246 947,228 904,192 842,188"/>
                <Baseline points="872,310 961,316 1051,328 1069,328"/>
                <TextEquiv>
                    <Unicode>1, p.</Unicode>
                </TextEquiv>
            </TextLine>
            <TextLine id="tr_1_tl_4" custom="readingOrder {index:3;}">
                <Coords points="2896,387 2953,372 3087,394 3138,372 3192,412 3337,383 3409,427 3546,434 3546,333 3474,347 3376,304 3347,333 3167,351 3113,325 3051,318 3022,340 2892,307"/>
                <Baseline points="2915,370 3004,370 3094,370 3184,376 3273,376 3363,382 3453,376 3542,376 3554,376"/>
                <TextEquiv>
                    <Unicode>Mikkelin ja Hämeen; Oulunen</Unicode>
                </TextEquiv>
            </TextLine>
            <TextLine id="tr_1_tl_5" custom="readingOrder {index:4;}">
                <Coords points="1818,607 1883,607 1901,618 1920,604 1934,622 1956,615 1970,625 2010,607 2035,611 2050,466 1974,474 1963,463 1916,488 1894,481 1873,492 1851,477 1829,481"/>
                <Baseline points="1840,603 1869,603 1959,591 2049,585"/>
                <TextEquiv>
                    <Unicode>6</Unicode>
                </TextEquiv>
            </TextLine>
            <TextLine id="tr_1_tl_6" custom="readingOrder {index:5;}">
                <Coords points="1197,951 1818,911 2263,1045 3373,991 3966,936 3973,748 2082,730 1800,853 1200,850"/>
                <Baseline points="1218,925 1290,925 1380,920 1469,920 1559,914 1648,914 1738,914 1828,908 1917,908 2007,908 2096,908 2186,902 2276,896 2365,896 2455,890 2544,890 2634,890 2724,884 2813,884 2903,878 2993,878 3082,878 3172,872 3261,866 3351,866 3441,866 3530,866 3620,860 3709,854 3799,854 3889,848 3978,854"/>
                <TextEquiv>
                    <Unicode>Ihnen kann's wohl gleich sein, denk ich. Sie kommen ja doch</Unicode>
                </TextEquiv>
            </TextLine>
            <TextLine id="tr_1_tl_7" custom="readingOrder {index:6;}">
                <Coords points="683,947 709,940 756,980 810,972 839,951 864,965 925,958 1005,972 1005,763 951,781 925,763 900,766 864,734 792,748 763,730 723,752 683,745"/>
                <Baseline points="704,937 794,937 884,937 973,937 1009,937"/>
                <TextEquiv>
                    <Unicode>Marie:</Unicode>
                </TextEquiv>
            </TextLine>
            <TextLine id="tr_1_tl_8" custom="readingOrder {index:7;}">
                <Coords points="1204,1121 1327,1088 1468,1099 1562,1077 1623,1110 1677,1081 1768,1092 1851,1077 1854,1030 1782,987 1724,1016 1601,994 1500,1019 1479,1001 1403,1019 1366,994 1207,1016"/>
                <Baseline points="1224,1081 1230,1081 1320,1081 1409,1081 1499,1075 1589,1075 1678,1069 1768,1069 1857,1075"/>
                <TextEquiv>
                    <Unicode>nicht wieder.</Unicode>
                </TextEquiv>
            </TextLine>
            <TextLine id="tr_1_tl_9" custom="readingOrder {index:8;}">
                <Coords points="1211,1262 3687,1262 3807,1240 3810,1095 1215,1182"/>
                <Baseline points="1230,1236 1308,1236 1397,1236 1487,1230 1577,1230 1666,1230 1756,1224 1846,1224 1935,1224 2025,1218 2114,1212 2204,1212 2294,1212 2383,1206 2473,1206 2562,1206 2652,1206 2742,1206 2831,1200 2921,1194 3010,1188 3100,1188 3190,1182 3279,1182 3369,1176 3459,1176 3548,1170 3638,1170 3727,1164 3817,1170"/>
                <TextEquiv>
                    <Unicode>Kaum. Man wäre schliesslich lang genug dagewesen; sechs</Unicode>
                </TextEquiv>
            </TextLine>
            <TextLine id="tr_1_tl_10" custom="readingOrder {index:9;}">
                <Coords points="701,1272 803,1269 850,1294 951,1272 965,1283 976,1272 1001,1301 1023,1298 1027,1189 962,1189 951,1178 929,1197 868,1153 857,1164 795,1128 705,1157"/>
                <Baseline points="722,1260 758,1254 848,1254 937,1248 1027,1248"/>
                <TextEquiv>
                    <Unicode>Elisa:</Unicode>
                </TextEquiv>
            </TextLine>
            <TextLine id="tr_1_tl_11" custom="readingOrder {index:10;}">
                <Coords points="1225,1413 2849,1439 3181,1348 3796,1432 3966,1392 3969,1211 1229,1305"/>
                <Baseline points="1248,1391 1290,1391 1380,1391 1469,1391 1559,1386 1648,1386 1738,1386 1828,1380 1917,1380 2007,1374 2096,1374 2186,1368 2276,1368 2365,1368 2455,1362 2544,1356 2634,1356 2724,1356 2813,1350 2903,1350 2993,1350 3082,1344 3172,1338 3261,1332 3351,1332 3441,1332 3530,1332 3620,1326 3709,1320 3799,1320 3889,1320 3978,1314"/>
                <TextEquiv>
                    <Unicode>Monate. Im nächsten Jahr werden Sie überhaupt bessere Kund-</Unicode>
                </TextEquiv>
            </TextLine>
            <TextLine id="tr_1_tl_12" custom="readingOrder {index:11;}">
                <Coords points="1229,1569 1992,1638 2440,1522 3091,1573 3666,1511 3669,1413 2194,1435 1858,1515 1233,1435"/>
                <Baseline points="1248,1553 1260,1553 1350,1553 1439,1547 1529,1547 1618,1547 1708,1541 1798,1541 1887,1541 1977,1535 2067,1535 2156,1529 2246,1523 2335,1523 2425,1523 2515,1517 2604,1517 2694,1511 2783,1511 2873,1511 2963,1505 3052,1505 3142,1499 3232,1499 3321,1499 3411,1493 3500,1487 3590,1487 3680,1487"/>
                <TextEquiv>
                    <Unicode>schaft haben, wenn einmal die Bergbahn eröffnet ist.</Unicode>
                </TextEquiv>
            </TextLine>
            <TextLine id="tr_1_tl_13" custom="readingOrder {index:12;}">
                <Coords points="1229,1761 3474,1721 3742,1695 3745,1565 1233,1648"/>
                <Baseline points="1248,1720 1332,1714 1421,1708 1511,1708 1601,1708 1690,1708 1780,1702 1869,1702 1959,1696 2049,1696 2138,1690 2228,1690 2317,1684 2407,1684 2497,1684 2586,1678 2676,1672 2766,1672 2855,1666 2945,1666 3034,1660 3124,1660 3214,1654 3303,1654 3393,1654 3482,1666 3572,1660 3662,1642 3751,1648"/>
                <TextEquiv>
                    <Unicode>Das soll ja noch heuer im Spätherbst geschehen.</Unicode>
                </TextEquiv>
            </TextLine>
            <TextLine id="tr_1_tl_14" custom="readingOrder {index:13;}">
                <Coords points="716,1742 734,1742 756,1764 806,1764 878,1732 904,1753 965,1735 1023,1739 1027,1605 925,1594 839,1645 803,1634 788,1648 716,1609"/>
                <Baseline points="734,1732 764,1726 854,1726 943,1726 1033,1720"/>
                <TextEquiv>
                    <Unicode>Marie:</Unicode>
                </TextEquiv>
            </TextLine>
            <TextLine id="tr_1_tl_15" custom="readingOrder {index:14;}">
                <Coords points="1229,1883 2147,1938 3315,1826 3684,1898 3760,1891 3763,1710 1229,1779"/>
                <Baseline points="1248,1869 1260,1869 1350,1869 1439,1863 1529,1863 1618,1863 1708,1857 1798,1857 1887,1851 1977,1851 2067,1851 2156,1846 2246,1846 2335,1846 2425,1840 2515,1840 2604,1834 2694,1834 2783,1828 2873,1828 2963,1822 3052,1822 3142,1816 3232,1816 3321,1810 3411,1810 3500,1804 3590,1804 3680,1804 3769,1810"/>
                <TextEquiv>
                    <Unicode>Da ist dann das ganze Gesindel aus der Ortschaft fort.</Unicode>
                </TextEquiv>
            </TextLine>
            <TextLine id="tr_1_tl_16" custom="readingOrder {index:15;}">
                <Coords points="716,1898 752,1898 766,1909 784,1901 803,1912 857,1901 886,1905 900,1923 922,1923 944,1905 980,1920 1012,1916 1012,1829 987,1833 969,1818 889,1833 868,1815 792,1811 759,1822 734,1797 716,1797"/>
                <Baseline points="734,1887 824,1881 914,1881 1003,1881 1021,1887"/>
                <TextEquiv>
                    <Unicode>Elisa:</Unicode>
                </TextEquiv>
            </TextLine>
            <TextLine id="tr_1_tl_17" custom="readingOrder {index:16;}">
                <Coords points="1229,2024 1381,2061 1446,2028 1536,2050 1620,2032 1659,2057 1753,2061 1753,1959 1710,1941 1620,1959 1540,1941 1493,1967 1399,1952 1348,1920 1229,1959"/>
                <Baseline points="1248,2019 1314,2019 1403,2025 1493,2025 1583,2019 1672,2019 1762,2013"/>
                <TextEquiv>
                    <Unicode>— Gesindel! -</Unicode>
                </TextEquiv>
            </TextLine>
            <TextLine id="tr_1_tl_18" custom="readingOrder {index:17;}">
                <Coords points="719,2053 766,2046 821,2053 839,2068 875,2050 1023,2061 1023,1916 944,1905 915,1923 875,1905 766,1901 719,1920"/>
                <Baseline points="740,2037 830,2043 920,2043 1009,2037 1033,2043"/>
                <TextEquiv>
                    <Unicode>Marie:</Unicode>
                </TextEquiv>
            </TextLine>
            <TextLine id="tr_1_tl_19" custom="readingOrder {index:18;}">
                <Coords points="1247,2245 3995,2169 4052,2003 1251,2100"/>
                <Baseline points="1266,2180 1278,2180 1368,2180 1457,2180 1547,2180 1636,2180 1726,2174 1816,2174 1905,2168 1995,2168 2084,2162 2174,2162 2264,2162 2353,2156 2443,2156 2533,2156 2622,2150 2712,2144 2801,2144 2891,2138 2981,2138 3070,2132 3160,2132 3249,2132 3339,2126 3429,2120 3518,2120 3608,2120 3697,2114 3787,2114 3877,2108 3966,2108 4056,2108"/>
                <TextEquiv>
                    <Unicode>Leute, die kein Geld haben, sind immer Gesindel. Dann werden</Unicode>
                </TextEquiv>
            </TextLine>
            <TextLine id="tr_1_tl_20" custom="readingOrder {index:19;}">
                <Coords points="730,2296 806,2317 897,2288 918,2310 933,2296 962,2317 1019,2317 1027,2144 947,2147 882,2104 860,2118 828,2108 784,2136 737,2133"/>
                <Baseline points="752,2204 764,2204 854,2198 943,2198 1033,2192"/>
                <TextEquiv>
                    <Unicode>Elisa:</Unicode>
                </TextEquiv>
            </TextLine>
            <TextLine id="tr_1_tl_21" custom="readingOrder {index:20;}">
                <Coords points="1247,2350 3810,2368 4139,2303 4143,2198 1247,2263"/>
                <Baseline points="1266,2335 1284,2335 1374,2341 1463,2335 1553,2335 1642,2335 1732,2329 1822,2329 1911,2323 2001,2323 2090,2323 2180,2317 2270,2311 2359,2311 2449,2311 2539,2311 2628,2306 2718,2300 2807,2300 2897,2294 2987,2294 3076,2294 3166,2288 3255,2288 3345,2282 3435,2282 3524,2282 3614,2276 3703,2276 3793,2276 3883,2270 3972,2270 4062,2270 4152,2276"/>
                <TextEquiv>
                    <Unicode>Sie auch Ihre miserabelsten Löcher für Touristen zur Verfügung</Unicode>
                </TextEquiv>
            </TextLine>
            <TextLine id="tr_1_tl_22" custom="readingOrder {index:21;}">
                <Coords points="1244,2530 4034,2465 4060,2346 1247,2429"/>
                <Baseline points="1266,2497 1290,2497 1380,2497 1469,2497 1559,2497 1648,2491 1738,2491 1828,2491 1917,2485 2007,2479 2096,2479 2186,2479 2276,2473 2365,2473 2455,2467 2544,2467 2634,2467 2724,2461 2813,2455 2903,2455 2993,2455 3082,2455 3172,2449 3261,2443 3351,2443 3441,2437 3530,2437 3620,2431 3709,2431 3799,2431 3889,2425 3978,2419 4068,2425"/>
                <TextEquiv>
                    <Unicode>haben, und für einen Tag mehr verlangen können als jetzt für</Unicode>
                </TextEquiv>
            </TextLine>
        </TextRegion>
        <TextRegion id="tr_2" custom="readingOrder {index:1;}">
            <Coords points="764,2530 4181,2530 4181,4914 764,4914"/>
            <TextLine id="tr_2_tl_1" custom="readingOrder {index:0;}">
                <Coords points="1247,2711 3904,2650 4139,2592 4143,2465 1251,2614"/>
                <Baseline points="1266,2658 1278,2658 1368,2658 1457,2658 1547,2652 1636,2646 1726,2646 1816,2646 1905,2646 1995,2646 2084,2640 2174,2640 2264,2634 2353,2634 2443,2634 2533,2622 2622,2622 2712,2616 2801,2616 2891,2616 2981,2610 3070,2610 3160,2610 3249,2610 3339,2604 3429,2598 3518,2598 3608,2598 3697,2592 3787,2586 3877,2586 3966,2586 4056,2580 4146,2586"/>
                <TextEquiv>
                    <Unicode>eine Woche. Und nebstbei - (sie steht auf) nebst bei wird man</Unicode>
                </TextEquiv>
            </TextLine>
            <TextLine id="tr_2_tl_2" custom="readingOrder {index:1;}">
                <Coords points="1262,2841 3760,2794 4013,2762 4016,2664 1265,2729"/>
                <Baseline points="1284,2813 1338,2819 1427,2813 1517,2813 1607,2807 1696,2807 1786,2807 1875,2801 1965,2801 2055,2801 2144,2795 2234,2795 2323,2789 2413,2789 2503,2789 2592,2783 2682,2777 2772,2777 2861,2772 2951,2772 3040,2766 3130,2766 3220,2766 3309,2760 3399,2760 3488,2754 3578,2754 3668,2754 3757,2748 3847,2742 3936,2742 4026,2736"/>
                <TextEquiv>
                    <Unicode>Ihnen nicht schuldig bleiben. Aber Ihr Vater soll nur keine</Unicode>
                </TextEquiv>
            </TextLine>
            <TextLine id="tr_2_tl_3" custom="readingOrder {index:2;}">
                <Coords points="1294,2990 2393,2953 2505,3026 3181,2925 3568,2990 3828,2961 3832,2834 1294,2899"/>
                <Baseline points="1314,2975 1332,2975 1421,2975 1511,2969 1601,2969 1690,2963 1780,2963 1869,2957 1959,2957 2049,2951 2138,2951 2228,2951 2317,2945 2407,2945 2497,2939 2586,2939 2676,2939 2766,2933 2855,2933 2945,2933 3034,2927 3124,2921 3214,2921 3303,2921 3393,2915 3482,2909 3572,2909 3662,2909 3751,2909 3841,2903"/>
                <TextEquiv>
                    <Unicode>Angst haben. Eh wir abreisen, wird alles bezahlt sein.</Unicode>
                </TextEquiv>
            </TextLine>
            <TextLine id="tr_2_tl_4" custom="readingOrder {index:3;}">
                <Coords points="1258,3160 2751,3134 3011,3098 3011,3015 1262,3069"/>
                <Baseline points="1278,3130 1314,3124 1403,3130 1493,3124 1583,3118 1672,3118 1762,3118 1851,3112 1941,3112 2031,3112 2120,3106 2210,3106 2300,3100 2389,3100 2479,3094 2568,3094 2658,3088 2748,3088 2837,3088 2927,3088 3016,3088"/>
                <TextEquiv>
                    <Unicode>Schlimmstenfalls schickt man’s Ihnen.</Unicode>
                </TextEquiv>
            </TextLine>
            <TextLine id="tr_2_tl_5" custom="readingOrder {index:4;}">
                <Coords points="1265,3297 2816,3340 4175,3228 4179,3138 1269,3178"/>
                <Baseline points="1290,3285 1314,3291 1403,3285 1493,3285 1583,3279 1672,3279 1762,3273 1851,3273 1941,3267 2031,3267 2120,3267 2210,3261 2300,3261 2389,3255 2479,3255 2568,3255 2658,3249 2748,3249 2837,3243 2927,3243 3016,3237 3106,3237 3196,3237 3285,3232 3375,3232 3465,3226 3554,3220 3644,3220 3733,3220 3823,3214 3913,3214 4002,3214 4092,3208 4181,3220"/>
                <TextEquiv>
                    <Unicode>(kopfschüttelnd) Mein Vater hat von Ihnen noch immer sein Geld</Unicode>
                </TextEquiv>
            </TextLine>
            <TextLine id="tr_2_tl_6" custom="readingOrder {index:5;}">
                <Coords points="745,3326 831,3319 860,3333 907,3319 972,3333 998,3308 1056,3315 1056,3225 1012,3232 998,3217 976,3221 944,3203 933,3214 864,3181 831,3203 788,3185 745,3185"/>
                <Baseline points="764,3303 854,3303 943,3303 1033,3303 1063,3303"/>
                <TextEquiv>
                    <Unicode>Marie:</Unicode>
                </TextEquiv>
            </TextLine>
            <TextLine id="tr_2_tl_7" custom="readingOrder {index:6;}">
                <Coords points="1258,3456 2765,3507 3521,3413 3774,3503 4049,3467 4056,3243 1262,3387"/>
                <Baseline points="1278,3441 1284,3441 1374,3441 1463,3441 1553,3435 1642,3435 1732,3435 1822,3429 1911,3429 2001,3429 2090,3423 2180,3423 2270,3423 2359,3417 2449,3411 2539,3411 2628,3411 2718,3405 2807,3405 2897,3399 2987,3399 3076,3399 3166,3393 3255,3393 3345,3387 3435,3387 3524,3387 3614,3381 3703,3375 3793,3375 3883,3375 3972,3375 4062,3369"/>
                <TextEquiv>
                    <Unicode>bekommen, und wenn sich's einmal verspätet hat, so sind Sie</Unicode>
                </TextEquiv>
            </TextLine>
            <TextLine id="tr_2_tl_8" custom="readingOrder {index:7;}">
                <Coords points="1258,3626 2476,3582 2650,3658 3055,3651 3058,3488 1258,3535"/>
                <Baseline points="1278,3602 1362,3602 1451,3602 1541,3596 1630,3596 1720,3596 1810,3590 1899,3590 1989,3584 2079,3578 2168,3578 2258,3578 2347,3572 2437,3572 2527,3572 2616,3572 2706,3566 2795,3566 2885,3560 2975,3560 3064,3560"/>
                <TextEquiv>
                    <Unicode>nie gemahnt worden, so viel ich weiss.</Unicode>
                </TextEquiv>
            </TextLine>
            <TextLine id="tr_2_tl_9" custom="readingOrder {index:8;}">
                <Coords points="1291,3770 3141,3720 3398,3817 4110,3738 4114,3619 1294,3680"/>
                <Baseline points="1314,3763 1338,3763 1427,3763 1517,3757 1607,3757 1696,3757 1786,3751 1875,3751 1965,3745 2055,3745 2144,3745 2234,3739 2323,3739 2413,3733 2503,3733 2592,3733 2682,3733 2772,3727 2861,3721 2951,3721 3040,3721 3130,3715 3220,3709 3309,3709 3399,3709 3488,3703 3578,3703 3668,3703 3757,3697 3847,3692 3936,3692 4026,3692 4116,3692"/>
                <TextEquiv>
                    <Unicode>(an der Kommode gelehnt) Das hat seine Richtigkeit, Fräulein</Unicode>
                </TextEquiv>
            </TextLine>
            <TextLine id="tr_2_tl_10" custom="readingOrder {index:9;}">
                <Coords points="756,3799 784,3814 828,3789 875,3810 933,3789 991,3814 1038,3799 1077,3810 1081,3698 1005,3716 965,3680 933,3698 893,3695 864,3669 842,3687 828,3673 759,3684"/>
                <Baseline points="776,3781 812,3781 902,3775 991,3775 1081,3769"/>
                <TextEquiv>
                    <Unicode>Elisa:</Unicode>
                </TextEquiv>
            </TextLine>
            <TextLine id="tr_2_tl_11" custom="readingOrder {index:10;}">
                <Coords points="1269,3933 3347,3875 3687,3962 4045,3883 4049,3756 1269,3872"/>
                <Baseline points="1290,3919 1368,3919 1457,3919 1547,3913 1636,3913 1726,3907 1816,3907 1905,3901 1995,3901 2084,3901 2174,3901 2264,3895 2353,3895 2443,3889 2533,3889 2622,3889 2712,3889 2801,3883 2891,3877 2981,3877 3070,3877 3160,3871 3249,3865 3339,3865 3429,3865 3518,3865 3608,3859 3697,3853 3787,3853 3877,3853 3966,3847 4056,3853"/>
                <TextEquiv>
                    <Unicode>Marie. Wir können uns wirklich nicht beklagen. Nie sind wir</Unicode>
                </TextEquiv>
            </TextLine>
            <TextLine id="tr_2_tl_12" custom="readingOrder {index:11;}">
                <Coords points="1276,4099 3861,4110 4056,4089 4063,3883 1276,4038"/>
                <Baseline points="1296,4086 1380,4080 1469,4074 1559,4074 1648,4068 1738,4068 1828,4062 1917,4062 2007,4062 2096,4056 2186,4056 2276,4056 2365,4050 2455,4050 2544,4050 2634,4044 2724,4044 2813,4044 2903,4038 2993,4038 3082,4038 3172,4032 3261,4026 3351,4026 3441,4020 3530,4020 3620,4020 3709,4014 3799,4014 3889,4008 3978,4008 4068,4008"/>
                <TextEquiv>
                    <Unicode>gemahnt worden. Und ich glaube beinahe, Fräulein Marie, Sie</Unicode>
                </TextEquiv>
            </TextLine>
            <TextLine id="tr_2_tl_13" custom="readingOrder {index:12;}">
                <Coords points="1269,4273 3037,4193 3449,4269 3666,4175 4150,4211 4154,4099 1269,4172"/>
                <Baseline points="1290,4235 1296,4235 1386,4235 1475,4235 1565,4229 1654,4229 1744,4229 1834,4223 1923,4223 2013,4217 2102,4217 2192,4217 2282,4217 2371,4211 2461,4211 2550,4211 2640,4211 2730,4205 2819,4205 2909,4199 2999,4193 3088,4193 3178,4193 3267,4187 3357,4187 3447,4181 3536,4175 3626,4175 3715,4175 3805,4169 3895,4169 3984,4169 4074,4169 4163,4181"/>
                <TextEquiv>
                    <Unicode>hätten nicht einmal was dagegen, wenn wir ganz ohne Bezahlung</Unicode>
                </TextEquiv>
            </TextLine>
            <TextLine id="tr_2_tl_14" custom="readingOrder {index:13;}">
                <Coords points="1276,4472 1526,4396 1956,4428 2552,4381 2711,4439 2715,4277 1435,4342 1280,4280"/>
                <Baseline points="1296,4396 1380,4396 1469,4396 1559,4390 1648,4390 1738,4385 1828,4385 1917,4379 2007,4379 2096,4379 2186,4373 2276,4373 2365,4367 2455,4367 2544,4367 2634,4367 2724,4367"/>
                <TextEquiv>
                    <Unicode>hier bei Ihnen wohnen blieben.</Unicode>
                </TextEquiv>
            </TextLine>
            <TextLine id="tr_2_tl_15" custom="readingOrder {index:14;}">
                <Coords points="1283,4573 3839,4627 4085,4566 4089,4381 1287,4461"/>
                <Baseline points="1302,4546 1320,4552 1409,4552 1499,4552 1589,4552 1678,4546 1768,4546 1857,4546 1947,4540 2037,4540 2126,4534 2216,4534 2306,4534 2395,4528 2485,4528 2574,4528 2664,4528 2754,4522 2843,4516 2933,4516 3022,4510 3112,4510 3202,4510 3291,4504 3381,4504 3470,4498 3560,4498 3650,4498 3739,4498 3829,4492 3919,4486 4008,4486 4098,4498"/>
                <TextEquiv>
                    <Unicode>(als verstünde sie nicht) Wissen Sie denn auch schon, wohin</Unicode>
                </TextEquiv>
            </TextLine>
            <TextLine id="tr_2_tl_16" custom="readingOrder {index:15;}">
                <Coords points="756,4591 907,4616 994,4602 1095,4642 1103,4410 1023,4407 976,4436 915,4446 850,4410 759,4436"/>
                <Baseline points="776,4582 830,4570 920,4570 1009,4570 1099,4564"/>
                <TextEquiv>
                    <Unicode>Marie:</Unicode>
                </TextEquiv>
            </TextLine>
            <TextLine id="tr_2_tl_17" custom="readingOrder {index:16;}">
                <Coords points="1301,4750 1591,4725 1782,4808 2549,4750 2610,4812 2769,4761 2773,4606 1301,4642"/>
                <Baseline points="1320,4719 1344,4719 1433,4719 1523,4713 1613,4713 1702,4713 1792,4707 1881,4707 1971,4701 2061,4701 2150,4701 2240,4695 2329,4689 2419,4689 2509,4689 2598,4689 2688,4683 2777,4677"/>
                <TextEquiv>
                    <Unicode>Sie von hier aus reisen werden?</Unicode>
                </TextEquiv>
            </TextLine>
            <TextLine id="tr_2_tl_18" custom="readingOrder {index:17;}">
                <Coords points="1291,4978 1392,4989 1489,4949 1789,5010 1898,4956 2042,4949 2220,4992 2227,4786 1482,4793 1435,4822 1352,4786 1294,4819"/>
                <Baseline points="1314,4886 1338,4886 1427,4880 1517,4880 1607,4874 1696,4868 1786,4868 1875,4868 1965,4862 2055,4862 2144,4862 2234,4868"/>
                <TextEquiv>
                    <Unicode>(zuckt die Achseln)</Unicode>
                </TextEquiv>
            </TextLine>
            <TextLine id="tr_2_tl_19" custom="readingOrder {index:18;}">
                <Coords points="784,4924 831,4909 900,4938 915,4931 951,4956 1034,4906 1070,4934 1095,4934 1095,4812 1070,4808 1023,4833 882,4757 821,4797 784,4801"/>
                <Baseline points="806,4904 836,4898 925,4892 1015,4892 1105,4898"/>
                <TextEquiv>
                    <Unicode>Elisa:</Unicode>
                </TextEquiv>
            </TextLine>
        </TextRegion>
    </Page>
</PcGts>
