4488 5544
1873 216 2211 517 1/1/18
3188 256 3444 517 10/1
2280 248 2540 505 1.
2654 265 2964 501 jusqu'au
1201 757 3937 997 kleide mich nur eben an. Gleich, gleich! (sie verbirgt das
1221 973 3892 1189 Gebetbuch rasch wieder in der untersten Lade der Kommode)
704 1099 3974 1344 Stimme Mariens: (draussen vor der Tür) Ich bin's, ich, Marie. Aber Sie
1209 1250 3896 1474 brauchen sich nicht zu beeilen, Frau Elisa; es ist nichts
1254 1498 1771 1665 Wichtiges.
1291 1588 3986 1816 (aufatmend, ist damit beschäftigt auf das Gebetbuch einige
704 1633 1018 1840 Elisa:
1221 1763 4096 1962 Wäschestücke und dergleichen zu legen) Ah, Sie, Marie! Kommen
1238 1942 4132 2117 Sie doch herein. (als fiele es ihr eben ein) Richtig, ich habe
1234 2121 4083 2268 ja zugesperrt. Nur einen Augenblick. (sie schliesst die Lade,
1225 2239 4128 2439 öffnet rasch ihre Bluse am Hals, eilt zur Türe, schliesst auf,
1234 2435 2288 2606 lässt Marie eintreten)
1262 2577 4100 2781 (die Tochter des Wirtes, 24, einfach, sehr nett, hübsch; eine
729 2638 1034 2760 Marie:
1238 2728 2809 2919 Zeitung in der Hand) Guten Abend.
1254 2887 4193 3078 (knöpft die Bluse wieder zu, als würde sie eben mit dem Anklei-
729 2931 1042 3098 Elisa:
1250 3045 3945 3204 den fertig) Guten Abend, Fräulein Marie; ich dachte, Karl
1242 3212 2870 3383 wäre schon von der Strecke zurück.
1254 3383 2634 3546 Dazu ist's wohl noch zu früh.
729 3420 1054 3575 Marie:
1254 3501 2740 3709 Freilich, wie spät ist es denn?
737 3550 1046 3746 Elisa:
1274 3660 4132 3904 Eben ist der Schnellzug aus der Station fortgefahren. Es muss
729 3725 1050 3904 Marie:
1254 3823 2276 4014 fünf Uhr vorbei sein.
1274 3990 3167 4202 (zerstreut) Sind viele Leute angekommen?
753 3994 1059 4206 Elisa:
1266 4063 4100 4307 Bei uns ist jedenfalls niemand abgestiegen. Übrigens geht ja
749 4185 1075 4421 Marie:
1274 4324 2211 4511 die Saison zu Ende.
1287 4405 3440 4645 Wollen Sie sich nicht setzen, Fräulein Marie?
761 4438 1087 4686 Elisa:
1266 4605 4169 4918 Ich danke. Ich komme nur herauf, Ihnen das illustrierte Blatt
753 4662 1075 4861 Marie:
1278 4845 1852 5065 zu bringen.
