4472 5528
2463 177 2747 417 1
1678 446 1936 649 32 -
1154 712 3957 981 (auch wie erwachend) Karl, Karl, versteck das Geld und sperr
1162 859 3979 1121 die Türe auf. Aber zuerst versteck das Geld. Wenn sie kommen
690 848 966 999 lisa:
1162 1036 4016 1287 und die Tür versperrt finden - Karl, Karl! - (sie greift nach
1169 1210 3802 1442 seinen Händen, in denen er die Banknoten zerknüllt hält)
1191 1434 2161 1611 Nicht mich anrühren!
1187 1457 3971 1755 Karl, niemand weiss! Bedenke doch, niermand weiss was. Nicht
671 1508 944 1645 Karl:
1187 1645 4078 1925 der geringste Verdacht ist auf dich gefallen. Rette dich, Karl
682 1670 996 1807 Elisa:
1202 1822 3979 2083 Rette uns beide! ich war ja rasend! Ich war ja so wenig bei
1213 1995 3975 2231 Sinnen wie du! Weisst du denn, warum - weisst da denn—? Ich
1210 2139 3894 2371 hab ja nicht geshnt. Ich hab mir gedacht, Karl, die ganze
1213 2316 3850 2548 Letzte Zeit hab ich gedacht, du hältst es mit der Marie.
1246 2559 1777 2710 (Lacht auf)
1239 2563 4119 2825 Ich schwör's dir. Ich habe mir eingebildet, du willst von mir
726 2563 988 2725 Karl:
1239 2740 4204 2987 nichts mehr wissen. Du warst ja - Ich hab ja nicht geehnt, dass
726 2755 1036 2891 Elisa:
1235 2865 4093 3201 du mich noch liebst...  so liebesst bis zum Verbrechen. Dass du
1261 3064 4119 3322 meinetwegen - Wenn ich das geehnt hätte, Karl, wenn - - Aber
1261 3219 4130 3485 es kann ja noch alles, es wird alles gut werden. Keiner weiss
1272 3396 3647 3662 es, Karl, keiner denkt an dich. Versteck das Geld!
1291 3496 4097 3791 Und jetzt käm es grade recht für eine kleine Hochzeitsreise.
778 3654 1029 3872 Karl :
1287 3735 2965 3990 Nähmst sogar mit mir vorlieb - wie?
1298 3994 1578 4141 Karl!
800 4016 1088 4171 Elisa
1302 3957 4089 4270 Es wird nicht gehen, Elisa. Ich dürfte verhindert sein. Und
1316 4163 4207 4425 auch der Andere ist leider tot. Ein so hübscher junger Mensch.
785 4152 1069 4370 Karl:
1328 4351 4178 4580 Und splendid...Aberwas liegt daran. Es gibt Andere, hundert,
1324 4514 4016 4724 tausend hübsche, reiche, junge Leute, kann ir doch egal
1331 4720 2165 4934 sein, du - du -!
1346 4875 1925 5118 (Es klopft)
3334 5026 3968 5262 den Schuh. Du
1357 5078 3274 5299 Versteck's! Wir sprechen dann weiter. Im
826 5111 1158 5317 Elisa:
