4456 5528
1657 393 1922 651 29 -
1118 696 3886 950 öfters haben wir uns gesehen. Zum fünften oder sechsten Mal
1133 812 4140 1126 heute Morgen, Öfter noch. Jeden Morgen. Dort im Wald, wo sie ihn
1133 1025 3957 1257 heut umgebracht haben. Geliebt hab ichmihn, ja. Ist denn das
1156 1189 4013 1406 eine Schande? Und darum habe ich nicht länger bei dir bleiben
1159 1320 4058 1597 wollen. Es war alles verabredet. Drum hat er mir heut Früh das
1171 1481 4024 1732 Geld gebracht. Ein paar Stunden weit von hier, da wollten wir
1186 1634 4028 1877 uns treffen und miteinander fortreisen, weit fort – nach Wien
1174 1799 4118 2035 oder nach Paris. Er mit mir. Er hat mich geliebt, verstehst du?
1186 1964 4002 2255 Und die zweihundert Kronen hat er mir gegeben, damit ich mir
1193 2113 4073 2382 das Nötigste kaufen kann. Nun ja, natürlich. Schuhe vor allem,
1201 2289 4058 2536 meine sind ja hin, und ein Kleid und eine Billet für die Bahn.
1216 2427 4144 2659 Was willst du nun? Soll ich es dem Kommissär erzählen? Er würde
1208 2592 4125 2846 mir’s nicht glauben. Niemand würd' es glauben. Sie wurden alle
1219 2768 4170 3003 glauben, dass ich ihn ermordet hab. Einsperren würden sie mich.
1245 2902 4215 3130 Versteck das Geld, ich beschwöre dich! Sonst denken sie am Ende,
1234 3048 4226 3332 du und ich — Bring du mich lieber um. Ich will nicht vor Gericht
1260 3246 4021 3564 Ich will nichs ins Gefängnis, ich will nicht - Versteck das
1268 3493 1526 3617 Geld!
1275 3512 4208 3770 Hab keine Angst, Elisa! Dir wird nichts geschehen. Keine Ängst!
763 3620 1021 3822 Karl:
1279 3759 3198 3931 Du hast ihn nicht umgebracht... Ich weiss.
1294 3852 4058 4095 (beginnt zu verstehen, beinahe unhörbar, mehr mit Blick und
785 3972 1085 4155 Elisa:
1298 4099 2087 4346 Geste) Du — Du?
1298 4290 1765 4424 Ich - ja.
1305 4312 4219 4582 Du? Du hast uns zusammen gesehen— Du bist uns nachgegangen? Du
797 4301 1055 4499 Karl:
782 4454 1118 4686 Elisa:
1298 4503 4095 4727 hast uns gesehen? Du hast uns belauscht? Da hast mich davon
1309 4679 3964 4970 gehen lassen - und dann gewartet bis er schläft - du, du
