4456 5560
1553 271 1735 479 re
1768 275 2006 457 1.10
1872 542 2378 747 8 —
1174 765 3849 1114 So, hat er versprochen. Das haben wir auch schon manchmal
676 906 973 1092 Elisa:
1189 1062 3031 1207 erlebt, dass uns was verspréchen wurde.
1200 1144 3830 1378 Wir erwarten in diesen Tagen einen Brief. Es ist nämlich
676 1226 984 1423 Marie:
1193 1349 2987 1531 ein Bruder meiner verstorbenen Mutter.
1174 1430 3838 1657 Und nehmen wir nun einmal den Fall, Fräulein Marie, Karl
698 1527 1018 1772 Elisa:
1207 1553 4001 1802 bekäme schon so eine Stellung und müsste nicht alle Viertel-
1211 1742 4083 1999 oder Halbejahr sich um was Neues umsehen und man könnte jeden
1226 1858 3990 2196 Mittag was Warmes essen, um was wär' man dann schon weiter?
1230 2136 2552 2333 Ich glaube doch, Frau Elisa.
717 2140 1018 2340 Marie:
1230 2188 4049 2485 Ja, wenn Karl für sich allein wäre, aber mit einer Frau- und
736 2344 1036 2496 Elisa:
1237 2433 3002 2653 gar mit einer Frau, wie ich eine bin.
1245 2511 4157 2775 Warum wie Sie eine sind? Sie haben doch sein Wanderleben schon
728 2675 1044 2801 Marie:
1245 2790 2274 2935 manches Jahr geteilt.
1237 2842 4079 3083 Ja, das hab ich getan! Vier volle Jahre geht das schon. Aber
747 2916 1055 3154 Elisa:
1259 2968 4027 3247 wie satt ich dieses Wanderleben bin, das weiss kein Mensch.
1267 3225 2972 3422 Was Sie heute nur haben, Frau Elisa.
773 3254 1070 3440 Marie?
1278 3317 4246 3544 Nun, was hab ich denn? Manchmal kommt's eben über einen. Es ist
765 3470 1074 3659 Elisa:
1285 3448 4153 3693 mir freilich nicht an der Wiege gesungen worden, dass ich mit
1285 3663 4194 3942 sechsundzwanzig Jahren so eine Existenz führen werde; nicht um
1304 3808 4183 4023 ein Haar besser als irgend eine gemeine Arbeitersfrau. Im vori-
1304 3942 4213 4217 gen Jahr ist es uns ja besser gegangen. Bei der Tauernbahn war
1311 4101 4295 4335 die Bezahlung beinahe doppelt so gross. Aber im Winter haben wir
1311 4298 4224 4521 gehungert! Und die letzten Monate hier in dem Nest - trotz der
1323 4436 4049 4662 guten Behandlung hier im Hause, für die wir natürlich ewig
1315 4610 2303 4818 dankbar sein werden-
1345 4766 3377 5000 So habe ich Sie ja nie gesehen, Frau Elisa.
810 4852 1129 5049 Marie:
1341 4893 4090 5205 Einmal redt man sich halt von der Seele. Nein, es ist kein
806 5015 1129 5197 Elisa:
