4472 5528
3825 242 3998 461 11
2783 220 3032 472 11.
3562 270 3753 487 P.
926 245 1265 530 .4
1712 397 2008 584 21
1218 663 4041 941 Was soll ich denn machen? Da, in dem Zimmer bin ich gesessen
696 771 1027 963 Elisa:
1211 880 4034 1114 und eine Weile bin ich spazieren gegangen, die Strasse gegen
1215 1056 2747 1240 den Kalterersee mit - mit Marie.
1240 1229 2098 1402 Es ist nicht wahr.
721 1247 999 1413 Karl:
1222 1316 4023 1568 Ich schwöre dir. Frag sie doch, ob ich nicht vor dem Mittag-
721 1442 1027 1651 Elisa:
1240 1467 4139 1709 essen mit ihr auf der Landstrasse spazieren gegangen bin. Frag
1244 1723 1702 1871 sie doch!
1240 1810 3976 2037 Und vorher? Am Morgen? Wann bist du aufgestanden? Was hast
732 1867 1006 2058 Karl:
1258 2008 2109 2192 du nachher getan?
1269 2116 4113 2304 Das soll ich denn? Angekleidet hab ich mich. Dann hao ich ge-
757 2167 1063 2372 Elisa:
1247 2206 4092 2491 näht, das Kleid da hab ich ausgebessert, den Saum da, siehst
1276 2448 4153 2610 du. Eine Weile war' ich auch unten in der Wirtsstube, habe Zei-
1276 2614 4030 2772 tungen gelesen. Dann bin ich spazieren gegangen mit Marie -
1273 2725 4102 2985 frag sie doch. Zuerst eine Weile allein hin und her und dann
1280 2895 4009 3104 mit ihr, bin ihr begegnet hundert Schritt weit vom Ort. Was
1273 3050 3958 3273 kümmert dich all das? Was willst du denn? Lass mich! Lass
1298 3187 4012 3418 meine Hände! Und was rollst du die Augen? Du bist ja toll!
1294 3418 2264 3630 Du hast ihn gekannt!
786 3461 1060 3612 Karl:
1294 3464 4171 3796 Den sie umgebracht haben? Ich weiss nicht. Vielleicht hab ich
797 3637 1103 3774 Elisa:
1298 3655 4102 3897 ihn einmal gesehen. Wie kann ich das denn wissen? Wie lange
1309 3818 4164 4070 hat er sich denn in der Gegend aufgehalten? Weisst du's? Man-
1319 3976 4185 4203 che, die oben auf dem Berg wohnen, kommen ein oder das andere
1359 4106 4196 4402 Mal herunter ins Dorf. Vielleicht hab ich ihn gesehen, schon
1330 4297 4225 4546 möglich. Wenn ich ihn wiedersehe, würde ich Ihn vielleicht er-
1334 4470 4232 4668 kennen. Vielleicht auch nicht. Was weiss ich? Du bist ja toll!
1334 4618 4099 4820 Würde ich nicht! Rühr dich nicht? Ein Wort und du bist des
822 4741 1089 4896 Karl:
