4488 5528
3806 189 3992 367 G.H.
1733 230 2078 456 1 f 11 x
3024 171 3231 464 1.
3428 263 3929 479 „ „
1699 579 1951 761 33 -
1161 798 3361 1094 kennst es dir dann noch immer überlegen. Aber -
1183 1076 2326 1228 (draussen) Herr Bengler!
679 998 998 1284 Marie:
1183 1232 2935 1421 Nur einen Augenblick, Fräulein Marie.
683 1284 942 1436 Karl:
1209 1298 3892 1595 Karl, Karl, alles wird wieder gut. Ich, ich liebe dich ja.
1221 1458 3929 1692 (als hörte er es nicht) Es dauert nicht mehr lang, so wird
690 1439 991 1603 Elisa:
694 1592 953 1807 Karl:
1228 1621 3038 1848 dir das wie der reine Bettel vorkommen!
1228 1721 4007 2063 (draussen) Der Herr Kommissär lässt Sie rufen, Herr Bengler.
709 1836 1005 2107 Marie:
1228 1989 2634 2189 Er ist unten in der Gaststube.
1243 2022 3944 2322 Sofort Fräulein Marie. Will mir nur den schwarzen Rock an-
727 2226 991 2415 Karl:
1232 2271 3380 2486 ziehen zum Verhör. Das schickt sich doch wohl.
1239 2374 4111 2619 Karl, ich beschwöre dich. Wir könnten es ja verbrennen. Karl!
1258 2493 4148 2786 Das Ganze wird ein böser Traum gewesen sein. Du warst ja nicht
738 2545 1043 2686 Elisa:
1254 2712 4155 2961 bei Sinnen. Auch vor Gericht möchten sie dich freisprechen. Es
1276 2838 4163 3090 war ja Notwehr... Und siehst du denn nicht, daas, dass ich ihn
1269 2979 4118 3280 nie geliebt habe. Ich denke ja gar nicht mehr an ihn. Nur an
1276 3142 4111 3413 dich, denk ich. Es war ja nur - denk doch nur, wie du zu mir
1298 3302 4281 3558 warst all die Zeit.- Wie hab ich denn ahnen können. Ich hab dich
1313 3506 4296 3799 ja immer geliebt. Und ich werde dir eine treue Frau sein. Auf de
1306 3673 4070 3914 Knieen werd ich dir mein ganzes Leben lang - - Verzeih mir,
1313 3810 4155 4103 verzeih mir! Und wenn du mir nicht verzeihen kannst, Karl, so
1328 3973 4133 4215 werden wir zusammen sterben. Ja, Karl? Bald. Morgen, wenn du
1324 4155 4085 4348 willst. Nur lass uns noch einmal glücklich sein. Ich hab ja
1321 4304 3358 4586 nicht geshnt — ich - ich — (auf den Knieen)
1343 4352 4189 4734 Du hast nichts zu tun als zu schweigen, verstehst du. Nichts
820 4560 1106 4753 Karl:
1358 4578 4255 4819 anderes! Ich rate dir gut. Sonst bleibt's doch nicht aus, dass
1354 4727 4244 4997 sie dich auf eine Weile wenigstens unter dem Verdacht der Mit-
