4600 5624
3033 249 3357 498 1:11:1
2528 264 2866 580 1er à 1m.1
1684 576 1974 747 15
1171 755 4097 1093 Die Welt gekommen. Und darum taug ich nicht zur Geliebten oder
1182 948 4037 1190 selbst zur Gattin eines Oberaufsehers oder eines Ingenieurs -
1197 1238 1736 1372 und darum -
1208 1271 3892 1502 Das ist alles - nein, nein - Ich will, ich will alles das
703 1420 1004 1565 Marie:
1216 1517 2145 1721 nicht gehört haben.
1201 1691 4190 1985 Sie haben mich bei der Hand gehalten, Sie habe mich nicht fort-
1201 1710 1539 1881 (lacht)
732 1732 1026 1900 Elisa:
732 1915 1030 2030 Marie:
1197 1963 2755 2190 gelassen, glauben Sie nur nicht -
1212 2019 4019 2368 Geben Sie Acht, ich höre seine Schritte auf der Treppe. Dass
1227 2175 4119 2465 Sie sich nicht verraten, Marie. Da könnte die Sache sogar böse
747 2204 1048 2431 Elisa:
1223 2346 4126 2621 enden, sehr böse. Dagegen, wenn ich einmal fort bin + aber wir
1230 2472 4000 2807 besprechen morgen alles Nähere. Ein anderes Gesicht, Marie,
1242 2636 4164 2944 gewschwind! Ja, so! So ist's gut. Sehen Sie, wenn man nur will
1271 2848 3665 3104 (tritt ein; dreissig Jahre, in schlichter Kleidung)
1264 2933 4119 3242 Guten Abend, Elise. Guten abend, Fräulein Marie, wie geht's?
788 2855 1052 3119 Karl:
1271 3126 4268 3461 Sie haben wohl schon gehört? Es ist heut Einer umgebracht worden
1283 3375 2387 3628 in der Nähe des Hotels.
1290 3546 2461 3729 Weiss man schon Näheres?
1297 3610 4190 3944 Ich weiss nicht mehr, als was mir Ihr Vater erzählt hat unten
840 3621 1134 3766 Elisa:
836 3788 1104 3955 Karl:
1312 3922 1669 4097 am Tor.
1316 4026 2755 4204 Ein alter Hofrat soll es sein.
1342 4052 4294 4357 So?... Ja, ich habe auch so was gehört. Nun, auch Hofräte müssen
851 4100 1171 4245 Elisa:
1323 4238 4275 4509 sterben. Freilich, sonst hätten sie es gar zu gut. Hofrat sein,
862 4242 1141 4446 Karl:
1342 4398 4309 4651 Vergnügungsreisen machen, in einem feinen Hotel wohnen, und dann
1357 4591 3045 4885 noch ewig leben - das wäre zu viel.
1368 4770 3509 5060 (beim Fenster) Da ist ja ein Gendarm im Hofe.
885 4915 1227 5112 Elisa:
