5048 5736
3326 198 3774 370 1 „ „ —: „
4121 228 4389 474 1.¼.
2773 235 2949 515 1
2295 515 2587 687 14 „
1698 735 4576 1023 begreifen Sie, dass Sie ein gutes Werk an ihm täten, wenn Sie
1702 1004 2736 1235 sich seiner annähmen?
1717 1075 4539 1366 (ausbrechend) Sie werden ihn nicht verlassen. Sie dürfen ihn
1221 1250 1523 1430 Marie:
1717 1284 3277 1553 nicht verlassen. Es wär sein Tod!
1728 1418 4173 1672 Oh, daran stirbt man nicht. Undbesonders, wenn Sie -
1747 1542 4584 1840 Sie glauben doch nicht, ich könnte mich zu so etwas hergeben?
1232 1538 1534 1721 Elisa:
1232 1709 1549 1885 Marie:
1758 1739 4046 1978 Selbst wenn er mir - selbst, wenn ich ihn liebte.
1758 1863 4449 2154 Er wird Sie geradeso gern haben mit der Zeit, wie er mich
1765 2008 4628 2325 gern gehabt hat. Und später einmal wird er den Tag segnen, an
1265 2008 1564 2217 Elisa:
1777 2198 4554 2437 dem ich aus seinem Leben verschwunden bin. Gott, das fühlen
1784 2366 4636 2613 Sie ja selbst. Es handelt sich nur darum, ihm über die ersten
1777 2516 4654 2743 schlimmen Tage wegzuhelfen. Und das, um was ich Sie vor allem
1792 2650 4636 2934 bitten möchte, das ist, dabei oder wenigstens in der Nähe zu
1803 2889 3594 3105 sein, wenn - er meinen Brief empfängt.
1814 2993 3811 3236 Ihren Brief? Was — was haben Sie denn vor?
1825 3098 4662 3370 Dch will ich Ihnen ganz genau sagen. Übermorgen Früh mit dem
1321 3105 1616 3300 Marie:
1836 3296 4763 3531 Zug um sechs Uhr zwanzig, wenn Karl gerade zur Arbeit gegangen
1318 3285 1624 3482 Elisa:
1833 3438 4610 3703 ist, reise ich ab. Finden wird er mich nicht; ich werde gut
1836 3594 4796 3897 aufgehoben sein. Für dumm dürfen Sie mich nämlich nicht halten.
1851 3841 3561 4042 Es ist alles aufs Beste vorbereitet.
1866 3927 4800 4162 Nein, Sie dürfen nicht, es ist unmöglich. Denken Sie doch nur -
1866 4091 4830 4333 Er wird sich nicht umbringen. Sie sind da, Marie. Sie werden
1340 4098 1676 4244 Marie:
1362 4221 1672 4371 Elisa:
1870 4244 4718 4483 ihn trösten. Er wird es Ihnen danken, er wird Sie lieb haben
1870 4412 4763 4662 und Sie werden seine Frau werde. Er wird glücklich sein, Sie
1892 4557 4893 4811 werden glücklich sein - und ich und Andere auch, gar manche; denn
1889 4725 4830 5065 ich, ich kann glücklich machen, das fühl ich, dazu bin auf
