4472 5544
779 285 1175 566 V. 1 4
1844 498 2002 652 21
1133 698 3812 997 Es ist doch erst halb sieben. Gelten sind vor siehen alle
664 779 950 1065 Karl:
1137 950 3535 1163 Arbeiter dahoim. Manche ruhen sich auf dem Weg aus.
673 1137 3211 1337 Wachtmeister: Es bleibt sehr auffallend, gerade heute.
1154 1205 4110 1499 Und warum müssen es denn gerade zwei von meinen Arbeitern sein?
698 1329 950 1486 Aarl:
681 1405 4101 1686 Wachtmeister: Der Mori geschah in nächster Hähe Ihrer Strecke, Herr Ober-
1167 1542 4144 1810 aufseher. Dreihundert Meter weit davon, in einer Waldeslichtung.
2968 1657 3215 1772 nicht
1158 1665 4122 1955 Und ich komme Sie fragen, Herr, ob Ihnen vielleicht aufgefallen
1167 1857 4050 2095 ist, dass die zwei Genannten oder andere sich im Laufe der Ar-
1171 2031 3492 2266 beitszeit auf eine längere Weile entfernt hätten.
1188 2163 4071 2393 Nicht, dass ich wüsste. Natürlich hat man nicht immer alle im
724 2291 980 2470 Karl:
1205 2334 3922 2560 Auge... aber ich glaube nicht. Raso und Bardoni, es sind so
1188 2534 2483 2764 fleissige, brave Arbeiter
758 2734 1848 2930 Wachtmeister: Oh, das -
1218 2700 4135 3015 Ich halte es für ausgeschlossen. Sie werden sehen, in ein paar
754 2892 1005 3122 Karl:
1214 2998 2598 3220 Minuten sind die Burschen da.
771 3092 4174 3416 wachtmeister: Wir wollen hoffen. Obwohl auch eine solche Verspätung unter
1231 3262 4135 3513 den obwaltenden Umständen - (auf eine Idee kommend) Übrigensk,
1244 3475 2951 3705 Sie haben ja auch eine Mittagspause.
1252 3565 4161 3837 Ja. Selbstverständlich. So viel ich mich erinnere, blieben alle
767 3714 1052 3871 Karl:
1252 3714 4174 4007 zusammen, wie gewöhnlich. Keineswegs hat sich einer weiter als
1248 3880 4135 4097 zwanzig Schritt von der Strecke entfernt. Und Sie können sich
1261 4076 3995 4306 ja denken, wie sich das mit der Mittagspause verhält, Herr
1278 4212 4276 4467 Wachtmeister. Man schneidet sich ein Stück Wurst ab und isst ein
1286 4378 4127 4595 Stück Brot dazu. Ich tue es auch nicht anders. Dann legt man
1269 4557 4182 4851 sich für ein paar Minuten ins Gras hin, und dann fängt die Ar-
1273 4706 3369 4978 beit wieder an. Das ist unsere Mittagspause.
