4520 5576
3592 276 3762 446 14
1371 276 2134 510 V. A. E. hof. 1 J. H
3082 287 3264 491 jn
2644 280 2844 536 .H.
1156 336 1364 518 1:1
1726 427 2093 597 12 -
1095 631 3834 891 mütlich im Plaudern und nun wollen Sie mich allein lassen,
1114 869 2603 1095 nach dieser Schaudergeschichte?
1133 918 3815 1220 So bleib doch noch bei Frau Bengler. Unten gibt's ja doch
665 1054 941 1288 Wirt:
1129 1141 3506 1394 nicht mehr zu hören, als ich da erzählt habe. (ab)
1156 1341 3309 1556 (ist unschlüssig an der Türe stehen geblieben)
1167 1447 4065 1723 (fasst ihre beiden Hände) Nun, so schlimm diese Mordgeschichte
695 1451 990 1598 Marie:
1213 1613 4163 1862 ist, uns Beide bekümmert sie wohl nicht weiter, nicht wahr? Wir
684 1617 1001 1828 Elisa:
1175 1723 4042 2029 haben Dinge miteinander zu besprechen, die uns näher angehen.
1179 2025 1998 2199 Ich wüsste nicht.
1190 2055 4102 2334 Also, kurz und gut, da ich ja ein Paar Augen hab und überhaupt
729 1961 1024 2229 Marie :
1190 2180 4038 2474 nicht auf den Kopf gefallen binn, ist es mir natürlich nicht
722 2214 1027 2433 Elisa:
1201 2376 4201 2652 verborgen geblieben, dass Sie den Karlagern haben. Oh, mir liegt
1197 2550 4046 2848 nichts dran, gar nichts. Ich bin nicht eifersüchtig, und ich
1209 2674 4178 2958 wär' es nichteinmal, wenn er auch in Sie verliebt wäre. Aber
1228 2799 4140 3101 er hängt vorläufig noch an mir. Ich weiss. Nun, wenn ich nicht
1224 3048 4117 3305 mehr da bin, wird sich das g ben und je freundlicher Sie sich
1239 3173 4208 3430 seiner annehmen werden, umso rascher wird er mich vergessen. Und
1243 3324 4261 3581 das, liebe Marie, das ist es, um was ich Sie bitten möchte! Dass
1262 3456 4299 3744 Sie sich seiner annehmen, wenn ich nicht mehr da bin. Sie könnten
1273 3770 2652 3902 ihm viel Leid damit ersparen.
1281 3823 4185 4057 Ich versteh ja immer weniger – Was heisst denn das alles? Ach,
820 3974 1122 4167 Marie:
1273 4068 2584 4235 lassen Sie mich doch gehen.
1303 4068 4280 4371 Wenn es Ihnen beliebt. Aber Sie haben doch selbst keine Lust da-
1303 4265 4310 4548 zu. Und ich bin ja gleich zu Ende. Nur noch ein paar Worte. Dass
831 4231 1160 4439 Elisa:
1296 4389 4265 4688 ich die Absicht habe mir meine Existenz anders einzurichten, als
1318 4627 4167 4854 mir bisher beschieden war, das ist Ihnen doch klar geworden?
1330 4850 2622 5043 -Sie sind nicht seine Frau?
857 4877 1179 5077 Marie:
