4520 5576
2899 233 3125 511 1:1
1825 515 1999 711 31
1211 737 3980 1014 sie schon in den Fingern, die braune Tasche mit den Silber-
1233 937 4151 1189 eckchen, da, mit einem Mal rührt er sich. Ich will schon davon,
1226 1111 4102 1314 da reisst er weit die Augen auf, und im selben Augenblick mit
1237 1237 4173 1507 der Hand in den Sack nach dem Revolver und springt auf und ohne
1255 1403 4232 1659 ein Wort zu sagen legt er auf mich an. Da stürz ich mich auf ihn
1251 1548 4025 1799 er drückt los, der Schuss verwagt, ich pack ihn am Arm, mit
1251 1699 4025 1999 der anderen Hand beim Hals und er fällt nieder, ich auf ihn
1263 1907 4036 2140 und er stösst mit den Knieen und wehrt sich und pfaucht und
1274 2055 4065 2273 ich hab's gewusst, wenn er sich los macht, so ist es aus mit
1288 2199 4136 2447 mir und wenn ich ihn frei lasse, ist es aus, und da halte ich
1288 2347 4169 2588 ihn fest umlte so lange, und halte und presse o lange - -
1288 2547 4232 2725 bis ihm der Revolver aus der Hand fällt. Aber da war's schon zu
1288 2688 2895 2925 spät. Da war es schon aus mit ihm.
1311 2855 4169 3040 Es ist ja alles nicht wahr. Du willst mir nur Angst machen. Du
792 2910 1111 3084 Elisa:
1303 2977 4069 3217 hast jemanden umgebracht, du? Weder ihn noch einen Anderen.
1311 3140 4132 3354 Jetzt kannst du mir's ja sagen, du weisst ja doch alles, was
1307 3280 4213 3566 du wissen willst. Und tot ist er ja auch. Es kann dir ja genug
1322 3554 1603 3728 sein.
1340 3562 4236 3862 Ich habe ihn umgebracht. Und es hat sich nicht einmal gelohnt.
815 3684 1070 3880 Karl;
1344 3795 3358 4080 Nichts mehr war in der Brieftasche, nichts.
1348 4002 2314 4180 Du hast nachgesehen?
848 4036 1144 4213 Elisa:
1351 4039 4210 4325 Denk dir, auch das habe ich noch getan. Es war wohl nicht das
829 4221 1114 4410 Karl:
1366 4232 4043 4499 Schlimmste. Aber nicht mehr, nichts. Alles hat er seinen
1359 4428 4106 4710 Schatz gegeben. Nur ein paar Visitenkarten. Nun, den Namen
1363 4621 2014 4850 kennst du ja.
1377 4773 2192 4998 Schweig, schweig!
852 4847 1185 4995 Elisa:
1381 4924 3695 5139 Ein hübscher Kerl und reich, reich. Schad um ihn.
881 4998 1151 5191 Karl:
