4472 5528
2045 237 2231 401 817
3781 258 4102 494 7/1
2015 380 2269 532 V. A. Z.
1204 651 4026 955 te Recherchen. Die Mutter des Ermordeten hat ausgesagt, dass
1196 845 4183 1183 sie ihm heute Morgen zwei Banknoten a hundert Kronen gab; es war
1200 1060 4073 1331 sein Taschengeld, offenbar. Diese zweihundert Kronen sind aus
1170 1191 3950 1466 der Brieftasche verschwunden. Kleingeld im Betrage von zwei
1225 1356 4077 1614 Kronen und etlichen Hellern sind bei dem jungen Mann gefunden
1238 1614 1601 1808 worden.
1255 1622 4039 1910 Nun aber muss ich doch fragen, wenn die Beiden da unten ver-
722 1796 1039 1939 Elisa:
1251 1855 3477 2083 dächtig werden, warum durchsucht man sie nicht?
735 1956 4069 2248 Wachtmeister: Frau Oberaufseherin, Sie stellen sich die Gerichtsbarkeit
1255 2129 3938 2374 etwas leichter vor als sie ist. Dass die beiden Kerle die
1268 2290 4107 2569 zweihundert Kronen nicht bei sich haben und zwar umsoweniger,
1284 2450 4208 2704 je mehr sie den armen jungen Mann ermordet haben, darauf können
1272 2560 4111 2890 Sie ruhig Gift nehmen. Wenn sie schuldig sind, haben sie die
1268 2750 4153 3025 halbe Stunde benützt, um das Geld zu vergraben. Und in dieser
1301 2974 3021 3203 Richtung wird auch die Untersuchung -
1318 3148 2455 3350 (Töff-Vöff eines Autors)
803 3283 2501 3494 Stimme von unten: Herr Wachtmeister!
1322 3448 3211 3684 (am Fenster) Das ist der Herr Kommissär.
824 3532 1077 3663 Wirt:
803 3519 4204 3866 Wachtmeister: (mit einem Ruck ) Der Kommissär! Herr Oberaufseher, halten
1331 3672 4263 3976 Sie sich bereit. Eine Aussage wird Ihnen nicht erspart bleiben.
1331 3853 4280 4107 Ihre Verantwortung ist gross. Schonen Sie keinen, es kann einer
1322 4005 4208 4293 der tüchtigste Arbeiter sein und doch ein fürchterliches Ver-
1344 4115 4145 4462 brechen begehen. (er spricht das folgende Wort deutsch aus)
1344 4360 4225 4597 Moral insanity. Bedenken Sie das. (ab. Der Wirt folgt ihm mit
1348 4555 1690 4800 Marie)
1365 4673 3135 4947 (hat Elisa die ganze Zeit beobachtet)
849 4732 1128 4998 Karl:
1356 4909 1982 5116 Karl.-Elisa.
