4456 5560
428 233 582 454 1
3464 233 4169 477 V. X. 1. 2. 3. 4. 1., 71.
1719 255 2240 480 P.S.F.P.
2203 360 2390 488 1/11
1122 916 3955 1114 Richtig!- Dass Sie daran denken, das ist sehr nett von Ihnen.
600 976 919 1126 Elisa:
1130 1077 3760 1246 Sie lesen es ja gern, eh es im Gastzimmer von den vielen
612 1148 919 1325 Marie:
1130 1216 3801 1433 Händen abgegriffen ist. Und vor acht wird da drunten doch
1126 1430 2184 1621 nicht darnach gefragt.
1137 1539 3843 1726 Danke, danke. Aber Sie könnten sie auch gleich wieder mit-
589 1610 938 1786 Elisa:
1141 1677 3929 1876 nehmen. Ich bin so gar nicht aufgelegt mir Bilder anzusehen.
1145 1812 3955 2068 Und mein Mann, wer weiss, wann der nach Hause kommt. Gestern
1156 2026 2852 2214 war’s schon ganz dunkel, als er kam.
1145 2180 3963 2364 Natürlich. Die Bahn auf den Berg hinauf soll ja im September
634 2233 953 2383 Marie:
1167 2323 4064 2529 unbedingt fertig werden. Auch die Arbeiter sind in den letzten
1160 2514 2736 2709 Tagen immer so spät heimgekommen.
1178 2608 4128 2829 Warum sagen Sie: "auch" die Arbeiter? Karl ist doch am Ende auch
664 2672 953 2863 Elisa:
1160 2796 3978 2987 nichts anderes als ein Arbeiter. (sie sitzt auf einem Sessel
1167 2964 3028 3190 und blättert mechanisch in der Zeitung)
1190 3145 3490 3295 Er ist doch Ingenieur, denk ich. (sie steht noch)
672 3160 976 3358 Marie:
1186 3298 3966 3475 Er hat darauf studiert, Aber er hat seine letzten Prüfungen
668 3347 976 3524 Elisa:
1182 3437 4015 3659 nicht gemacht. Er musste ja früher eine Stelle annehmen. Mann
1182 3576 4135 3824 nennt ihn wohl: Herr Ingenieur, aber in Wahrheit ist er ja doch
1186 3771 4173 3944 nur Oberaufseher. Wenn er sein Diplom hätte, ging es uns besser.
1201 3906 4139 4079 Wir hätten auch ein schöneres Zimmer bei Ihnen. Oder wer weiss,
1197 4064 4162 4293 wir wohnten gar drüben beim Schwarzen Adler, wie die wirklichen
1208 4274 2098 4450 Herren Ingenieure.
1231 4327 4180 4604 (hat sich ihr gegenüber gesetzt) Das könnt ich Ihnen nicht übel
660 4432 1032 4631 Marie:
1212 4544 4229 4788 nehmen, Frau Elisa. Bei uns sieht es freilich nicht sehr vornehm
1220 4694 3760 4897 aus. Aber im nächsten Jahre will der Vater renovieren.
1231 4863 3257 5092 Aufrichtig gesagt, es könnte nicht schaden.
709 4923 1028 5107 Elisa:
