4472 5560
1174 762 3901 1033 Sie müssen meine Frage nicht für zudringlich halten. Es ist
661 910 973 1077 Marie:
1159 970 3893 1211 nur – ich darf es wohl schon sagen - weil mein Vater Ihrem
1185 1129 3533 1371 Mann einen Vorschlag zu machen hätte - vielleicht.
1189 1285 3897 1531 Einen Vorschlag? Meinem Mann -? Soll er vielleicht Kellner
672 1363 996 1612 Elisa:
1189 1497 3054 1690 hier werden? Ja? Und ich Zimmermädchen?
1204 1631 3377 1858 Sie sind heute recht übel gelaunt, Frau Elisa.
687 1742 999 1872 Marie:
1219 1843 2017 2021 Ach, warum denn -
713 1906 999 2040 Elisa:
1215 1913 3154 2177 Ich kann's am Ende begreifen. (steht auf)
710 2043 992 2188 Marie
1222 2125 2660 2337 Was können Sie denn begreifen?
706 2207 1003 2352 Elisa:
1233 2240 4105 2459 Auch ich wäre nicht zufrieden an Ihrer Stelle. Sie verdienten
724 2363 1010 2530 Marie
1222 2474 2062 2653 ein besseres Los.
1237 2563 4049 2764 Wer sagt Ihnen, dass ich's besser verdiene. Karl vielleicht,
736 2597 1051 2820 Elisa:
1245 2797 1884 2991 ja. Aber ich?
1943 2790 2192 2994 G.C.H.F
1256 2842 4124 3113 Es muss nicht schön sein, sich so in der Welt herumzuschlagen
765 2916 1051 3128 Marie:
1252 3050 2950 3284 und nirgends dauernd unterzukommen -
1259 3236 2883 3436 Das liegt nun einmal in dem Beruf.
750 3291 1044 3436 Elisa
1274 3340 4265 3589 Es müsste doch nicht so sein. Es gibt doch auch feste Stellungen
762 3474 1066 3607 Marie:
1259 3529 3682 3793 für... für Oberaufseher, die Technik studiert haben,
1267 3678 3878 3901 Freilich gibt es, aber Karl kriegt keine. Nein. So lang
784 3789 1081 3934 Elisa:
1285 3838 3897 4046 i c h - ich bring ihm kein Glück. Wahrhaftig, nein. Was
1282 3971 4265 4239 lächeln Sie denn so bedeutungsvoll? Hätten Sie Ihm am Ende schon
1293 4205 2522 4384 eine Stellung verschafft?
1297 4280 4034 4517 So weit ist's freilich noch nicht. Aber das darf ich Ihnen
791 4406 1111 4543 Marie:
1315 4458 4146 4677 wohl sagen, dass ein Verwandter von uns, ein Beamter von der
1315 4592 4276 4815 Eisenbahndirektion in Inssbruck, dem Vater versprochen hat sich
1323 4852 1962 5038 zu verwenden.
