4472 5528
1326 266 1588 517 1 Rthl
1846 429 2135 593 28 —
1143 577 4205 969 Todes! Ich schwöre es dir! (Er sperrt die Türe ab, dann schliess)
1151 908 1899 1132 er das Fenster)
1178 995 3989 1254 (eine Weile starr, will zum Fenster hin, er ergreift sie bei
1170 1113 4076 1428 beiden Händen, schlept sie nach vorn, drückt sie auf den Divan
661 1102 969 1295 Elisa:
1166 1417 1565 1592 nieder)
1174 1432 4137 1766 Ich könnte dich auch anbinden. Ich konnte dir auch irgend etwas
1193 1618 4087 1873 in den Mund stopfen. Aber ich hoffe, es wird nicht nötig sein.
688 1599 957 1759 Karl:
1200 1736 4122 1994 Ein Wort und du bist - (er blickt sich im Zimmer um, dann geht
1216 1934 3480 2180 er zur Kommode, wihlt zuerst in der oberen Lade)
1227 2105 3062 2382 In aller Heiligen Namen, was tust du?
1227 2249 4220 2462 Keinen Laut, wenn dir dein Leben lieb ist. (er öffnet die untere
729 2165 1026 2389 Elisa:
729 2401 976 2560 Karl:
1227 2446 3130 2659 Lade, wühlt darin, findet das Gebetbuch)
1261 2553 3590 2792 (hat sich unwillkürlich erhoben, steht regungslos)
722 2697 1048 2857 Elisa:
1269 2750 3989 2993 (durchblättert das Gebetbuch, schüttelt es, zwei Banknoten
737 2853 1007 3020 Karl:
1257 2898 4015 3153 fallen heraus. Er nimmt die Banknoten in die Hand, hält sie
1261 3107 2374 3316 wortlos Elisa entgegen)
1280 3195 4046 3430 Ich hab ihn nicht ermordet. Bei allen Heiligen, ich hab Ihn
748 3305 1064 3461 Elisa:
1265 3316 4091 3620 nicht - Um Gottes Willen versteck das Geld! Wenn man das bei
1269 3510 4061 3746 uns fände,- Ich will dir ja alles erklären. Ich habe es von
1284 3677 4084 3924 ihm, ja. Er hat es mir geschenkt. Heute Früh. Er hab es mir
1292 3818 4182 4133 geschenkt. Aber wenn du glaubst - nein, nein. nein! Geschenkt!
1299 3954 4243 4262 Er hat es mir gegeben, damit ich fort kann. Mit ihm hab ich auf
1303 4156 4110 4380 und davon wollen. Ich hab ihn gern gehabt. Ja... das ist nun
1314 4308 4281 4524 einmal so. Frage die Marie. Grad hab ich's ihr erzählt. Von dem
1318 4464 4072 4733 Geld weiss sie nichts. Aber, dass ich hab fort wollen, das
1318 4627 4179 4897 weiss sie. Ich hab ihn gern gehabt und er mich. Schön xxx
