4472 5544
848 326 1016 548 G.H.
2261 236 3934 555 V. M. H. N. 1/1 1 7/1 4/7 4. 4.7 1/10. rue 4.10
1815 255 2078 540 1.
1755 450 2048 660 19 -
1136 758 4144 1012 war wegen der sechs Fässer Wein, die morgen hinaufkommen sollen.
1110 930 3739 1129 Aber ich habe ihn natürlich gefragt bei der Gelegenheit.
1095 1148 2246 1342 Und er weiss nicht wer -
660 1155 908 1324 Earl:
1099 1249 4065 1462 Nein, das weiss er nicht. Es heisst eben nur, dass sie die Zwei
656 1324 900 1522 Wirt:
1110 1421 4024 1586 schon haben. Übrigens ist es nicht ein alter Mann, den sie um-
1110 1586 4110 1762 gebracht haben, sondern ein junger Mensch, der mit seiner Mutter
1110 1755 2351 1946 oben im Hotel gewohnt hat.
1144 1898 2738 2078 (unwillkürlich) Ein junger Mensch?
656 1912 968 2092 Elisa:
1121 2066 3019 2242 Ja. Eine Professorswitwe ist die Mutter.
664 2119 926 2254 Wirt:
1136 2179 4009 2381 (sieht sich von Karl beobachtet, verucht sich zu fassen) Ein
682 2276 964 2434 Elisa:
1129 2389 3401 2591 junger Mensch? Und lässt sich einfach umbringen?
1132 2479 4151 2782 Er wird sich wohl gewehrt haben. Übrigens waren's Zwei, die über
679 2572 922 2715 Wirt:
1132 2722 1958 2884 ihn her sind....
1144 2812 3919 3052 Von meinen Arbeitern - ich – ich glaub's nicht. Der Portier
671 2865 938 3038 Karl:
1144 3049 1444 3206 oben —
1162 3150 2378 3352 (aus dem Hof) Herr Wirt -
671 3180 1035 3338 Stimme:
1148 3292 3930 3518 Ja, ich komme, ikomme (zu den Zurückbleibenden) Der Herr
694 3375 941 3525 Wirt:
1151 3476 2332 3675 Wachtmeister. (rasch ab)
1151 3649 2070 3825 Was ist dir, Elisa?
682 3682 945 3818 Karl:
1155 3810 2291 4005 Nichts. Was sollte mir -
690 3844 998 3982 Elisa:
1155 3945 2411 4155 Du bist totenblass, Elisa.
694 3968 952 4185 Karl:
1166 4065 4106 4298 Nun höre, Karl, das ist doch kein Wunder, wenn solche Geschich-
709 4162 998 4328 Elisa:
1151 4294 1849 4489 ten passieren.
1155 4432 3960 4586 Jetzt erst bist du blass geworden. Jetzt... als der Mann da
694 4451 975 4601 Karl:
1155 4582 3952 4811 sagte, dass es ein junger Mensch ist, den er - den sie umge-
1144 4778 1834 4969 bracht haben.
1162 4894 3964 5126 Freilich, freilich. Es ist schon sch, dass ein junger Mensch
690 4958 1009 5104 Elisa:
