4536 5592
636 245 919 527 G. A. M.
2315 279 2760 516 1 1/4' „ „
1758 286 1935 531 11
478 343 693 572 1,1
2794 297 3208 538 F.T.K.
3464 294 3870 569 G.C.F.P.
1145 817 3885 1133 noch ein Bub, da hat hier einer seine Frau umgebracht, aus
1148 1028 4115 1265 Eifersucht. Aber ein Raubmord, so was ist seit Menschengedenken
1156 1239 1905 1438 nicht passiert.
1167 1355 3257 1608 Ein Professor sagen Sie? - ein älterer Herr?
708 1434 1013 1634 Elisa:
1175 1589 1739 1754 Jedenfalls.
708 1630 968 1818 Wirt:
1190 1679 2956 1882 Und hat man eine Spur von dem Mörder?
1182 1830 4081 2059 Es scheint nicht. Was die Leute da unten reden, das hat natür-
712 1777 1020 1916 Marie:
727 1928 986 2075 Wirt:
1205 1965 3739 2199 lich gar keine Bedeutung. Die wissen ja selber nichts.
1205 2161 2135 2379 Was reden sie denn?
1205 2244 4213 2500 Sie können's ja denken. Bahnbau, italienische Arbeiter. Ich habe
757 2210 1047 2413 Elisa:
1209 2451 4081 2677 sie aber gewannt, dass sie nicht vielleicht ohne Beweise - es
738 2425 1005 2560 Wirt:
1220 2564 4096 2854 könnt ihnen übel ergehen. Na, ich muss wieder hinunter. Guten
1231 2843 2195 3046 Abend, Frau Deugler.
1235 2869 3995 3174 Also, Sie kommen nur herauf, um einem eine so gruselige Ge-
772 2963 1081 3193 Elisa:
1246 3121 2270 3321 schichte zu erzählen?
1246 3208 4277 3471 Ich wollt, es wär was Lustigeres gewesen; aber bei sich behalten
798 3373 1035 3513 Wirt:
1261 3411 2794 3641 kann man's doch wohl auch nicht.
1276 3509 4285 3769 Na, Ihnen hier wird ja die Sache weiter nicht schaden, höchstens
791 3663 1111 3844 Elisa:
1265 3765 2014 3938 dem Hotel oben.
1284 3867 4224 4108 Möglich, obwohl es recht dumm wäre, Denn so ein Fall wiederholt
825 3946 1103 4175 Wirt:
1295 3991 4198 4251 sich doch nicht so bald. Na, guten Abend. Wir werden wohl, bald
1291 4187 4213 4439 Näheres erfahren. In einer Stunde kommt die Post von oben, der
1295 4345 4123 4556 Kutscher wird schon mehr wissen, denk ich. Na, wenn die Bahn
1322 4465 3821 4759 einmal eröffnet sein wird, da wird das rascher gehen.
1318 4665 4172 4932 (zu Marie, die ihren Vater begleiten will) Möchten Sie nicht
851 4710 1163 4943 Elisa:
1318 4830 4258 5075 noch ein bisschen bei mir bleiben, Marie? Wir waren eben so ge-
