4440 5528
2311 217 2909 487 1 ƒ1
1843 544 2102 689 10 ’
1131 796 3964 1036 vierzehn oder auch in acht Tagen können Sie Karls Frau sein.
1138 1001 3678 1211 Sind Sie denn - Ich weiss wirklich nicht mehr - Adieu.
643 1028 933 1207 Marie:
1161 1180 1702 1378 (Es klopft)
1154 1340 1691 1523 (tritt ein)
647 1367 891 1550 Wirt:
1146 1451 3769 1630 Buchst Du mich, Vater? Ich gehe gleich mit Dir hinunter.
643 1523 940 1698 Marie:
1161 1603 4158 1820 Guten Abend, Herr Prandtner. Marie erzählt mir soeben, Sie wären
647 1687 940 1850 Elisa:
1165 1774 2821 1968 so gütig sich für Karl zu bemühen -
1173 1911 3956 2128 (zu Marie) Warum hast Du denn - So ein Mädel kann nicht den
670 1988 918 2140 Wirt:
1169 2109 4097 2307 Mund halten. (zu Elisa) Es ist leider noch lange nicht sicher.
1169 2227 3998 2433 Nicht deswegen - (sehr eilig) Denkt Euch, was geschehen ist.
1177 2376 4234 2635 Heut Nachmittag haben sie Einen ermordet, im Wald gefunden, einen
1184 2581 2292 2783 Gast aus dem Berghotel.
1192 2741 2083 2928 Aus dem Berghotel?
693 2760 990 2928 Elisa:
1203 2894 4238 3126 Ja. Kaum eine halbe Stunde weit vom Hotel, ermordet und beraubt.
689 2898 948 3080 Wirt:
1196 3061 1995 3259 Wer ist es denn?
701 3092 982 3255 Elisa:
1215 3118 4025 3434 Ein Hofrat oder Professor aus Wien soll es sein, so erzählen
697 3259 956 3469 Wirt:
1196 3332 4025 3590 die Touristen, die eben vom Hotel herunterkommen. Die Kinder
1211 3488 3103 3720 vom Hotelkoch haben die Leiche entdeckt.
1211 3636 4154 3876 Und wann ist der Mord geschehen? Schon vor ein paar Tagen? Wie?
720 3739 1013 3861 Elisa:
1215 3777 4177 4013 Nein...Es soll erst vor ein paar Stunden passiert sein. Man hat
731 3868 963 4085 Wirt:
1218 3964 4154 4162 die Leiche ins Hotel transportiert. Urburgens wissen die Touris-
1241 4104 4104 4379 ten unten nichts Näheres. Sie haben die Leiche nicht gesehen.
1241 4283 4108 4489 Das ist ja furchtbar. So was ist in der Gegend noch nie vorge-
739 4322 1032 4523 Marie:
1234 4504 1595 4695 kommen.
1177 4565 4139 4820 Oh doch. Aber das ist schon lange her. Da warst Du noch nicht
742 4687 994 4896 Wirt:
1222 4756 4219 5011 auf der Welt, Marie. Und Sie auch nicht, Frau Bengler. Ich war
