4456 5528
1799 360 2092 575 30 —
1150 731 2011 909 Schuft, du feiger!
1161 764 4070 1039 Ich hab euch nicht belauscht - Ich hab ich nicht gesehn - Ich
1169 931 4129 1228 bin kein Schuft, Elisa. Nichts hab ich gewusst, gar nichts. Wenn
638 798 916 1124 Karl:
1176 1072 4033 1365 ich nur eine Ahnung gehabt hätte, wie leicht du dir dein Geld
1180 1276 3717 1532 verdienst, bei allen Heiligen, ich hätt's nicht getan.
1195 1469 2664 1714 Du - hast ihn umgebracht, d u?
694 1562 983 1725 Elisa:
1198 1584 3977 1825 Es war ein hübscher Kerl, ja. Und so fein angezogen. Meiner
1198 1747 4107 1992 Seel', wie er da auf der Wiese lag, du kennst sie jan...er war
694 1740 950 1933 Karl:
1206 1877 3992 2167 wohl sehr müde von deinen Küssen? von deienen Klissen auf der
1221 2044 4166 2308 grünen Wiese im Sonnenschein - Nicht gerührt, Elisa! Er schlief
1235 2163 4092 2467 tief und fest. Wenn ich gewusst hätte, wer da liegt, dass vor
1243 2352 4144 2593 einer Stunde, oder einer halben - Aber nichts hab ich gewusst.
1425 2586 1729 2708 bla sse
1250 2545 2619 2779 Keine Ahnung hab ich gehabt.
1258 2712 3046 2946 Und im Schlaff, im Schlaf hast du ihn -
757 2801 1043 2979 Elisa:
1265 2827 3832 3083 Es wäre vielleicht besser gewesen. Aber er ist erwacht.
761 2994 1013 3142 Karl:
1276 3009 3346 3243 So rede doch. Willst du nicht endlich? Rede!
1284 3135 4226 3417 Du sollst alles hören, Elisa. Alles. Wir wollen wahrhaftig kein
768 3157 1065 3287 Elisa:
1291 3324 4088 3558 Geheimnis mehr vor einander haben. Die Sache war nämlich so.
757 3306 1024 3476 Karl:
1217 3473 4114 3717 o Sein Rock ist neben ihm gelegen. Verstehst du? Und da hat xx
1298 3636 4166 3873 die Brieftasche hervorgeschaut... Das war das Unglück. Ja, die
1306 3766 4281 4022 Brieftasche. So eine braune, du kennst sie ja. Mit Silbereckchen
1324 3933 4096 4189 Da hab ich mir gedacht, so bequem wirst du's wohl in deinem
1317 4077 4244 4333 Leben nimmer haben. Und dass vor mir schon wer anderer da war
1328 4244 4244 4515 und es noch bequemer gehabt hat, das hab ich nicht gewusst. Und
1336 4400 4252 4663 ich bleibe noch eine Weile stehen und er schläft weiter, atmet
1343 4586 4300 4838 tief und ruhig...träumt...wahrscheinlich süss. Und endlich beug
1336 4712 4318 4975 ich mich nieder und leise, ganz leise taste ich nich hin und habe
