4536 5576
1321 271 1762 486 11„ „ 14 „
3376 204 3539 453 G.C.
3643 193 3836 501 G.H.F.
1777 623 2007 872 13
1128 928 3840 1161 Nein. Aber auch wenn ich seine Frau wäre, ging ich auf und
1124 1020 4111 1298 davon. Nur für Sie wird die Sache dadurch beträchtlich einfacher
601 1039 920 1198 Elisa:
1135 1209 3977 1484 dass wir nicht verheiratet sind. Ich habe die Dummheit began-
1135 1391 3992 1655 gen vor vier Jahren mit ihm durchzugehen; aus dem Haus meiner
1150 1540 3970 1762 Mutter, wo ich's auch nicht sonderlich gut gehbt habe. Mein
1180 1681 3977 1933 Vater ist nämlich als Major in Rovereto gestorben, schon vor
1165 1844 4103 2130 zwölf oder fünfzehn Jahren, und seither hat’s für meine Mutter,
1180 1996 4114 2263 die da unten zuhause war, überhaupt nichts anderes gegeben, als
1169 2148 4085 2445 Kirchgang und Gebet. Ein lustiges Leben war es wahrhaftig auch
1180 2337 4088 2608 damals nicht. Es hätte vielleicht nicht einmal der Karl kommen
1198 2501 4007 2782 müssen. Er hat bei uns im Haus gewohnt. Und wie das schon so
1198 2619 4114 2905 geht - na, Sie haben ja auch eine Ahnung, wenn man sich so Tag
1224 2794 3929 3072 für Tag sieht - Oh, nehmen Sie mir's nicht übel, ich weiss
1217 2949 4126 3209 schon, bei Ihnen ist es anders. Wenn ich so wäre wie Sie - ach
1239 3116 4048 3384 ja. -  Wir haben übrigens auch ein Kind gehabt. Das ist drei
1247 3243 4070 3539 Tage nach der Geburt gestorben. In einem mährischen Dorf ist
1280 3424 4185 3695 das passiert. Ich wär auch beinäh draufgegangen. Ja, man macht
1258 3580 4166 3829 viel durch. Aber nun hab ich's satt. Alles. Ich will auch kein
1258 3755 4077 4051 Kind mehr haben. Nie. Dazu taug ich nicht. Und will nicht so
1265 3921 4003 4159 hundemässig weiter existieren und zu alldem in der ewigen
1284 4070 4255 4322 Angst leben, dass mich Karl einmal aus Eifersucht umbringt. Denn
1276 4211 4055 4463 auch so was könnte mir blühen. Sehr leicht sogar. Ja, meine
1295 4356 4241 4663 kleine Marie. Denn auch von der Treue hab ich genug. Oh, schon
1306 4519 4218 4797 lange. Aber auch in dieser Hinsicht habe ich bisher nicht viel
1302 4671 4174 4971 Glück gehabt. Na, all das soll jetzt anders werden. Gründlich
1306 4860 4085 5112 anders. Was, Sie sehen mich an, Marie? Ja, so bin ich. Nun,
