4312 5400
1785 155 2018 368 1 7
1536 331 1765 580 35
1099 625 3942 952 zwischen den Leuten, die vor der Türe angesammelt sind, davon)
1095 878 3860 1070 Nun, Herr Wachtmeister, was zögern Sie? Hier sind die zwei-
588 866 866 1062 Karl:
1107 1021 2766 1193 hundert Kronen. Der Mörder bin ich!
592 1181 3881 1368 Wachtmeister: Platz da! Herr Oberaufseher Bengler, ich erkläre Sie für
1066 1344 2594 1544 verhaftet im Namen des Gesetzes.
1078 1426 3836 1699 (die im Zimmer nahe der Türe steht, sinkt ohnmächtig in die
596 1560 923 1728 Marie:
1119 1679 2034 1908 Arme ihres Vaters).
1740 1993 2455 2177 Vorhang
