4520 5592
2012 246 2293 557 1.° 1
2336 255 2530 492 :1
216 285 393 479 1
682 794 3925 1101 Gasthofzimmer, anständig, aber nicht sonderlich freundlich. Die Wände
686 924 4024 1213 blau-grau gemalt, etwas abgeschilfert, die Decke schmutzig-weiss. Thüre
699 1118 3929 1395 rechts auf den Gang. Zwei Fenster im Hintergrund. Dazwischen Kommode,
699 1317 3942 1572 über der Kommode zwei Öldruckbilder, auf der Kommode Photographien in
712 1464 3955 1714 Rahmen und ein Kanton, offen, mächtig gross, wie ein Gebetbuch. links
721 1589 4037 1882 ein Vorhang, fast geschlossen, durch einen Spalt der Erker mit den zwei-
734 1779 3963 2012 Betten sichtbar. links vorn an der Wand ein Waschkasten in leidlichem
730 1952 3920 2189 Zustand. Daneben Dein eiserner Ofen, weiter hinten ein alter Schrank,
756 2072 3942 2383 das beste Möbel des Zimmers. über dem Waschkasten ein Spiegel. Neben
760 2236 3972 2478 der Tür ein Kleiderstock, an dem ein weicher Männerhut, ein Havelock,
760 2401 4080 2681 ein Frauenmantel, ein Shawl hängen. In der Mitte des Zimmers ein runder
764 2539 4132 2832 Tisch, auf diesem einige zerlesene Bücher, ein gebundener Jahrgang einer
773 2707 4007 2949 illustrierten Zeitung, brauner Lederdivan, zwei Plüschfauteuils, wei
769 2953 1338 3139 Holzsessel.
807 3165 4102 3484 (Elise, 26 Jahre, von blassem, etwas mattgelblichen Teint, das schwarze
781 3324 4020 3575 Haar kopett, aber nicht sehr ordentlich frisiert, in hellem etwas ab-
794 3501 4054 3761 getragenen Sommerkleid, vor dem Schrank, der offen steht; sie mustert
820 3666 4158 3929 die drin hängenden Kleidungsstücke, betastet eines und das andere, dann
820 3825 4287 4071 geht sie zur Kommode, nimmt das dort liegende kleine Gebetbuch, schlägt es
833 3981 4128 4231 auf, vergewissert sich, dass das Gesuchte noch vorhanden, geht mit dem
838 4067 4261 4369 Gebetbuch zum Schrank, legt es auf den Boden des Schrankes, schüttelt den
842 4296 4128 4546 Kopf, nimmt das Gebetbuch, geht damit zur Kommode, öffnet die unterste
859 4438 4270 4715 Lade, wählt darin, gibt das Gebetbuch hinein, nimmt es wieder heraus, und
855 4663 2949 4922 schlägt es auf. Jetzt klopft es an die Tür.)
859 4741 4067 5060 Elisa: (schrickt zusammen) Wie? Ja! Gleich! - Bist du's Karl? Ich
