3544 4152
204 233 1681 493 auf mit mit gedachter
907 412 1697 617 Øerl. Güst.
192 462 872 695 erschießen. Z
173 604 1633 821 Aus is... It ist nicht
198 749 1714 1004 um nach. Schon recht. A/phin
225 932 1669 1186 reichel.. Also fahre meinig
233 1089 1695 1347 in pah ook se un... . gibt
217 1289 1658 1551 kam auswäng zu zullen.
243 1477 1609 1683 Noms?  in der weisser
227 1609 1691 1935 wohl alle. Da mir soll ich Ihn
301 1763 1706 2128 Herrn - manchmal - wärch
274 1996 1741 2337 nicht besin, woude er die werle
248 2159 1768 2559 sich in San, weil i sind, je-il
528 2417 1734 2745 je nicht. ich ihn mein.
260 2576 1842 2986 ehe Urten. Diese noch
276 2570 549 2749 nil by
1536 2768 1772 2945 . I
334 2817 1516 3166 der ich alle Tag treff,
316 2997 1844 3362 in d hahit. näm. samt
297 3230 1718 3568 deaihls! I sent to from last
340 3446 1689 3774 in fort.. fort..  er all
332 3704 1784 3972 wart der Schwandten.  J waren
