3512 4120
396 279 1581 538 Mai et elle
286 465 1611 740 so... Mes kommt die i præte.
232 705 1492 937 so nicht.  Die sollentrücke
173 874 1581 1166 Kleip mit ich mich... also
188 1075 1546 1401 nommé. Moi chur? Un 3
273 1330 1611 1607 le mallet. Il soit mari¬
257 1503 1689 1806 noch etc. u.  Kries mir ich
255 1752 1668 1994 letonil. a they. 2. à 5in
385 1920 1553 2228 Pold .   ƒ   in   Kajahl
272 2074 392 2232 r
292 2139 1802 2455 soll at Schreib man thesas or
335 2360 1756 2656 Je i. nis, in kein, i/k nach
307 2558 1674 2835 wail when I had all ich
342 2710 1830 3062 Nachricht - Al hin in wird
335 2948 1726 3288 nicht so wert thun. An
445 3182 1828 3441 - Schip. der armen will
368 3368 1761 3709 bouly I was [illegible]
411 3618 1747 3856 Cult - kosten bei ich in
1356 3804 1600 3956 lich
976 3813 1308 3990 bekandt
422 3854 837 4006 but in
