3560 4120
216 195 1610 440 abermall da ist h Besch
228 315 1678 568 müsse ich kann ihr an die Koff
226 487 1765 722 hann - in Tarokjutia - febr.
220 638 1787 845 nur nicht nur gehabt mit einander
364 794 1586 1026 let at Juffam dahin
239 932 1752 1183 I am... Mr. Will. etc.  C. Cap
234 1179 839 1323 ich müssen.
239 1228 1734 1487 Alſe dreib. un schön still.
222 1372 1717 1592 is Moded in a partout ih d jat
272 1547 1779 1787 noch - schwach ihr dass der Not¬
239 1728 1732 1950 wel schick ihn sie Regiment.
220 1861 1783 2071 Alds. Sie thun im Cair, ich
259 2026 1711 2275 will the die lern with
241 2195 1715 2419 in soin + dH ux ata di mn
265 2349 1775 2608 Aus! - hab d. Ehr. Herr Leib¬
267 2583 644 2742 nerl...
298 2707 1687 2910 Todlenklass. Mär. im Geschäf¬
313 2882 1769 3056 d Melländor. Wa gehört
333 3038 1720 3196 momant.. Je n'en soll
311 3178 1756 3435 das bl ich mir zuhalten lass.
311 3390 1722 3608 Nerl i. ekrigt ist & n'est
309 3567 1752 3778 gleif fall up. J. at in f-
1405 3745 1703 3941 peut
327 3750 1162 3959 will - he it of
1216 3799 1302 3941 1
