3560 4120
212 224 1763 441 Verflucht habe! Verflicht lerunter!
201 386 1645 622 Verflück kopasten   .   2   in
159 510 1714 742 wll ich die Thüre haer. Auch
216 657 1511 879 a konk. In Mission
1539 610 1657 797 G.
187 813 1661 1045 w soll ich h lh ich mit
628 946 1710 1214 in omschrift. al. er ein
185 1078 559 1220 meptem
187 1104 1714 1440 Hht meinen: Ob Achtb. den
216 1304 1647 1572 Kullen. Da ich Kommand
230 1476 1680 1761 twee bleib nicht gehen.
264 1645 1767 1910 in this - ja - - stol - t
277 1847 1779 2115 Konntag – die Reichschselche
354 2021 1753 2296 wie allert es in durch
273 2208 1790 2422 I am of ai nt an
279 2394 1781 2611 erscholten zu erheilen.
281 2581 1727 2796 all hab subst: Raicht hat
283 2794 1751 3077 angesebt. - J. ab mit
293 2998 1619 3217 dmahl enteht im nicht
305 3185 1785 3398 Das ihr gef. Schwerf -.
283 3362 1775 3604 in hin. die ein Angst so
317 3589 1899 3854 Kond uch Schoffenheit
437 3793 2001 3984 also da p ogel: un amitié
