3528 4120
231 256 1719 473 nur ich nicht   Sont hin ich der
225 440 1694 682 nicht sie. Ab freilich - so an¬
250 641 1532 889 Unfant zu schlechten kann,
746 828 1594 1057 kopfky. Cme
178 885 756 1092 verflieht
199 1077 1721 1327 Edle billinplich schon is gesetzt.
266 1284 1731 1614 ichke nicht verkürn. Wenn
236 1485 1743 1743 well. Woy komm dn Suke
301 1749 1711 1973 Deul..  glokkeit herstl.
279 1934 1727 2278 Der hat dit an die Zeit
309 2198 1684 2495 gouvernet... hieve
307 2378 1844 2692 gens Schmölz. Meinberamter
279 2700 1856 2942 bin ist. Ich sollt ihr unter
371 2899 1797 3165 an - aber es ist zu spät, ein
348 3132 1876 3474 so of ordin, so ist
381 3351 1952 3673 erst nach. ist es schiedleste
432 3630 1881 3876 So d seh iit neuf auf das
