3736 4296
3093 379 3230 530 27
1049 707 3269 852 Marcusplatz ein reizendes Mädchen. Sie hat zwar
1051 838 3112 987 Eltern, aber uns schreckt das doch nicht ab,
1065 964 2994 1161 setzte er mit grossem Selbstgefühl hinzu.
1088 1096 3339 1321 "Wenn ich Dir sage ich will sie und nur sie, die
1074 1293 3233 1452 herzige, kleine Florentina — und ich will sie,
1077 1441 2010 1635 ich muss sie haben!"
1085 1612 3188 1750 "Dann kenn ich ein Mädchen," sprach Fernando,
1079 1716 3297 1912 ohne sich stören zu lassen weiter, "blond, blau
1077 1881 3165 2050 e Augen, ein herrliches weisses Gesicht, ich
1079 2024 2515 2223 glaub sie tst eine Deutsche. "
1088 2198 3294 2408 "Schwetg mir davon, sprach Graf Leonado ärger
1071 2341 2392 2543 lich, "ich will Florentina."
1093 2515 3308 2678 "Nun Herr, wenn Ihr Euch anders nicht zufrieden
1082 2638 3216 2877 geben wollt, so suchen wir sie - natürlich in
1082 2832 1820 3008 Venedig nicht.
1088 2916 3207 3115 "Wohin Du wollst," sprach derGraf, "wohin die
1074 3121 3118 3286 betden am wahrsche Inlichsten geflohen sind.
1085 3244 3342 3460 "Am wahrscheinlichsten...wenn wir so weit wären.
1093 3407 3258 3586 "Das ist zum verweifeln. Ich weiss nicht, wie
