3704 4248
3036 472 3130 742 5
1065 824 3259 1068 der Anbruch des Winters schien nicht mehr fern.
1047 959 3344 1226 Aber am Himmel leuchteten noch die Sterne freund¬
1030 1135 3289 1361 lich und die Luft war feucht, rein und tiefblau.
1631 1288 3248 1511 Ich stand am offenen Fenster. Mit¬
1021 1414 3327 1652 ternacht war vorüber und ich schaute gedankenvoll
1000 1572 3303 1810 hinaus auf die träumende Erde. Vor meinem Fenster
1000 1746 3233 1957 streckte sich weithin eine Wiese aus. Hügel und
989 1907 3315 2095 Berge regten hinauf in die nächtliche Luft, durch
974 2030 3248 2253 den nahen Wald zog der kühle Herbstwind, wie mit
971 2194 2241 2347 leisen Gespensterschritten.
956 2338 3204 2538 Als ich so dastand, hinausgelehnt über die Fen
953 2488 3300 2711 sterlehne, hörte ich plötzlich Schritte unter mir.
930 2637 3295 2852 Eine schwarz gekleidete Mädchengestalt huschte un¬
936 2790 3160 3028 ter meinem Fenster vorüber. Was sah tohr, as war
930 2969 3119 3183 derselbe Buchs, es war derselbe Gang, es waren
921 3075 3210 3339 Ihre goldblonden Haare — ich hatte mich nicht ge-
912 3262 3092 3474 täuscht! Es war Sophie! Mein Entschluss war im
901 3432 3119 3658 selben Augenblick gefasst. Sobald Sophie einige
883 3559 3124 3796 Schritte weitergegangen war, sprang ich aus mei¬
