3752 4264
3122 472 3275 664 24
1797 811 2087 1003 IV
759 1205 1046 1455 25/Vn
1969 1414 3372 1576 Am nächsten Tage sah ich mich
1052 1552 3344 1788 in Venedig. Hier dachte ich, kann mirs nicht feh
1038 1731 3183 1946 len endlich Sophie zu finden und im Vertrauen
1046 1923 3289 2093 darauf, durchstreifte ich die Stadt stundenlang
1046 1998 3272 2271 um nur eine Spur von der Geliebten aufzufinden.
1049 2231 3335 2404 Aber vergebens. Ich, war schon mehrere Tage in Ve
1046 2352 3358 2567 nedig gewesen, aber ich hatte noch nicht den lei
1067 2521 3341 2728 sesten Anhaltspunkt, der mir zu einer Entdeckung
1058 2680 2386 2823 Sophies hätte helfen können.
1049 2786 3160 3013 Eines Tages stieg ich in eine Gondel ein, um
1064 2958 3252 3140 mich herumführen zu lassen. In demselben Fahr
1064 3114 3295 3318 zeug befanden sich zwei andre Männer, von denen
1064 3254 3292 3441 aber der eine an Rang über dem andern zu stehen
1070 3436 3254 3602 schten. Ersterer hatte ein bleiches, langes Ge
1067 3582 3289 3735 sicht; aus dem zwei schwarze Augen blickten. Er
