3736 4184
3072 506 3203 616 40
1026 720 3286 922 stalt vor mir, eine schöne, schlanke Mädchenge -
1029 940 3262 1091 statt und ihre schwarzen Augen schienen die ein
1032 1112 3298 1234 zigen Lichter, die die finstere Nacht erhellten.
3218 1270 3331 1418 G.F.P.
1038 1264 3149 1439 Ihr seht sie hat mich zur Poesie begeistert."
1817 1398 3060 1561 " rief der Graf ungeduldig.
1059 1389 1784 1585 „Weiter, wetter,
1053 1540 3328 1683 "Gletch darauf sch ich Frederigo. Trotz der nun
1047 1701 3438 1862 kelheit erkannte ich ihn, denn seine Gestalt, sein
1038 1832 3235 2043 Wuchs und seine Grösse, lebten mir noch frisch
1053 2004 3363 2171 in der Erinnerung. Frederigo," rief ich aus, bist
1029 2174 1555 2334 Dus?”
1071 2308 3235 2477 "Ha, das ist die Stimme Fernandos." Er reichte
1044 2462 3399 2623 mir die Hand. “Sei mir gegrüsst,” sprach er, aber
1047 2593 2956 2766 was Teufel, führt Dich in diese Einöde?
1041 2780 3304 2935 Ich log ihm etwas von einer Reise vor, von etner
1050 2890 3268 3078 Verirrung und was der Sachen mehr sind. Und was
1059 3051 3277 3241 führt Dich, Teufel, in diese Einöde, fragte ich
1050 3244 3304 3393 zuletzt...und Ihr müsst wohlbemerken, Herr, wo
1059 3399 3274 3533 hin ich das Wort Teufel stellte. Er wich meinen
1050 3554 3420 3726 Fragen aus, dass er mit einem Mädchen herumstreif
