3720 4248
2987 431 3133 593 25
945 748 3139 927 verdient um Frederigo. Aber ich weiss es, Gott
962 898 3195 1056 lässt solche Sünden nicht unbestraft, die Hache
962 1085 2373 1241 des Himmels wird ihn treffen.“
965 1165 3277 1373 Wir gingen vom Kreuze weg. Als ich mich umwandte,
971 1370 3192 1549 sah ich einen jungen Tiroler, der mit einem aus
968 1470 3177 1699 Edelveiss geflochtenen Kranze auf das Kreuz zu
983 1663 3130 1854 ging. Er legte den Kranz auf das Grab und sah
986 1801 3295 2036 wehmütig darauf nieder. Es war wohl die Geliebte,
992 1960 3174 2165 der die Träne galt, die aus den Augen des Jüng
983 2103 3342 2288 lings auf den Kranz fiel, es war wohl die Geliebte,
1000 2256 3280 2467 die in diesem Grabe lag und der der unglückliche
995 2453 2115 2635 Jüngling nachweinte..
1781 2913 2840 3098 ........ * * *
