3736 4280
3053 480 3205 620 28
1021 783 3259 946 jener Italiener aussieht, wie er heisst, Floren
1035 969 3165 1129 1 tina kennt mich vielleicht nicht einmal, da
1041 1098 3302 1261 ich sie noch nie gesprochen. Wer bringt Rat, wen
1032 1261 3205 1401 hilft mir aus der Verzweiflung.! Wer mir jetzt
1035 1421 3228 1615 zu helfen weiss, ist mein bester, mein einziger
1032 1578 1452 1750 Freund. ”
1844 1672 3339 1878 sprach ich jetzt, "erlaubt, dass
1058 1707 1787 1910 "Graf Leonardo,
1043 1835 3259 2024 ich Euch gegenüber eine Vermutung aufrolle, die
1035 2021 3202 2224 Euch aus mancher Verlegenheit reissen könnte.
1032 2138 3239 2364 Zuerst war der Graf erstaunt. Dann aber rief er
1035 2278 3313 2481 mit dem Ausdruche voller Freude: "O sprecht, ich
1061 2473 2007 2667 bitte Euch sprecht!"
1063 2616 3365 2876 "Ich glaube," sprach ich, "jener Italiener heisst
1046 2779 1621 2962 Frederigo.“
1061 2913 2316 3122 "Frederigo!" rief Fernando.
1069 3073 2604 3262 "Du kennst ihn?” fragte der Graf.
1063 3248 3179 3413 “Ich habe ihn vor einem Jahr beiläufig kennen
1061 3362 3356 3596 gelernt," antwortete Fernando, "wenn es eben der
1055 3539 3276 3725 selbe ist, mit den schwarzen Haaren und dunkeln
