<?xml version="1.0" encoding="UTF-8" standalone="yes"?>
<PcGts xmlns="http://schema.primaresearch.org/PAGE/gts/pagecontent/2013-07-15" xmlns:xsi="http://www.w3.org/2001/XMLSchema-instance" xsi:schemaLocation="http://schema.primaresearch.org/PAGE/gts/pagecontent/2013-07-15 http://schema.primaresearch.org/PAGE/gts/pagecontent/2013-07-15/pagecontent.xsd">
    <Metadata>
        <Creator>prov=READ-COOP:name=TrHtr:version=2.1.0:model_id=51170:date=14_08_2023_17:28</Creator>
        <Created>2023-05-10T14:30:42.531+02:00</Created>
        <LastChange>2023-08-14T17:28:36.579+02:00</LastChange>
        <TranskribusMetadata docId="1428637" pageId="55420782" pageNr="20" tsid="132818698" status="IN_PROGRESS" userId="64420" imgUrl="https://files.transkribus.eu/Get?id=LBDQRFDOXAONMHBJISAOXYES&amp;fileType=view" xmlUrl="https://files.transkribus.eu/Get?id=CWCARMDRVDYTPIEEXZDTTDMJ" imageId="44694884"/>
    </Metadata>
    <Page imageFilename="1428637_0020.jpg" imageWidth="3720" imageHeight="4184">
        <ReadingOrder>
            <OrderedGroup id="ro_1711819570670" caption="Regions reading order">
                <RegionRefIndexed index="0" regionRef="tr_1"/>
            </OrderedGroup>
        </ReadingOrder>
        <TextRegion id="tr_1" custom="readingOrder {index:0;}">
            <Coords points="746,454 3405,454 3405,3540 746,3540"/>
            <TextLine id="tr_1_tl_1" custom="readingOrder {index:0;}">
                <Coords points="2834,598 2869,575 2912,589 2936,581 2962,552 3026,549 3072,578 3122,569 3075,314 2997,351 2936,343 2912,366 2796,389"/>
                <Baseline points="2832,504 2876,513 2921,522 2966,531 3011,537 3055,549 3100,555 3127,552"/>
                <TextEquiv>
                    <Unicode>G.C.Hae</Unicode>
                </TextEquiv>
            </TextLine>
            <TextLine id="tr_1_tl_2" custom="readingOrder {index:1;}">
                <Coords points="3116,662 3133,659 3156,679 3183,674 3194,682 3206,671 3212,677 3243,671 3232,424 3185,421 3162,444 3145,436 3124,450 3104,450"/>
                <Baseline points="3127,567 3172,572 3217,575 3243,570"/>
                <TextEquiv>
                    <Unicode>16</Unicode>
                </TextEquiv>
            </TextLine>
            <TextLine id="tr_1_tl_3" custom="readingOrder {index:2;}">
                <Coords points="1838,929 1876,950 1937,941 1957,961 2012,950 2050,970 2079,955 2099,973 2126,947 2146,952 2152,848 2097,833 2053,839 2004,810 1922,828 1896,851 1841,828"/>
                <Baseline points="1853,913 1889,910 1933,916 1978,913 2023,913 2068,910 2112,904 2157,895"/>
                <TextEquiv>
                    <Unicode>III</Unicode>
                </TextEquiv>
            </TextLine>
            <TextLine id="tr_1_tl_4" custom="readingOrder {index:3;}">
                <Coords points="2038,1548 3203,1551 3206,1434 3122,1417 2323,1440 2152,1426 2044,1362"/>
                <Baseline points="2056,1521 2094,1519 2139,1516 2184,1516 2229,1513 2274,1510 2318,1510 2363,1507 2408,1510 2453,1507 2497,1507 2542,1507 2587,1507 2632,1504 2676,1504 2721,1501 2766,1501 2811,1501 2855,1501 2900,1501 2945,1501 2990,1501 3035,1498 3079,1498 3124,1498 3169,1495 3214,1498"/>
                <TextEquiv>
                    <Unicode>Ich blieb nicht lange in</Unicode>
                </TextEquiv>
            </TextLine>
            <TextLine id="tr_1_tl_5" custom="readingOrder {index:4;}">
                <Coords points="726,1545 772,1559 801,1545 833,1583 865,1580 889,1562 915,1574 941,1568 952,1414 926,1408 854,1455 842,1449 822,1463 790,1463 772,1446 764,1455 735,1449"/>
                <Baseline points="746,1536 772,1539 817,1533 862,1530 907,1527 951,1521"/>
                <TextEquiv>
                    <Unicode>23 8/8</Unicode>
                </TextEquiv>
            </TextLine>
            <TextLine id="tr_1_tl_6" custom="readingOrder {index:5;}">
                <Coords points="1074,1763 3209,1684 3209,1585 2950,1562 1077,1609"/>
                <Baseline points="1092,1686 1110,1686 1154,1686 1199,1686 1244,1686 1289,1686 1333,1683 1378,1680 1423,1683 1468,1680 1513,1680 1557,1680 1602,1680 1647,1680 1692,1680 1736,1680 1781,1677 1826,1677 1871,1677 1915,1677 1960,1677 2005,1674 2050,1671 2094,1671 2139,1671 2184,1668 2229,1665 2274,1662 2318,1665 2363,1665 2408,1662 2453,1662 2497,1662 2542,1662 2587,1662 2632,1659 2676,1656 2721,1656 2766,1656 2811,1656 2855,1653 2900,1653 2945,1650 2990,1650 3035,1650 3079,1650 3124,1650 3169,1650 3214,1650"/>
                <TextEquiv>
                    <Unicode>dem tirolischen Dorf, der kalte Winter machte</Unicode>
                </TextEquiv>
            </TextLine>
            <TextLine id="tr_1_tl_7" custom="readingOrder {index:6;}">
                <Coords points="1071,1867 1551,1850 1789,1925 2056,1844 3296,1867 3296,1719 3069,1768 2625,1687 2184,1771 1074,1765"/>
                <Baseline points="1089,1838 1110,1838 1154,1838 1199,1838 1244,1835 1289,1835 1333,1835 1378,1835 1423,1832 1468,1832 1513,1832 1557,1829 1602,1829 1647,1829 1692,1829 1736,1826 1781,1826 1826,1826 1871,1826 1915,1823 1960,1826 2005,1826 2050,1823 2094,1823 2139,1820 2184,1820 2229,1817 2274,1817 2318,1817 2363,1814 2408,1814 2453,1817 2497,1814 2542,1814 2587,1814 2632,1811 2676,1811 2721,1811 2766,1808 2811,1808 2855,1808 2900,1805 2945,1805 2990,1805 3035,1805 3079,1805 3124,1802 3169,1802 3214,1799 3258,1799 3303,1796"/>
                <TextEquiv>
                    <Unicode>sich geltend und ich fasste den Entschluss nach</Unicode>
                </TextEquiv>
            </TextLine>
            <TextLine id="tr_1_tl_8" custom="readingOrder {index:7;}">
                <Coords points="1069,2006 1321,2038 1449,2001 1588,2024 1629,2062 1789,2018 1928,2062 1931,1908 1873,1896 1795,1925 1713,1885 1527,1925 1071,1911"/>
                <Baseline points="1086,1996 1089,1996 1134,1993 1178,1990 1223,1990 1268,1987 1313,1987 1357,1990 1402,1987 1447,1984 1492,1984 1536,1981 1581,1981 1626,1981 1671,1981 1715,1978 1760,1978 1805,1978 1850,1978 1895,1978 1939,1978"/>
                <TextEquiv>
                    <Unicode>Italien zu reisen.</Unicode>
                </TextEquiv>
            </TextLine>
            <TextLine id="tr_1_tl_9" custom="readingOrder {index:8;}">
                <Coords points="2628,2027 2651,2027 2663,2036 2683,2027 2698,2041 2709,2041 2730,2024 2744,2033 2761,2030 2764,1885 2744,1887 2732,1879 2712,1887 2695,1873 2674,1876 2657,1858 2631,1861"/>
                <Baseline points="2644,1990 2688,1993 2733,1990 2769,1990"/>
                <TextEquiv>
                    <Unicode>G.C.H.</Unicode>
                </TextEquiv>
            </TextLine>
            <TextLine id="tr_1_tl_10" custom="readingOrder {index:9;}">
                <Coords points="1066,2175 3220,2195 3296,2027 1069,2056"/>
                <Baseline points="1083,2142 1107,2145 1151,2142 1196,2142 1241,2139 1286,2139 1331,2139 1375,2139 1420,2136 1465,2136 1510,2136 1554,2133 1599,2133 1644,2133 1689,2133 1733,2130 1778,2130 1823,2130 1868,2130 1912,2130 1957,2127 2002,2124 2047,2124 2092,2124 2136,2121 2181,2121 2226,2121 2271,2121 2315,2121 2360,2121 2405,2118 2450,2121 2494,2118 2539,2118 2584,2115 2629,2115 2673,2112 2718,2112 2763,2112 2808,2112 2852,2112 2897,2106 2942,2106 2987,2106 3032,2103 3076,2100 3121,2100 3166,2100 3211,2097 3255,2097 3300,2097"/>
                <TextEquiv>
                    <Unicode>Soll ich von den Schönheiten Italiens erzählen!</Unicode>
                </TextEquiv>
            </TextLine>
            <TextLine id="tr_1_tl_11" custom="readingOrder {index:10;}">
                <Coords points="1066,2317 3212,2343 3400,2259 3403,2178 1066,2201"/>
                <Baseline points="1083,2294 1122,2291 1166,2288 1211,2288 1256,2285 1301,2285 1345,2285 1390,2282 1435,2282 1480,2280 1524,2280 1569,2280 1614,2280 1659,2277 1704,2280 1748,2280 1793,2280 1838,2277 1883,2277 1927,2274 1972,2277 2017,2277 2062,2274 2106,2271 2151,2271 2196,2271 2241,2271 2285,2268 2330,2268 2375,2268 2420,2268 2465,2268 2509,2268 2554,2268 2599,2265 2644,2265 2688,2265 2733,2265 2778,2265 2823,2265 2867,2265 2912,2262 2957,2259 3002,2259 3046,2256 3091,2253 3136,2253 3181,2253 3226,2250 3270,2250 3315,2247 3360,2250 3405,2247"/>
                <TextEquiv>
                    <Unicode>Ich hatte kein Auge dafür. Die grossartige Tracht</Unicode>
                </TextEquiv>
            </TextLine>
            <TextLine id="tr_1_tl_12" custom="readingOrder {index:11;}">
                <Coords points="1086,2457 1943,2526 2108,2436 2274,2503 3200,2494 3241,2349 1089,2378"/>
                <Baseline points="1104,2447 1145,2444 1190,2444 1235,2441 1280,2441 1325,2441 1369,2441 1414,2441 1459,2438 1504,2438 1548,2438 1593,2435 1638,2438 1683,2438 1727,2435 1772,2435 1817,2435 1862,2432 1906,2429 1951,2429 1996,2426 2041,2426 2086,2429 2130,2429 2175,2426 2220,2426 2265,2426 2309,2426 2354,2426 2399,2426 2444,2423 2488,2423 2533,2423 2578,2420 2623,2420 2667,2423 2712,2420 2757,2420 2802,2417 2847,2417 2891,2414 2936,2414 2981,2411 3026,2411 3070,2411 3115,2408 3160,2402 3205,2396 3249,2393"/>
                <TextEquiv>
                    <Unicode>der Natur schwand beinahe spurlos an mir vor -</Unicode>
                </TextEquiv>
            </TextLine>
            <TextLine id="tr_1_tl_13" custom="readingOrder {index:12;}">
                <Coords points="1083,2634 2982,2677 3345,2608 3348,2515 1086,2497"/>
                <Baseline points="1098,2602 1113,2605 1157,2602 1202,2602 1247,2602 1292,2602 1336,2599 1381,2599 1426,2602 1471,2602 1516,2599 1560,2599 1605,2596 1650,2599 1695,2596 1739,2596 1784,2593 1829,2593 1874,2593 1918,2593 1963,2587 2008,2587 2053,2587 2097,2587 2142,2584 2187,2587 2232,2587 2277,2587 2321,2584 2366,2584 2411,2581 2456,2581 2500,2578 2545,2578 2590,2578 2635,2575 2679,2575 2724,2575 2769,2572 2814,2572 2858,2572 2903,2569 2948,2572 2993,2572 3038,2572 3082,2569 3127,2569 3172,2566 3217,2563 3261,2560 3306,2554 3351,2548"/>
                <TextEquiv>
                    <Unicode>über, ohne in mir lebhafte Eindrücke zu hinter -</Unicode>
                </TextEquiv>
            </TextLine>
            <TextLine id="tr_1_tl_14" custom="readingOrder {index:13;}">
                <Coords points="1077,2788 1193,2799 1237,2788 1281,2808 1327,2761 1368,2785 1437,2770 1437,2666 1397,2669 1307,2634 1231,2680 1179,2648 1121,2671 1080,2654"/>
                <Baseline points="1092,2751 1137,2751 1181,2751 1226,2751 1271,2751 1316,2751 1360,2751 1405,2748 1441,2751"/>
                <TextEquiv>
                    <Unicode>lassen.</Unicode>
                </TextEquiv>
            </TextLine>
            <TextLine id="tr_1_tl_15" custom="readingOrder {index:14;}">
                <Coords points="1069,2924 2878,2956 3392,2895 3394,2782 1071,2788"/>
                <Baseline points="1086,2903 1116,2903 1160,2903 1205,2903 1250,2903 1295,2903 1339,2903 1384,2900 1429,2900 1474,2900 1519,2897 1563,2897 1608,2897 1653,2897 1698,2897 1742,2894 1787,2894 1832,2894 1877,2894 1921,2894 1966,2891 2011,2891 2056,2891 2100,2888 2145,2891 2190,2888 2235,2888 2280,2885 2324,2885 2369,2885 2414,2885 2459,2882 2503,2882 2548,2882 2593,2882 2638,2882 2682,2879 2727,2879 2772,2876 2817,2876 2861,2876 2906,2876 2951,2873 2996,2873 3041,2873 3085,2873 3130,2873 3175,2873 3220,2873 3264,2870 3309,2873 3354,2870 3399,2870"/>
                <TextEquiv>
                    <Unicode>Eines Abends ham ich in einem italienischen Dorfe</Unicode>
                </TextEquiv>
            </TextLine>
            <TextLine id="tr_1_tl_16" custom="readingOrder {index:15;}">
                <Coords points="1095,3116 2036,3058 2994,3113 3360,3043 3360,2944 2971,2933 1098,2985"/>
                <Baseline points="1110,3064 1125,3061 1169,3061 1214,3064 1259,3061 1304,3061 1348,3058 1393,3061 1438,3058 1483,3058 1527,3055 1572,3055 1617,3052 1662,3052 1707,3055 1751,3052 1796,3052 1841,3049 1886,3049 1930,3049 1975,3049 2020,3049 2065,3046 2109,3046 2154,3046 2199,3046 2244,3046 2288,3046 2333,3043 2378,3043 2423,3043 2468,3041 2512,3041 2557,3041 2602,3038 2647,3041 2691,3038 2736,3038 2781,3038 2826,3035 2870,3035 2915,3035 2960,3035 3005,3035 3049,3032 3094,3029 3139,3029 3184,3029 3229,3029 3273,3029 3318,3026 3363,3029"/>
                <TextEquiv>
                    <Unicode>an. Es war vielleicht ein Monat, nachdem ich aus</Unicode>
                </TextEquiv>
            </TextLine>
            <TextLine id="tr_1_tl_17" custom="readingOrder {index:16;}">
                <Coords points="1089,3246 3046,3255 3177,3232 3180,3133 1092,3116"/>
                <Baseline points="1104,3232 1122,3229 1166,3226 1211,3223 1256,3220 1301,3220 1345,3220 1390,3217 1435,3217 1480,3217 1524,3217 1569,3217 1614,3214 1659,3214 1704,3214 1748,3211 1793,3211 1838,3211 1883,3208 1927,3208 1972,3208 2017,3205 2062,3208 2106,3208 2151,3205 2196,3205 2241,3205 2285,3202 2330,3202 2375,3202 2420,3199 2465,3199 2509,3199 2554,3196 2599,3196 2644,3196 2688,3196 2733,3193 2778,3193 2823,3190 2867,3193 2912,3190 2957,3187 3002,3187 3046,3184 3091,3184 3136,3181 3181,3181"/>
                <TextEquiv>
                    <Unicode>jenem Dorfe fortgezogen war. Ich ging in eine</Unicode>
                </TextEquiv>
            </TextLine>
            <TextLine id="tr_1_tl_18" custom="readingOrder {index:17;}">
                <Coords points="1086,3386 2201,3421 2602,3357 2849,3421 3267,3371 3267,3284 1086,3296"/>
                <Baseline points="1101,3381 1125,3381 1169,3378 1214,3375 1259,3375 1304,3375 1348,3375 1393,3369 1438,3369 1483,3372 1527,3372 1572,3369 1617,3369 1662,3369 1707,3369 1751,3366 1796,3366 1841,3363 1886,3363 1930,3363 1975,3360 2020,3360 2065,3357 2109,3360 2154,3360 2199,3357 2244,3357 2288,3357 2333,3357 2378,3357 2423,3354 2468,3354 2512,3354 2557,3354 2602,3354 2647,3354 2691,3351 2736,3351 2781,3351 2826,3348 2870,3348 2915,3348 2960,3345 3005,3345 3049,3345 3094,3342 3139,3342 3184,3339 3229,3339 3273,3330"/>
                <TextEquiv>
                    <Unicode>Schenke und ich darf wohl sagen, in eine elen</Unicode>
                </TextEquiv>
            </TextLine>
            <TextLine id="tr_1_tl_19" custom="readingOrder {index:18;}">
                <Coords points="1098,3537 1310,3615 1780,3545 2009,3635 2265,3522 3258,3563 3261,3412 1098,3432"/>
                <Baseline points="1113,3527 1119,3527 1163,3527 1208,3527 1253,3530 1298,3527 1342,3527 1387,3527 1432,3527 1477,3524 1521,3524 1566,3524 1611,3524 1656,3524 1701,3524 1745,3521 1790,3521 1835,3518 1880,3521 1924,3518 1969,3515 2014,3515 2059,3515 2103,3515 2148,3515 2193,3515 2238,3515 2282,3512 2327,3509 2372,3509 2417,3509 2462,3509 2506,3509 2551,3506 2596,3509 2641,3506 2685,3506 2730,3506 2775,3503 2820,3506 2864,3506 2909,3503 2954,3503 2999,3503 3043,3500 3088,3497 3133,3497 3178,3494 3223,3494 3267,3497"/>
                <TextEquiv>
                    <Unicode>de Schenke. Das Gastzimmer war rauchgeschwärzt</Unicode>
                </TextEquiv>
            </TextLine>
        </TextRegion>
    </Page>
</PcGts>
