3736 4200
2971 485 3119 638 53
1039 783 3290 969 totenbleich, thre Augen geschlossen, ihre Lippen
1036 917 3212 1131 waren weiss. Der Mond beleuchtete das fürchter
1024 1105 3191 1271 liche Schauspiel. Alles war totenstill. Hinter
1024 1242 3200 1425 mir hörte ich eine Stimme, die Stimme des elen
1027 1416 3148 1564 den, heimtücktschen Frederigo: "Ha, das war ver
1027 1552 3177 1732 dammt schlecht gezielt. Und es war die einzige
1021 1718 1381 1900 Ladung.
1015 1860 3145 2034 Aber dann, nachdem auch diese Stimme verhallt
1027 2037 3296 2185 war, nachdem min seinen Schritt nicht mehr hörte,
1015 2173 3334 2362 dann war es, als ob plötzlich ein etshalter Schau
1018 2327 3241 2481 er diese Erde, die weite Ebene, den weiten Wald
1013 2475 3307 2658 überzöge....es war eine drückende Stille, mir war
1013 2605 2286 2788 es, als hätte ich geträumt.
1001 2768 3188 2924 Nein, es war kein Traum. Hier vor mir lag leb -
1001 2924 3305 3113 los und kalt ihre schöne, schlanke Gestalt. O was
1001 3075 3334 3246 hätte ich darum gegeben wenn nur ein Laut aus die
1007 3191 3310 3351 sem Munde gedrungen wäre. Aber ihr Busen hob sich
1001 3368 3276 3508 nicht mehr, sie lag still und kalt da. Wie wahn
1001 3499 3217 3667 sinntg fiel ich an ihrer Seite nieder, ich küss
