3752 4200
3121 403 3256 524 46
1021 694 3144 897 Antlitz, manchmal vereint mit einem schwermil
1038 859 3215 1135 tigen Ausdruck, der aber bald verschuand, — es
1047 1041 3318 1227 war ein klarer, blauer Himmel, an dem zeitweilig
1056 1174 2421 1341 eine dunkle Wolke vorüberzog.
1053 1256 3321 1521 Es waren wenige Tage verflossen, als ich in spä
1071 1527 3250 1674 ter Abendstunde vom Schloss des Grafen aus, am
1059 1627 3382 1894 Ufer des Meeres nach Hause ging. Bild nachdem ich
1068 1771 3341 2041 das Schloss verlassen hatte, bemerkte ich hinter
1068 1909 3300 2171 mir eine Gestalt, die mir auf Schritt und Tritt
1088 2091 3294 2329 folgte. Es waren leise, fast unhörbare Schritte,
1082 2229 3444 2441 es war ein schneller, schwebender Gang. Nach allem
1082 2359 3432 2662 zu schliessen musste es ein weibliches Wesen sein.
1085 2529 3256 2803 das mir folgte. Bald hatte sie mich eingeholt.
1088 2688 3294 2879 Ich hatte mich nicht getäuscht. Es war ein müd
1103 2829 3288 3056 chen: es war Florentina. Sie stand mit mir am
1100 2985 3294 3253 Ufer des aufrauschenden Meeres; oben am Himmel
1112 3127 3300 3415 schwammen die Sterne, flimmernd im unendlichen
1109 3288 3385 3497 Lichtmeer. Es war ganz still. Die Stelle, an der
1121 3432 3435 3656 wir standen war selten besucht; hier war es still
