3752 4216
2964 455 3100 626 52
971 733 3060 962 Ort, woher das Geräusch kam.... und der Mond
979 933 3100 1142 beschien ein männliches Antlitz, — es war das
982 1087 3152 1310 Antlitz Frederigos. Auch bis hierher hatte der
982 1229 3277 1420 Dämon meines Lebens mich verfolgt, auch hier hat
991 1402 3297 1553 te er mich zu finden gewusst, dieser heimtücktsche
979 1539 3213 1756 Mensch, der mir meine schönsten Tage verbittert
991 1678 3213 1857 hatte. Schon hatte ich gemeint ich wäre befreit
991 1843 3257 2020 von ihm! Leerer Glauben, es war zu spät— Ich sah
1003 2005 3155 2164 es ein, er hatte es auf mich gemünzt. Ich sah,
994 2156 3016 2298 wie er eine Pistole aus dem Gürtel nahm...
1000 2295 3124 2457 plötzlich weiter ins Gebüsch zurückwich...er
1003 2457 3077 2614 zielte, ich mich einen Schritt zurück...der
1003 2573 3335 2767 Schuss war gefallen....ein lauter Aufschret durch
1003 2738 3138 2924 zitterte die nächtige Luft, zu meinen Füssen
1003 2895 3184 3132 lag Sophie, ein letzter sterbender Blick threr
1014 3234 3164 3399 Augen traf die meinen, sie wolle sich erheben,
1020 3378 3254 3558 machtlos senk sie zurück und ihr Blut überström
1023 3520 3144 3744 te die fahl beschienene Erde. Ihr Gesicht war
