3768 4312
2996 414 3141 556 32
763 1272 1079 1446 26 VII
2177 1352 3345 1550 Eine enge schmale Treppe
1071 1505 3295 1665 führte mich zu Sophions Zimmer. Die Tür war nur
1071 1653 3301 1848 schwach angelehnt und ichnöffnete sie in leicht
1079 1795 3262 1987 begreiflicher Aufregung. Im selben Augenbliche
1085 1946 3265 2156 trafen meine Augen Sophie, die das Gesicht mit
1091 2097 3315 2292 den Händen bedeckt, auf einem Sofa mehr lag als
1091 2260 3182 2434 sass. Mein Herz pochte laut, in meiner Brust
1091 2390 3469 2594 stürmten die widerstrebendsten Gefühle. Mein Blick
1091 2585 3312 2756 haftete glühend auf derGeliebten. Ich stand re
1109 2733 3295 2889 gungslos da und mir erschien das ganze wie ein
1100 2860 3236 3097 Traum. Plötzlich sch Sophie auf, ihre dunkel
1103 3020 3295 3191 blauen Augen erblickten mich — erkannten mich
1127 3191 3295 3345 der tiefste Schreck mischte sich mit dem freu
1115 3345 3440 3549 digsten Erstaunen Kurze Zett hatte sie gezögert,
