3752 4232
3178 383 3318 508 51
1148 621 1952 829 geirrt habe. - -
1140 742 3405 1006 Es war ein stiller Abend. Nach und nach begannen
1137 977 3265 1198 die Sterne zu leuchten. Sophie und ich gingen
1241 1154 3312 1348 stillschwetgend nebeneinander. Auf der einen
1137 1253 3352 1491 Seite war eine weithin ausgestreckte Ebene, auf
1148 1430 3344 1615 der andern ein dichter, hoher Wald. Die Minuten
1148 1566 3262 1746 vergingen. Der Mond beschien mit seinem fahlen
1125 1708 3428 1937 Licht die Ebene, bleiche Schatten warfen die hoh¬
1137 1908 3425 2047 en, majestätischen Bäume. Wie Geisterhauch durch
1122 2044 3451 2218 zitterte es die Luft. Unwillkürlich erinnerte ich
1125 2175 3326 2343 mich jener Nacht, da ich sie, die nun m meinen
1122 2320 3294 2482 Seite schritt, im Walde gesehen hatte, wie sie
1134 2465 3193 2636 allein im Dunkeln ging. Ich ach auf Sophie.
1111 2601 3329 2790 Auch sie hatte träumerisch die Augen auf die Er-
1134 2770 3292 2964 de geheftet, sie schien die Schatten der Bäume
1111 2935 3283 3106 zu suchen, die hin und her zitterten und ver -
1125 3112 1615 3260 schwan den.
1116 3199 3378 3428 Plötzlich hörte ich zwischen den Bäumen ein ge-
1122 3378 3428 3590 räusch. Eben fiel ein Strahl des Mondes auf jenen
