3368 4216
2617 464 2714 673 4
629 824 2839 1028 getan, als hätt ich bös und unheimlich geträumt
629 1013 2877 1155 und ich wachte wieder auf in einem liebeumdufte¬
611 1158 2992 1347 ten, grünen Zale. Ich hatte sie wieder. ich sprach
626 1314 2951 1480 mit ihr wie vor einem Jahre und ihre Augen strahl
638 1483 2797 1633 ten auf mein lange verlassenes, lange einsames
632 1619 2909 1760 Herz. Sie hatte in der Zeit, das ich sie nicht ge-
638 1757 2815 1926 sehen, mit ihren Eltern weite X Reisen gemacht
641 1947 2933 2103 und erst vor wenigen Tagen war sie zurückgekehrt.
641 2053 2865 2236 Genug, ich hatte sie und ich war glücklich. Sie
650 2245 2942 2375 sagte mir, wie schnell der Entschluss gefasst war
650 2398 2844 2564 zu reisen, so dass sie mir gar nichts davon sa-
656 2549 2998 2703 gen konnte und wie sie sich nach mir gesehnt habe.
647 2720 2936 2865 Es wurde Abend. Wir schieden. Morgen wollten wir.
647 2856 2068 3010 uns an der Quelle wiedersehen.
656 2986 2924 3149 Und wir sahen uns wieder! Oft und viel sahen wir
656 3143 2121 3344 uns.. und ich war glücklich....
656 3290 2871 3477 Es waren wohl zwei Wochen seit dem Tage unseres
668 3462 3031 3630 Wiedersehens verflossen. Es war eine ruhtge Herbst-
665 3627 2847 3822 nacht. Wohl wehte der Nachtwind schon kühl und
