<?xml version="1.0" encoding="UTF-8" standalone="yes"?>
<PcGts xmlns="http://schema.primaresearch.org/PAGE/gts/pagecontent/2013-07-15" xmlns:xsi="http://www.w3.org/2001/XMLSchema-instance" xsi:schemaLocation="http://schema.primaresearch.org/PAGE/gts/pagecontent/2013-07-15 http://schema.primaresearch.org/PAGE/gts/pagecontent/2013-07-15/pagecontent.xsd">
    <Metadata>
        <Creator>prov=READ-COOP:name=TrHtr:version=2.1.0:model_id=51170:date=14_08_2023_17:28</Creator>
        <Created>2023-05-10T14:30:47.208+02:00</Created>
        <LastChange>2023-08-14T17:28:45.669+02:00</LastChange>
        <TranskribusMetadata docId="1428637" pageId="55421019" pageNr="52" tsid="132818766" status="IN_PROGRESS" userId="64420" imgUrl="https://files.transkribus.eu/Get?id=PTNTPVQIWLUUUFBWNBUYZLBN&amp;fileType=view" xmlUrl="https://files.transkribus.eu/Get?id=WXLPOASPCUEYMBTBYGUBZTGG" imageId="44695101"/>
    </Metadata>
    <Page imageFilename="1428637_0052.jpg" imageWidth="3720" imageHeight="4200">
        <ReadingOrder>
            <OrderedGroup id="ro_1711819638360" caption="Regions reading order">
                <RegionRefIndexed index="0" regionRef="tr_2"/>
                <RegionRefIndexed index="1" regionRef="tr_1"/>
            </OrderedGroup>
        </ReadingOrder>
        <TextRegion id="tr_2" custom="readingOrder {index:0;}">
            <Coords points="1056,430 3417,430 3417,2030 1056,2030"/>
            <TextLine id="tr_2_tl_1" custom="readingOrder {index:0;}">
                <Coords points="3040,530 3099,530 3119,512 3160,524 3157,325 3122,337 3108,322 3102,325 3081,310 3067,313 3052,298 3037,298"/>
                <Baseline points="3056,480 3101,480 3146,480 3167,483"/>
                <TextEquiv>
                    <Unicode>47</Unicode>
                </TextEquiv>
            </TextLine>
            <TextLine id="tr_2_tl_2" custom="readingOrder {index:1;}">
                <Coords points="1053,837 1241,866 1337,843 1355,860 1440,819 1586,819 1586,752 1548,732 1533,746 1451,720 1402,746 1326,740 1279,758 1097,720 1053,732"/>
                <Baseline points="1071,808 1116,808 1161,805 1205,808 1250,805 1295,808 1340,805 1385,805 1429,805 1474,805 1519,805 1564,805 1594,808"/>
                <TextEquiv>
                    <Unicode>und einsam.</Unicode>
                </TextEquiv>
            </TextLine>
            <TextLine id="tr_2_tl_3" custom="readingOrder {index:2;}">
                <Coords points="1062,977 2871,939 3310,1010 3409,995 3412,813 1062,863"/>
                <Baseline points="1077,964 1089,961 1134,958 1179,961 1223,961 1268,961 1313,964 1358,961 1402,958 1447,958 1492,955 1537,955 1582,955 1626,952 1671,952 1716,952 1761,952 1805,949 1850,952 1895,955 1940,952 1985,949 2029,949 2074,949 2119,949 2164,949 2208,946 2253,943 2298,943 2343,940 2388,940 2432,940 2477,940 2522,940 2567,937 2611,940 2656,937 2701,937 2746,937 2791,937 2835,937 2880,937 2925,934 2970,931 3014,931 3059,928 3104,928 3149,928 3194,928 3238,928 3283,928 3328,928 3373,925 3417,928"/>
                <TextEquiv>
                    <Unicode>"Ihr, Florentina?" sagte ich erstaunt. "Was bringt</Unicode>
                </TextEquiv>
            </TextLine>
            <TextLine id="tr_2_tl_4" custom="readingOrder {index:3;}">
                <Coords points="1036,1147 1182,1115 1343,1150 1463,1115 1589,1159 1691,1144 1697,1012 1563,1021 1519,1048 1408,1018 1364,1039 1326,1012 1194,1015 1144,1042 1042,1015"/>
                <Baseline points="1056,1110 1074,1110 1119,1110 1164,1107 1208,1107 1253,1107 1298,1107 1343,1107 1388,1104 1432,1104 1477,1104 1522,1101 1567,1098 1611,1095 1656,1092 1701,1086"/>
                <TextEquiv>
                    <Unicode>Euch hieher?”</Unicode>
                </TextEquiv>
            </TextLine>
            <TextLine id="tr_2_tl_5" custom="readingOrder {index:4;}">
                <Coords points="1080,1296 3198,1273 3231,1165 2408,1185 1805,1097 1083,1179"/>
                <Baseline points="1095,1265 1134,1262 1179,1262 1223,1262 1268,1259 1313,1259 1358,1259 1402,1259 1447,1259 1492,1259 1537,1259 1582,1256 1626,1256 1671,1256 1716,1256 1761,1253 1805,1253 1850,1253 1895,1253 1940,1253 1985,1253 2029,1259 2074,1250 2119,1250 2164,1247 2208,1247 2253,1247 2298,1247 2343,1244 2388,1244 2432,1244 2477,1244 2522,1244 2567,1241 2611,1241 2656,1241 2701,1238 2746,1238 2791,1244 2835,1241 2880,1238 2925,1238 2970,1235 3014,1232 3059,1232 3104,1232 3149,1229 3194,1229 3238,1232"/>
                <TextEquiv>
                    <Unicode>"Eine ewige Unruhe," antwortete sie, "die mich</Unicode>
                </TextEquiv>
            </TextLine>
            <TextLine id="tr_2_tl_6" custom="readingOrder {index:5;}">
                <Coords points="1059,1481 1961,1405 2999,1434 3236,1405 3239,1320 2622,1267 2408,1340 1059,1334"/>
                <Baseline points="1074,1414 1095,1414 1140,1411 1185,1414 1229,1414 1274,1414 1319,1411 1364,1411 1408,1411 1453,1408 1498,1408 1543,1408 1588,1405 1632,1405 1677,1405 1722,1402 1767,1400 1811,1400 1856,1400 1901,1400 1946,1402 1991,1400 2035,1400 2080,1402 2125,1405 2170,1400 2214,1397 2259,1394 2304,1394 2349,1394 2394,1394 2438,1391 2483,1391 2528,1391 2573,1391 2617,1391 2662,1391 2707,1388 2752,1388 2797,1388 2841,1385 2886,1385 2931,1382 2976,1382 3020,1382 3065,1382 3110,1379 3155,1379 3200,1379 3244,1382"/>
                <TextEquiv>
                    <Unicode>ntrgend weilen lässt, - seit ich Euch gesehen.</Unicode>
                </TextEquiv>
            </TextLine>
            <TextLine id="tr_2_tl_7" custom="readingOrder {index:6;}">
                <Coords points="1080,1604 1250,1604 1326,1571 1484,1621 1612,1571 1665,1604 1791,1560 1899,1574 1899,1463 1762,1498 1642,1469 1528,1487 1378,1440 1296,1492 1235,1454 1083,1487"/>
                <Baseline points="1098,1570 1143,1561 1188,1564 1232,1564 1277,1567 1322,1564 1367,1561 1411,1561 1456,1561 1501,1561 1546,1561 1591,1561 1635,1561 1680,1558 1725,1555 1770,1555 1814,1555 1826,1552 1859,1546 1904,1546"/>
                <TextEquiv>
                    <Unicode>"Meinetwegen?!"</Unicode>
                </TextEquiv>
            </TextLine>
            <TextLine id="tr_2_tl_8" custom="readingOrder {index:7;}">
                <Coords points="1086,1767 3178,1744 3181,1615 1089,1609"/>
                <Baseline points="1101,1710 1125,1710 1170,1713 1214,1716 1259,1716 1304,1716 1349,1713 1394,1713 1438,1713 1483,1713 1528,1713 1573,1710 1617,1710 1662,1710 1707,1710 1752,1707 1797,1707 1841,1707 1886,1707 1931,1704 1976,1704 2020,1704 2065,1704 2110,1704 2155,1701 2200,1701 2244,1701 2289,1701 2334,1701 2379,1701 2423,1698 2468,1698 2513,1695 2558,1698 2602,1698 2647,1698 2692,1695 2737,1698 2782,1692 2826,1692 2871,1692 2916,1692 2961,1692 3005,1689 3050,1689 3095,1689 3140,1689 3185,1695"/>
                <TextEquiv>
                    <Unicode>"Ja, Detnembegen allein, Richard," sprach sie,</Unicode>
                </TextEquiv>
            </TextLine>
            <TextLine id="tr_2_tl_9" custom="readingOrder {index:8;}">
                <Coords points="1080,1873 3193,1899 3330,1858 3333,1718 2909,1785 1083,1767"/>
                <Baseline points="1095,1862 1098,1862 1143,1856 1188,1859 1232,1859 1277,1859 1322,1859 1367,1856 1411,1856 1456,1856 1501,1856 1546,1856 1591,1856 1635,1856 1680,1856 1725,1856 1770,1853 1814,1850 1859,1850 1904,1847 1949,1850 1994,1850 2038,1850 2083,1850 2128,1850 2173,1847 2217,1850 2262,1847 2307,1847 2352,1844 2397,1844 2441,1844 2486,1844 2531,1844 2576,1844 2620,1844 2665,1844 2710,1841 2755,1838 2800,1838 2844,1838 2889,1835 2934,1835 2979,1835 3023,1835 3068,1835 3113,1835 3158,1832 3202,1832 3247,1829 3292,1826 3337,1826"/>
                <TextEquiv>
                    <Unicode>"Deinetwegen allein. Richard, ich liebe Dich! Du</Unicode>
                </TextEquiv>
            </TextLine>
            <TextLine id="tr_2_tl_10" custom="readingOrder {index:9;}">
                <Coords points="1077,2031 2865,2045 3327,2004 3330,1925 1077,1925"/>
                <Baseline points="1092,2017 1095,2017 1140,2020 1185,2020 1229,2017 1274,2017 1319,2017 1364,2017 1408,2014 1453,2014 1498,2014 1543,2014 1588,2011 1632,2011 1677,2011 1722,2008 1767,2008 1811,2008 1856,2008 1901,2014 1946,2014 1991,2011 2035,2008 2080,2005 2125,2005 2170,2005 2214,2002 2259,2002 2304,2000 2349,2000 2394,2002 2438,2000 2483,2000 2528,2000 2573,2000 2617,2002 2662,2000 2707,2000 2752,1997 2797,1994 2841,1994 2886,1991 2931,1994 2976,1994 3020,1991 3065,1991 3110,1991 3155,1991 3200,1988 3244,1988 3289,1985 3334,1988"/>
                <TextEquiv>
                    <Unicode>antwortest nicht," rief sie aus. "Du liebst mich</Unicode>
                </TextEquiv>
            </TextLine>
        </TextRegion>
        <TextRegion id="tr_1" custom="readingOrder {index:1;}">
            <Coords points="1077,2117 3337,2117 3337,3854 1077,3854"/>
            <TextLine id="tr_1_tl_1" custom="readingOrder {index:0;}">
                <Coords points="1068,2259 1124,2256 1141,2242 1191,2247 1288,2206 1326,2206 1372,2233 1396,2224 1399,2095 1361,2098 1329,2083 1232,2101 1197,2086 1159,2107 1141,2089 1124,2098 1109,2083 1071,2081"/>
                <Baseline points="1086,2173 1131,2176 1176,2176 1220,2173 1265,2170 1310,2167 1355,2170 1400,2173 1405,2176"/>
                <TextEquiv>
                    <Unicode>nicht."</Unicode>
                </TextEquiv>
            </TextLine>
            <TextLine id="tr_1_tl_2" custom="readingOrder {index:1;}">
                <Coords points="1091,2347 2759,2350 3239,2309 3239,2242 1091,2250"/>
                <Baseline points="1107,2331 1143,2328 1188,2325 1232,2325 1277,2328 1322,2328 1367,2325 1411,2328 1456,2325 1501,2322 1546,2322 1591,2322 1635,2319 1680,2319 1725,2322 1770,2319 1814,2319 1859,2319 1904,2319 1949,2319 1994,2316 2038,2316 2083,2316 2128,2313 2173,2313 2217,2313 2262,2310 2307,2310 2352,2310 2397,2310 2441,2310 2486,2310 2531,2310 2576,2310 2620,2307 2665,2307 2710,2307 2755,2307 2800,2304 2844,2304 2889,2301 2934,2301 2979,2301 3023,2301 3068,2298 3113,2298 3158,2295 3202,2295 3247,2292"/>
                <TextEquiv>
                    <Unicode>"Nein, — Florentina, halte mich nicht für herz</Unicode>
                </TextEquiv>
            </TextLine>
            <TextLine id="tr_1_tl_3" custom="readingOrder {index:2;}">
                <Coords points="1083,2490 2926,2502 3231,2470 3234,2347 1086,2373"/>
                <Baseline points="1098,2477 1134,2480 1179,2480 1223,2480 1268,2480 1313,2480 1358,2480 1402,2480 1447,2480 1492,2480 1537,2477 1582,2477 1626,2474 1671,2474 1716,2474 1761,2471 1805,2471 1850,2471 1895,2471 1940,2471 1985,2468 2029,2468 2074,2468 2119,2468 2164,2468 2208,2468 2253,2465 2298,2465 2343,2465 2388,2465 2432,2462 2477,2462 2522,2462 2567,2459 2611,2459 2656,2459 2701,2459 2746,2459 2791,2456 2835,2456 2880,2453 2925,2453 2970,2453 3014,2453 3059,2450 3104,2450 3149,2450 3194,2447 3238,2444"/>
                <TextEquiv>
                    <Unicode>los, wenn ich Dir gestehe, dass ich Dich nicht</Unicode>
                </TextEquiv>
            </TextLine>
            <TextLine id="tr_1_tl_4" custom="readingOrder {index:3;}">
                <Coords points="1062,2666 3210,2625 3245,2484 1065,2560"/>
                <Baseline points="1077,2635 1104,2632 1149,2629 1194,2632 1238,2632 1283,2632 1328,2632 1373,2632 1417,2629 1462,2629 1507,2629 1552,2626 1597,2623 1641,2623 1686,2620 1731,2620 1776,2620 1820,2620 1865,2617 1910,2620 1955,2620 2000,2617 2044,2617 2089,2617 2134,2614 2179,2614 2223,2614 2268,2614 2313,2614 2358,2614 2402,2611 2447,2611 2492,2611 2537,2611 2582,2611 2626,2611 2671,2608 2716,2611 2761,2611 2805,2608 2850,2608 2895,2605 2940,2605 2985,2605 3029,2602 3074,2602 3119,2602 3164,2600 3208,2600 3253,2594"/>
                <TextEquiv>
                    <Unicode>liebe; es wäre bei weitem schlechter, wenn ich</Unicode>
                </TextEquiv>
            </TextLine>
            <TextLine id="tr_1_tl_5" custom="readingOrder {index:4;}">
                <Coords points="1068,2803 3225,2795 3225,2683 1068,2689"/>
                <Baseline points="1083,2794 1128,2791 1173,2791 1217,2788 1262,2788 1307,2788 1352,2788 1397,2785 1441,2785 1486,2785 1531,2785 1576,2782 1620,2782 1665,2779 1710,2779 1755,2779 1800,2779 1844,2779 1889,2779 1934,2776 1979,2776 2023,2776 2068,2776 2113,2773 2158,2773 2202,2773 2247,2770 2292,2770 2337,2770 2382,2770 2426,2770 2471,2767 2516,2767 2561,2764 2605,2764 2650,2764 2695,2764 2740,2764 2785,2764 2829,2764 2874,2764 2919,2761 2964,2761 3008,2758 3053,2758 3098,2758 3143,2758 3188,2758 3232,2764"/>
                <TextEquiv>
                    <Unicode>Dich täuschen und von einer Liebe reden würde,</Unicode>
                </TextEquiv>
            </TextLine>
            <TextLine id="tr_1_tl_6" custom="readingOrder {index:5;}">
                <Coords points="3102,2953 3131,2944 3154,2956 3172,2938 3190,2944 3225,2932 3257,2906 3266,2915 3280,2906 3307,2920 3310,2838 3280,2841 3228,2809 3201,2833 3160,2800 3105,2806"/>
                <Baseline points="3119,2901 3134,2901 3179,2904 3223,2901 3268,2901 3313,2898"/>
                <TextEquiv>
                    <Unicode>G.C.F.P.</Unicode>
                </TextEquiv>
            </TextLine>
            <TextLine id="tr_1_tl_7" custom="readingOrder {index:6;}">
                <Coords points="1074,2979 1156,3002 1255,2961 1686,2970 1721,2941 1852,2973 1949,2947 2010,2996 2168,2935 2171,2821 1905,2830 1849,2868 1791,2830 1451,2844 1405,2809 1311,2853 1077,2827"/>
                <Baseline points="1089,2940 1101,2946 1146,2943 1191,2943 1235,2943 1280,2943 1325,2943 1370,2940 1414,2940 1459,2940 1504,2937 1549,2937 1594,2937 1638,2937 1683,2937 1728,2937 1773,2940 1817,2937 1862,2934 1907,2934 1952,2931 1997,2928 2041,2928 2086,2922 2131,2922 2176,2916"/>
                <TextEquiv>
                    <Unicode>die ich nicht gefühlt."</Unicode>
                </TextEquiv>
            </TextLine>
            <TextLine id="tr_1_tl_8" custom="readingOrder {index:7;}">
                <Coords points="1071,3157 1958,3084 2189,3157 2400,3073 3307,3116 3330,2964 1074,2991"/>
                <Baseline points="1086,3095 1098,3098 1143,3098 1188,3095 1232,3095 1277,3092 1322,3092 1367,3089 1411,3089 1456,3089 1501,3089 1546,3086 1591,3089 1635,3086 1680,3086 1725,3086 1770,3086 1814,3086 1859,3086 1904,3086 1949,3086 1994,3083 2038,3080 2083,3077 2128,3077 2173,3074 2217,3074 2262,3074 2307,3074 2352,3071 2397,3071 2441,3068 2486,3068 2531,3065 2576,3065 2620,3065 2665,3062 2710,3062 2755,3062 2800,3062 2844,3062 2889,3062 2934,3059 2979,3059 3023,3059 3068,3056 3113,3056 3158,3056 3202,3056 3247,3053 3292,3053 3337,3050"/>
                <TextEquiv>
                    <Unicode>Jetzt bemerkte ich in einiger Entfernung von uns</Unicode>
                </TextEquiv>
            </TextLine>
            <TextLine id="tr_1_tl_9" custom="readingOrder {index:8;}">
                <Coords points="1080,3280 3081,3269 3330,3225 3333,3108 1083,3143"/>
                <Baseline points="1095,3241 1140,3241 1185,3241 1229,3241 1274,3241 1319,3241 1364,3238 1408,3238 1453,3235 1498,3235 1543,3235 1588,3235 1632,3235 1677,3232 1722,3232 1767,3232 1811,3232 1856,3232 1901,3229 1946,3229 1991,3229 2035,3229 2080,3229 2125,3226 2170,3223 2214,3223 2259,3223 2304,3223 2349,3223 2394,3220 2438,3220 2483,3217 2528,3217 2573,3217 2617,3217 2662,3217 2707,3214 2752,3214 2797,3214 2841,3214 2886,3214 2931,3214 2976,3211 3020,3211 3065,3211 3110,3211 3155,3211 3200,3208 3244,3208 3289,3208 3334,3211"/>
                <TextEquiv>
                    <Unicode>einen tief in seinen Mantel verhüllten Mann. An.</Unicode>
                </TextEquiv>
            </TextLine>
            <TextLine id="tr_1_tl_10" custom="readingOrder {index:9;}">
                <Coords points="1083,3447 3263,3394 3263,3313 3134,3272 1086,3301"/>
                <Baseline points="1098,3402 1119,3402 1164,3400 1208,3400 1253,3400 1298,3400 1343,3400 1388,3397 1432,3397 1477,3397 1522,3397 1567,3394 1611,3394 1656,3391 1701,3388 1746,3388 1791,3388 1835,3385 1880,3385 1925,3385 1970,3385 2014,3382 2059,3382 2104,3382 2149,3379 2194,3379 2238,3379 2283,3379 2328,3379 2373,3379 2417,3379 2462,3379 2507,3379 2552,3376 2597,3376 2641,3376 2686,3376 2731,3376 2776,3373 2820,3370 2865,3370 2910,3370 2955,3367 3000,3367 3044,3367 3089,3367 3134,3364 3179,3364 3223,3364 3268,3367"/>
                <TextEquiv>
                    <Unicode>seiner Gerösse und Haltung erkannte ich in ihm</Unicode>
                </TextEquiv>
            </TextLine>
            <TextLine id="tr_1_tl_11" custom="readingOrder {index:10;}">
                <Coords points="1071,3561 1829,3631 2104,3547 3277,3570 3298,3397 3108,3465 1074,3441"/>
                <Baseline points="1089,3555 1107,3555 1152,3555 1197,3552 1241,3552 1286,3552 1331,3552 1376,3552 1420,3552 1465,3552 1510,3552 1555,3552 1600,3546 1644,3546 1689,3546 1734,3546 1779,3543 1823,3543 1868,3543 1913,3540 1958,3540 2002,3540 2047,3540 2092,3540 2137,3537 2182,3534 2226,3537 2271,3537 2316,3534 2361,3534 2405,3534 2450,3534 2495,3531 2540,3531 2585,3534 2629,3531 2674,3534 2719,3531 2764,3528 2808,3528 2853,3525 2898,3525 2943,3525 2988,3522 3032,3522 3077,3522 3122,3522 3167,3522 3211,3519 3256,3519 3301,3519"/>
                <TextEquiv>
                    <Unicode>Frederigo. Sein Blick war auf uns gerichtet und</Unicode>
                </TextEquiv>
            </TextLine>
            <TextLine id="tr_1_tl_12" custom="readingOrder {index:11;}">
                <Coords points="2148,3854 2162,3854 2171,3863 2192,3851 2198,3857 2221,3857 2233,3869 2247,3869 2244,3754 2221,3757 2201,3746 2189,3749 2171,3746 2165,3740 2145,3743"/>
                <Baseline points="2164,3841 2208,3844 2253,3844"/>
                <TextEquiv>
                    <Unicode>G.P.</Unicode>
                </TextEquiv>
            </TextLine>
            <TextLine id="tr_1_tl_13" custom="readingOrder {index:12;}">
                <Coords points="1937,3877 1958,3880 1975,3863 1984,3866 1996,3857 2002,3863 2010,3857 2016,3863 2025,3854 2043,3854 2043,3708 2022,3710 2002,3722 1966,3708 1958,3699 1937,3699"/>
                <Baseline points="1952,3844 1997,3844 2041,3844 2050,3844"/>
                <TextEquiv>
                    <Unicode>G.H.F.P</Unicode>
                </TextEquiv>
            </TextLine>
        </TextRegion>
    </Page>
</PcGts>
