3736 4312
3100 359 3221 500 56
1096 670 2748 855 rentina auf einem Sophia liegen sah.
1120 820 2198 1005 "Ste schlüft sagte ich.
1137 908 3303 1137 "o Gott sei Dank, dass Ihr es sagt, nicht wahr,
1120 1126 1951 1314 sie schläft nur.
1108 1205 3415 1484 Ich sah ihn mit staunenden Blicken an. "Was meint
1108 1437 2181 1619 Ihr, Graf,“ fragte ich
1114 1590 3338 1751 Statt jeder Antwort führte er mich näher zu dem
1108 1699 3471 1928 Sopha und nun sah ich, dass Florentina sehr bleich
1123 1846 3241 2051 war, beinahe so bleich wie Sophie, da sie tot
1120 2057 3283 2198 auf der mondbeschienenen Fläche lag. Auch ihre
1111 2151 3244 2369 Lippen waren beiss und ihre Brust sohten stch
1120 2357 1843 2542 nicht zu heben.
1120 2457 3371 2657 Mit aufgeregtem Blick sah mich Graf Leonardo an.
1123 2651 3409 2807 Seine zitternden Hände hatten meinen Arm gefasst.
1126 2812 1978 3012 Ich sprach nichts.
1146 2924 3259 3180 “Sie schläft,“ sagte Leonado, "ntcht wahr sie
1126 3083 2765 3286 schläft....o sagt es noch einmal...“
1117 3227 3421 3500 Kurse Zeit hatte ich geschwiegen, dann sagte Ich:
1149 3435 2360 3606 "Ich glaube sie ist tot. “
2486 3497 2592 3753 P.S.
