3736 4312
3066 511 3202 682 58
1057 724 3423 1001 Nachdem ich geschlossen, blieb er still; er schien
1066 945 3273 1182 ganz ruhig zu sein, dann umspielte ein bitteres
1052 1087 2626 1261 Lächeln seinen Mund und er sagte;
1063 1208 3225 1400 "Nun begreif ichs." Dann trat er wieder zu der
1052 1376 3237 1586 Leiche hin. "O, sie war schön, sprach er. “Ge
1049 1560 3373 1725 steht es, sie war schön! Sie war es wert, geliebt
1049 1675 2706 1837 zu werden, nicht, sie war es wert?"
1069 1825 3249 2029 "Ste var schön," antwortete ich. Ich begretfe,
1037 1973 2106 2174 dass Ihr sie liebtet..
1046 2130 3172 2342 "Und warum muss das Schicksal so heimtückisch
1040 2280 3276 2517 sein," rief er plötzlich aus, mit einem strafen¬
1037 2490 3237 2691 den Blick gegen den Himmel. "Warum muss mir das
1028 2614 3252 2800 Geschick eben die entreissen, die ich unendlich
1019 2768 3394 2939 mehr liebte, als alles andere! Nun fühl ichs erst!
1013 2939 3196 3101 Er ergriff stürmisch meine Hand."O Ihr Glücklt
1019 3034 2348 3267 cher, Euch hat sie geliebt!"
1028 3234 3234 3420 "Ihr nennt mich glücklich,“ fragte ich ihn, mit
1010 3406 3296 3542 einem bittern Lächeln. "Sophie ist., tot! Graf Le¬
1010 3539 3258 3787 onardo, sie ist tot. Fredertqo hat ste getötet!"
