3736 4216
3146 532 3278 720 22
1052 764 3284 990 von den Gedanken, die in traumhafter Unklarheit
1049 969 3369 1113 vor mir hin und herschwankten. Das war eine tolle
1037 1125 3170 1328 Nacht, obwohl ich ganz allein war und einsam.
1031 1248 3246 1448 Aber mein Zimmer schien mir von Geistern bevöl
1052 1428 3231 1601 kert und mir schwindelte fast der Kopf vor den
1049 1589 2230 1724 gespensterhaften Träumen.
711 1674 940 1871 24/ Vb
1031 1698 3208 1895 Am nächsten Abend fand ich mich zur bestimmten
1037 1877 3170 2050 Sunde auf derselben Stelle ein. Ich erwartete
1037 2018 3258 2224 Frederigo mit Ungeduld und die Waffe zückte mir
1043 2227 3175 2353 in der Hand aus Begier Rache zu nehmen an dem
1040 2341 3296 2512 schändlichen Verräter, und wahrlich, es war mehr
1034 2514 3205 2682 die Liebe als die Eifersucht, welche mir jetzt
1019 2676 3240 2811 mein Herz durchglühte. Ich fühlte nicht so sehr
1019 2802 3293 3011 Eifersucht, dass ihm Sophie in die Ferne gefolgt
1013 2970 3296 3164 war, sondern mehr Mitleid über die Geliebte, die
1022 3108 2667 3290 der Elende so schändlich betrogen.
1016 3269 3378 3478 Ich wartete und wartete. Es war schon geraume Zeit
1025 3449 3287 3628 verflossen, dass ich dastand und Frederigos harr
1019 3572 3296 3772 te. Die Stunde, in der er sich einfinden sollte
