3736 4264
3031 461 3184 622 20
941 786 2827 967 verführt mit mir in die Welt zu ziehen."
964 907 3170 1068 "Hallo, das geht lustig," unterbrach ihn Antonto
967 1097 2487 1293 "und Du bist ihrer schon satt?"
962 1209 3236 1434 "Ach, Du wirst mich entschuldigen, wenn Du meine
938 1402 1911 1586 Italienerin stehst.“
979 1575 1943 1724 "Wo hast Du die le r?"
970 1707 3216 1888 "Aus Venedig mein Freund, dort hab ich auch So -
962 1883 1701 2038 phie verlassen.
967 2009 2412 2191 "Sophie hetsst Deine Deutsche?"
976 2136 3167 2323 "Meine Deutsche? Sie soll gehören wen sie will.
953 2286 3146 2510 Ich habe mit ihr abgeschlossen. Und jetzt kein
964 2473 1914 2634 Wort mehr von ihr.
976 2594 3239 2790 "Kein Wort. Jetzt hat die Italienerin Dein Herz
967 2781 2150 2962 gefangen. Nun Glück auf!"
999 2928 2006 3112 "Willst Du sie sehen?"
982 3054 3155 3247 "Mit Freuden. Obwohl ich Deinem Geschmaek ver-
970 3216 1318 3383 trau.“
953 3360 3149 3581 Die beiden standen auf und Antonio ging zuerst
964 3541 3276 3714 zur Türe hinaus. Als Frederigo ihm folgen wollte,
