3352 4184
2646 482 2789 608 65
748 795 2828 960 Kranz auf das Grab seines Mädchens legte, wo
759 955 2915 1123 ich zum erstenmal Frederigos Namen gehört. Ich
762 1117 2951 1288 ging wieder auf den Kirchhof. Derselbe Mann wie
764 1271 2867 1439 damals begleitete mich, aber er war zum Greis
784 1406 2915 1562 geworden. Auch den ehmaligen Jüngling, der den
748 1579 3002 1739 Kranz auf das Grab gelegt hatte, sah ich wieder.
750 1728 2870 1918 Er war zum Mann geworden, ja in seinen Haaren
759 1904 2906 2066 war schon manches graue zu sehen. Er war immer
776 2022 2895 2184 sehr ernst und zu mir sprach er kaum ein Wort.
1582 2187 2968 2366 Als ich zum zweitenmal in mei
762 2307 2895 2514 nem Leben auf dem Grabe dieses Mädchens stand,
756 2512 2864 2640 dieses Mädchens, das auch der Dämon Frederigo
750 2618 2873 2808 zugrunde gerichtet hatte, da sah ich plötzlich
756 2814 2960 2976 von fern einen Mann auf mich zukommen, der aber
764 2934 2954 3139 schon dem Greisenalter nahe stand. Als er näher
764 3105 2881 3293 trat sah ich, dass seine dunkeln Augen unstet
750 3214 2965 3413 hin und herirrten, seine tells schwarzen, teils
745 3377 2962 3592 grauen Haare verwirrt und unordentlich um seine
764 3562 2786 3749 faltenreiche Stirn fläterten, sein Gang ge¬
