3736 4184
3181 568 3314 710 42
1147 786 3373 946 mein Wohnsitz in Venedig wäre und wie glücklich
1144 952 3450 1103 der Zufall gewesen, der uns geradezu dazu geraten
1144 1073 3521 1245 hätte mit einander neue Freundschaft zu schliessen.
1129 1242 3441 1392 Das war es ungefähr! Und jetzt, Graf Leonardo,
1138 1392 3341 1573 so schloss der treue Diener, "will ich Euch die
1132 1525 3258 1667 Schenke zeigen, wo Ihr heute Nacht Florentin###
1138 1700 3376 1824 treffen werdet uid uo ich Frederigo treffen vor
1132 1839 3456 1995 de, um mit ihm, wie wirs beredet haben, die Nacht,
1123 1978 2823 2143 der Teufel weiss xo, zu verlungern!"
1135 2140 3474 2276 "Du bist ein ausserordentlicher Mensch," rief Le -
1126 2303 1638 2436 onardo aus.
1115 2400 3290 2587 Ohne sich dadurch im allergeringsten stören zu
1115 2578 3317 2726 lassen, fuhr Fernando ruhtg fort: “Aber zum Ver
1106 2723 3370 2882 lumpen braucht man Geld, teurer Herr," und seine
1109 2897 3234 3060 schlauen Bliche schielten verschmitzt auf die
1100 3030 3417 3178 Börse, die jetzt der Graf herauszog, um die Diens
1103 3210 3311 3376 te seines Dieners ihrem Werte nach zu beiohnen.
1091 3344 3373 3509 Und der Wert dieser Dienste für den Grafen stand
1091 3477 3323 3672 wohl für den Augenblick nicht im Zweifel. Hätte
