3752 4200
3083 526 3208 724 44
1911 788 2129 1004 VII
1952 1629 3296 1847 Es war gelungen. Noch in der
1070 1737 3316 1990 selben Nacht ging Leonardo zum bezeichneten Hau
1070 1952 3389 2080 se, das von seinem Palast nicht sehr entfernt war.
1050 2074 3383 2298 Fernando war mit Frederigo verabredeterweise fort
1059 2246 3281 2461 gegangen und dem Grafen stellte sich kein bedeu
1056 2350 3278 2598 tendes Hindernis entgegen. Mit zweten seinen Sie
1041 2502 3272 2757 ner schlich er die Treppe hinauf, die zu Floren
1047 2731 3249 2926 tinas Zimmer führte. Die Türe war verschlossen.
1038 2883 3191 3045 Schnell stiess er sie mit seinem Schwerte auf.
1027 3022 3179 3211 Florentina stand beim offenen Fenster. Sie be
1024 3112 3115 3360 merkte den Grafen nicht eher, als bis er sie
1004 3272 3287 3528 plötzlich bei der Hand fasste. Vor Schrecken war
1030 3493 3127 3610 sie verstummt. Kein Wort kam aus ihrem Munde.
1038 3584 3363 3819 "Ihr braucht nichts zu fürchten,“ sprach Leonardo,
