3720 4200
3074 545 3199 667 48
1084 766 3286 959 er stand unbeweglich wie eine Säule. Ueber Justiz-
1063 941 3378 1138 rentinas heitre Züge flog jene Wolke einer tiefen
1063 1108 3268 1293 Schwermut, die aber nicht wie immer gleich wie
1072 1266 3232 1472 der verschwand, sondern lange Zeit ihr schönes
1049 1439 2440 1623 Antlitz düster überschattete.
1049 1620 3193 1725 Das einzige Wort das sie sprach war "Richard,'
1066 1778 3312 1906 dabei heftete sie ihre schwarten Augen auf mich,
1060 1915 3330 2026 die teils mit unendlicher Liebe, tells mit einem
1060 2037 3300 2189 schwermütigen, strafenden Ausdruck an meinen ZU
1063 2180 2282 2350 gen hingen. Dann ging sie.
1046 2320 3315 2532 Mit langsamen Schritten ging sie am Ufer des wo
1060 2508 3455 2654 genden Meeres hin, in dessen hin und her spielenden
1060 2678 3440 2812 Wellen sich die Sterne zu tausenden brachen. Einmal
3315 2764 3408 2922 le
1054 2800 3321 2946 blieb sie stehen und sah eine Weile in die blaue
1057 2970 3294 3146 und wie von von unterirdischen Lichtern erleuch
1054 3110 3336 3268 tete Flut...In der weiten Luft regte sich nichts,
1060 3294 3324 3434 es war ganz ruhig. Endlich verlor ich auch Flo
1057 3396 3208 3616 rentina aus den Augen und ich war ganz einsam.
1034 3569 3253 3744 Jene männliche Gestalt, die ich früher gesehen,
1040 3717 3065 3893 war verschwunden. Kein Mensch war zu sehen.
