3672 4360
1004 576 3209 789 Ein Hauch des trüben Nebels, der die Welt mäch
1022 743 3067 919 tig einhüllt, ein ungelöstes, ewiges Rätsel,
1022 914 3297 1064 die Qual des Menschenlebens, ein unsicheres Jung
1013 1053 3215 1220 byron'sches Umhertasten, in der öden, lebendig-
1027 1212 3257 1382 toten Gruft des Lebens, ein gewisses Ahnen, dass
1027 1371 3272 1538 der Mensch mit seinen Leidenschaften, mit seinem
1019 1532 2982 1697 Glück mit seinem Unglück ein Irrtum in der
1010 1634 3184 1842 Schöpfung sei..flicht es sich einfach und er
1010 1822 2767 1952 hebend durch die schlichte Erzählung.
1004 1969 3082 2105 Den sce nischen Teil, des Ganzen bespreche ich
1022 2134 1629 2284 ein andermal.
2083 2267 2466 2420 Wechsel.
2488 2401 3255 2574 17. August 1876.
1007 2645 2957 2818 Ich würde, wäre die Novelle mein Kind sie
2298 2792 2415 2940 W.
1024 2775 1924 2985 "Frederigo" taufen.
1002 3118 1873 3286 Kritik der Kritik:
1004 3218 2968 3445 Schwülstig und verrückt im höchsten Grade.
1010 3419 2191 3595 Anmerkung des Verfassers.
