3736 4264
3086 432 3217 592 25
994 679 3223 938 war gross und schlank gewachsen. In seinem Gür
1000 911 3363 1065 tel hing ein kostbares, edelsteinbesetztes Schwert.
994 1068 3313 1202 Er hatte etwas in seinem Aussehen, was ihn gebte
1006 1205 3259 1369 terisch scheinen machte, kurz er sah aus, wie ein
991 1321 3196 1497 adeliger Wüstling. Der andre war etwas kleiner,
994 1542 3238 1640 aber auch nicht viel breiter und stärker als der
994 1628 3167 1798 erste. Sein Gesicht aber war nicht so lang und
988 1777 3205 1958 schmal. Seine Augen waren grau und eine gewisse
988 1935 3071 2101 Schlauheit lag in seinem ganzen Wesen. Seine
979 2083 3244 2259 Kleidung war beiweitem nicht so fein wie die, des
997 2301 3199 2417 ersten und ein einfaches Schwert hing an seiner
976 2384 3220 2583 Seite. Sein Haupt bedeckte ein einfaches,
997 2542 3220 2711 schwarzes Barett, während den erstern ein grün
997 2601 3384 2878 sammtenes Barett mit schwarzer Feder zierte. Diese
979 2908 3214 3045 zwei unterhielten sich mit einander, aber nicht
988 3057 3247 3208 so leise, als dass ich sie nicht hätte verstehen
973 3191 1336 3348 können.
1000 3265 3179 3485 "Blötzlich verschwunden?" sprach der feiner ge
976 3461 2952 3697 kleidete. "Fernando, es ist nicht möglich.
