<?xml version="1.0" encoding="UTF-8" standalone="yes"?>
<PcGts xmlns="http://schema.primaresearch.org/PAGE/gts/pagecontent/2013-07-15" xmlns:xsi="http://www.w3.org/2001/XMLSchema-instance" xsi:schemaLocation="http://schema.primaresearch.org/PAGE/gts/pagecontent/2013-07-15 http://schema.primaresearch.org/PAGE/gts/pagecontent/2013-07-15/pagecontent.xsd">
    <Metadata>
        <Creator>prov=READ-COOP:name=TrHtr:version=2.1.0:model_id=51170:date=14_08_2023_17:28</Creator>
        <Created>2023-05-10T14:30:49.466+02:00</Created>
        <LastChange>2023-08-14T17:28:50.288+02:00</LastChange>
        <TranskribusMetadata docId="1428637" pageId="55421115" pageNr="69" tsid="132818784" status="IN_PROGRESS" userId="64420" imgUrl="https://files.transkribus.eu/Get?id=UXEUTLKHMQMWBLLVIXPQIKFG&amp;fileType=view" xmlUrl="https://files.transkribus.eu/Get?id=KKUCHISKSBTWEQVTIGGINESE" imageId="44695197"/>
    </Metadata>
    <Page imageFilename="1428637_0069.jpg" imageWidth="3384" imageHeight="4184">
        <ReadingOrder>
            <OrderedGroup id="ro_1711819673959" caption="Regions reading order">
                <RegionRefIndexed index="0" regionRef="tr_1"/>
                <RegionRefIndexed index="1" regionRef="tr_2"/>
            </OrderedGroup>
        </ReadingOrder>
        <TextRegion id="tr_1" custom="readingOrder {index:0;}">
            <Coords points="665,520 2996,520 2996,2719 665,2719"/>
            <TextLine id="tr_1_tl_1" custom="readingOrder {index:0;}">
                <Coords points="2691,612 2709,612 2717,621 2726,618 2740,632 2755,635 2770,621 2784,624 2804,609 2828,609 2828,499 2807,496 2784,510 2749,508 2735,516 2717,513 2709,522 2691,519"/>
                <Baseline points="2706,572 2751,570 2796,570 2835,572"/>
                <TextEquiv>
                    <Unicode>64</Unicode>
                </TextEquiv>
            </TextLine>
            <TextLine id="tr_1_tl_2" custom="readingOrder {index:1;}">
                <Coords points="658,896 1015,963 1659,882 2964,951 2941,748 658,789"/>
                <Baseline points="674,886 689,883 734,883 778,880 823,883 868,883 913,883 957,883 1002,880 1047,880 1092,880 1137,880 1181,880 1226,877 1271,877 1316,874 1360,877 1405,877 1450,877 1495,877 1539,880 1584,880 1629,877 1674,877 1718,877 1763,880 1808,880 1853,877 1898,877 1942,880 1987,877 2032,874 2077,874 2121,874 2166,874 2211,874 2256,871 2300,874 2345,874 2390,874 2435,874 2479,874 2524,874 2569,871 2614,871 2659,868 2703,868 2748,868 2793,865 2838,865 2882,865 2927,865 2972,865"/>
                <TextEquiv>
                    <Unicode>heimliches Märchen. Und was nützten mir jetzt die</Unicode>
                </TextEquiv>
            </TextLine>
            <TextLine id="tr_1_tl_3" custom="readingOrder {index:2;}">
                <Coords points="652,1073 1151,1148 1778,1056 2053,1122 2926,1061 2845,934 652,954"/>
                <Baseline points="668,1041 692,1041 737,1041 781,1038 826,1038 871,1038 916,1035 960,1038 1005,1041 1050,1041 1095,1041 1140,1038 1184,1035 1229,1032 1274,1035 1319,1032 1363,1032 1408,1032 1453,1035 1498,1032 1542,1032 1587,1032 1632,1029 1677,1029 1721,1029 1766,1029 1811,1029 1856,1032 1901,1029 1945,1029 1990,1032 2035,1029 2080,1029 2124,1032 2169,1029 2214,1026 2259,1026 2303,1026 2348,1029 2393,1029 2438,1026 2482,1026 2527,1026 2572,1026 2617,1023 2662,1023 2706,1023 2751,1020 2796,1020 2841,1020 2885,1020 2930,1017"/>
                <TextEquiv>
                    <Unicode>Seufzer, die meiner Brust entstiegen. Ich konnte</Unicode>
                </TextEquiv>
            </TextLine>
            <TextLine id="tr_1_tl_4" custom="readingOrder {index:3;}">
                <Coords points="658,1247 2807,1221 2807,1140 2648,1096 1204,1143 661,1073"/>
                <Baseline points="674,1193 710,1193 755,1190 799,1190 844,1187 889,1190 934,1190 978,1190 1023,1190 1068,1190 1113,1190 1157,1190 1202,1187 1247,1187 1292,1187 1336,1187 1381,1187 1426,1190 1471,1190 1516,1187 1560,1187 1605,1187 1650,1187 1695,1187 1739,1187 1784,1184 1829,1184 1874,1187 1918,1184 1963,1184 2008,1184 2053,1184 2097,1184 2142,1184 2187,1184 2232,1181 2277,1181 2321,1178 2366,1178 2411,1178 2456,1178 2500,1178 2545,1178 2590,1175 2635,1175 2679,1172 2724,1172 2769,1163 2814,1160"/>
                <TextEquiv>
                    <Unicode>nicht von neuen jung werden, ich hatte ausge-</Unicode>
                </TextEquiv>
            </TextLine>
            <TextLine id="tr_1_tl_5" custom="readingOrder {index:4;}">
                <Coords points="658,1409 2596,1395 2932,1351 2932,1244 1177,1305 658,1247"/>
                <Baseline points="674,1342 698,1342 743,1339 787,1339 832,1342 877,1342 922,1342 966,1345 1011,1342 1056,1342 1101,1339 1145,1336 1190,1336 1235,1336 1280,1339 1325,1339 1369,1336 1414,1336 1459,1336 1504,1336 1548,1336 1593,1339 1638,1336 1683,1336 1727,1333 1772,1333 1817,1333 1862,1333 1906,1333 1951,1333 1996,1333 2041,1333 2086,1333 2130,1333 2175,1331 2220,1331 2265,1328 2309,1331 2354,1331 2399,1331 2444,1331 2488,1328 2533,1328 2578,1328 2623,1328 2667,1328 2712,1325 2757,1322 2802,1319 2847,1319 2891,1316 2936,1313"/>
                <TextEquiv>
                    <Unicode>lebt. Aber es war ein verlorenes Leben. Ein wind</Unicode>
                </TextEquiv>
            </TextLine>
            <TextLine id="tr_1_tl_6" custom="readingOrder {index:5;}">
                <Coords points="664,1552 2810,1554 2946,1534 2946,1404 664,1424"/>
                <Baseline points="680,1498 716,1495 760,1495 805,1495 850,1495 895,1498 940,1495 984,1495 1029,1495 1074,1495 1119,1495 1163,1495 1208,1492 1253,1492 1298,1486 1342,1486 1387,1486 1432,1489 1477,1489 1521,1489 1566,1489 1611,1489 1656,1489 1701,1489 1745,1489 1790,1489 1835,1486 1880,1489 1924,1483 1969,1486 2014,1486 2059,1486 2103,1486 2148,1486 2193,1486 2238,1483 2282,1483 2327,1483 2372,1480 2417,1480 2462,1480 2506,1477 2551,1477 2596,1477 2641,1477 2685,1477 2730,1477 2775,1477 2820,1474 2864,1474 2909,1474 2954,1471"/>
                <TextEquiv>
                    <Unicode>stoss war es gewesen, der mir mein Leben zugrunde</Unicode>
                </TextEquiv>
            </TextLine>
            <TextLine id="tr_1_tl_7" custom="readingOrder {index:6;}">
                <Coords points="667,1679 2500,1705 2833,1668 2836,1572 667,1589"/>
                <Baseline points="683,1659 692,1656 737,1653 781,1650 826,1647 871,1647 916,1647 960,1647 1005,1644 1050,1644 1095,1644 1140,1644 1184,1644 1229,1644 1274,1644 1319,1644 1363,1644 1408,1641 1453,1641 1498,1641 1542,1641 1587,1641 1632,1638 1677,1641 1721,1641 1766,1638 1811,1635 1856,1638 1901,1635 1945,1635 1990,1635 2035,1635 2080,1635 2124,1635 2169,1635 2214,1632 2259,1632 2303,1632 2348,1632 2393,1632 2438,1632 2482,1632 2527,1629 2572,1626 2617,1626 2662,1626 2706,1626 2751,1623 2796,1623 2841,1623"/>
                <TextEquiv>
                    <Unicode>gerichtet hatte. Wäre ich damals jenem Frederi</Unicode>
                </TextEquiv>
            </TextLine>
            <TextLine id="tr_1_tl_8" custom="readingOrder {index:7;}">
                <Coords points="658,1833 2903,1847 2906,1714 661,1743"/>
                <Baseline points="674,1808 719,1805 763,1799 808,1799 853,1799 898,1796 943,1796 987,1796 1032,1796 1077,1796 1122,1796 1166,1796 1211,1796 1256,1796 1301,1793 1345,1793 1390,1793 1435,1790 1480,1790 1524,1790 1569,1790 1614,1787 1659,1784 1704,1784 1748,1784 1793,1781 1838,1781 1883,1778 1927,1778 1972,1778 2017,1778 2062,1775 2106,1778 2151,1775 2196,1775 2241,1775 2285,1775 2330,1775 2375,1769 2420,1769 2465,1769 2509,1769 2554,1766 2599,1769 2644,1769 2688,1766 2733,1766 2778,1766 2823,1766 2867,1763 2912,1760"/>
                <TextEquiv>
                    <Unicode>go entgegen getreten und hätte Sophie aus seinen</Unicode>
                </TextEquiv>
            </TextLine>
            <TextLine id="tr_1_tl_9" custom="readingOrder {index:8;}">
                <Coords points="650,1955 1192,2039 2007,1972 2581,2016 2720,1946 2720,1870 2068,1830 650,1920"/>
                <Baseline points="665,1954 710,1951 755,1948 799,1948 844,1948 889,1948 934,1948 978,1948 1023,1942 1068,1945 1113,1945 1157,1945 1202,1945 1247,1945 1292,1945 1336,1948 1381,1948 1426,1945 1471,1942 1516,1945 1560,1942 1605,1942 1650,1942 1695,1942 1739,1942 1784,1942 1829,1942 1874,1939 1918,1936 1963,1936 2008,1933 2053,1933 2097,1936 2142,1936 2187,1936 2232,1933 2277,1933 2321,1930 2366,1930 2411,1930 2456,1927 2500,1930 2545,1927 2590,1927 2635,1927 2679,1930 2724,1930"/>
                <TextEquiv>
                    <Unicode>Armen gerissen, ich wäre glücklich geworden.</Unicode>
                </TextEquiv>
            </TextLine>
            <TextLine id="tr_1_tl_10" custom="readingOrder {index:9;}">
                <Coords points="650,2149 2648,2169 2770,2129 2772,1989 650,2059"/>
                <Baseline points="665,2109 674,2106 719,2106 763,2103 808,2103 853,2106 898,2106 943,2103 987,2103 1032,2103 1077,2100 1122,2100 1166,2100 1211,2097 1256,2100 1301,2097 1345,2100 1390,2100 1435,2100 1480,2100 1524,2094 1569,2094 1614,2094 1659,2097 1704,2092 1748,2094 1793,2092 1838,2094 1883,2094 1927,2092 1972,2092 2017,2092 2062,2089 2106,2092 2151,2089 2196,2086 2241,2086 2285,2089 2330,2086 2375,2086 2420,2086 2465,2086 2509,2083 2554,2083 2599,2083 2644,2080 2688,2080 2733,2080 2778,2080"/>
                <TextEquiv>
                    <Unicode>Auch auf ihrem Grgbe stand ich und ich weinte</Unicode>
                </TextEquiv>
            </TextLine>
            <TextLine id="tr_1_tl_11" custom="readingOrder {index:10;}">
                <Coords points="650,2282 2813,2306 2897,2276 2897,2163 650,2192"/>
                <Baseline points="665,2256 710,2253 755,2253 799,2253 844,2253 889,2253 934,2253 978,2253 1023,2250 1068,2250 1113,2250 1157,2250 1202,2247 1247,2244 1292,2247 1336,2244 1381,2244 1426,2241 1471,2241 1516,2241 1560,2238 1605,2238 1650,2235 1695,2235 1739,2235 1784,2235 1829,2235 1874,2235 1918,2235 1963,2232 2008,2232 2053,2232 2097,2232 2142,2232 2187,2232 2232,2232 2277,2229 2321,2229 2366,2232 2411,2232 2456,2229 2500,2229 2545,2229 2590,2229 2635,2229 2679,2229 2724,2226 2769,2226 2814,2223 2858,2223 2903,2223"/>
                <TextEquiv>
                    <Unicode>nicht. Keine Tränen verdunkelten mein Auge. Aber</Unicode>
                </TextEquiv>
            </TextLine>
            <TextLine id="tr_1_tl_12" custom="readingOrder {index:11;}">
                <Coords points="664,2419 1006,2485 1244,2427 2726,2471 2761,2282 664,2337"/>
                <Baseline points="680,2402 707,2405 752,2405 796,2405 841,2405 886,2402 931,2402 975,2402 1020,2402 1065,2399 1110,2402 1154,2402 1199,2399 1244,2396 1289,2396 1333,2396 1378,2396 1423,2396 1468,2396 1513,2396 1557,2396 1602,2393 1647,2393 1692,2393 1736,2390 1781,2390 1826,2396 1871,2390 1915,2390 1960,2390 2005,2390 2050,2390 2094,2390 2139,2387 2184,2387 2229,2384 2274,2384 2318,2381 2363,2381 2408,2378 2453,2378 2497,2375 2542,2375 2587,2375 2632,2372 2676,2372 2721,2375 2766,2378"/>
                <TextEquiv>
                    <Unicode>auf meiner Seele lastete es schwer und dumpf.</Unicode>
                </TextEquiv>
            </TextLine>
            <TextLine id="tr_1_tl_13" custom="readingOrder {index:12;}">
                <Coords points="652,2610 2604,2627 2729,2607 2729,2436 1151,2511 652,2462"/>
                <Baseline points="668,2539 677,2542 722,2548 766,2548 811,2548 856,2548 901,2545 946,2545 990,2542 1035,2545 1080,2545 1125,2545 1169,2542 1214,2542 1259,2542 1304,2542 1348,2539 1393,2539 1438,2539 1483,2539 1527,2539 1572,2539 1617,2539 1662,2539 1707,2536 1751,2539 1796,2539 1841,2539 1886,2539 1930,2536 1975,2533 2020,2533 2065,2533 2109,2536 2154,2536 2199,2536 2244,2536 2288,2536 2333,2536 2378,2530 2423,2530 2468,2530 2512,2530 2557,2527 2602,2527 2647,2527 2691,2527 2736,2530"/>
                <TextEquiv>
                    <Unicode>Und immer dieselben Worte waren es, die eine</Unicode>
                </TextEquiv>
            </TextLine>
            <TextLine id="tr_1_tl_14" custom="readingOrder {index:13;}">
                <Coords points="661,2726 925,2796 2854,2775 2993,2723 2996,2619 661,2659"/>
                <Baseline points="677,2706 713,2709 758,2706 802,2706 847,2703 892,2706 937,2706 981,2706 1026,2703 1071,2703 1116,2703 1160,2700 1205,2700 1250,2700 1295,2700 1339,2700 1384,2697 1429,2694 1474,2694 1519,2694 1563,2694 1608,2694 1653,2697 1698,2697 1742,2694 1787,2697 1832,2697 1877,2691 1921,2694 1966,2691 2011,2691 2056,2691 2100,2688 2145,2688 2190,2688 2235,2688 2280,2688 2324,2688 2369,2688 2414,2688 2459,2685 2503,2685 2548,2685 2593,2685 2638,2682 2682,2682 2727,2682 2772,2682 2817,2685 2861,2685 2906,2682 2951,2679 2996,2682"/>
                <TextEquiv>
                    <Unicode>innere Stimme mir zurief: ein verlorene Leben...</Unicode>
                </TextEquiv>
            </TextLine>
        </TextRegion>
        <TextRegion id="tr_2" custom="readingOrder {index:1;}">
            <Coords points="662,2785 2930,2785 2930,3650 662,3650"/>
            <TextLine id="tr_2_tl_1" custom="readingOrder {index:0;}">
                <Coords points="658,2900 844,2958 1090,2897 2630,2926 2868,2886 2871,2787 661,2764"/>
                <Baseline points="674,2864 683,2864 728,2864 772,2864 817,2864 862,2861 907,2861 951,2861 996,2861 1041,2861 1086,2861 1131,2858 1175,2861 1220,2858 1265,2858 1310,2855 1354,2858 1399,2858 1444,2855 1489,2855 1533,2852 1578,2852 1623,2852 1668,2852 1712,2852 1757,2850 1802,2850 1847,2852 1892,2850 1936,2850 1981,2847 2026,2850 2071,2847 2115,2847 2160,2847 2205,2847 2250,2847 2294,2847 2339,2844 2384,2844 2429,2850 2473,2847 2518,2847 2563,2847 2608,2844 2653,2841 2697,2841 2742,2841 2787,2841 2832,2841 2876,2835"/>
                <TextEquiv>
                    <Unicode>Und wenn man ein Leben verliert so holt es kein</Unicode>
                </TextEquiv>
            </TextLine>
            <TextLine id="tr_2_tl_2" custom="readingOrder {index:1;}">
                <Coords points="647,3065 1676,3033 2685,3115 2909,3091 2912,2891 650,2935"/>
                <Baseline points="662,3017 680,3014 725,3014 769,3011 814,3014 859,3014 904,3011 949,3011 993,3008 1038,3005 1083,3005 1128,3005 1172,3005 1217,3005 1262,3005 1307,3005 1351,3005 1396,3005 1441,3002 1486,3002 1530,3002 1575,2999 1620,2996 1665,2996 1710,2996 1754,2999 1799,2996 1844,2996 1889,2996 1933,2993 1978,2996 2023,2996 2068,2996 2112,2993 2157,2993 2202,2993 2247,2993 2291,2996 2336,2996 2381,2993 2426,2993 2471,2993 2515,2990 2560,2990 2605,2990 2650,2990 2694,2987 2739,2987 2784,2987 2829,2987 2873,2984 2918,2981"/>
                <TextEquiv>
                    <Unicode>Sterblicher aus der Flut der Zetten, dann bleibt</Unicode>
                </TextEquiv>
            </TextLine>
            <TextLine id="tr_2_tl_3" custom="readingOrder {index:2;}">
                <Coords points="673,3187 893,3199 1018,3268 1317,3254 1479,3204 1543,3239 2050,3199 2094,3100 676,3103"/>
                <Baseline points="689,3169 710,3169 755,3169 799,3169 844,3169 889,3166 934,3166 978,3166 1023,3166 1068,3163 1113,3163 1157,3166 1202,3166 1247,3166 1292,3163 1336,3163 1381,3163 1426,3163 1471,3160 1516,3157 1560,3157 1605,3154 1650,3154 1695,3154 1739,3154 1784,3151 1829,3154 1874,3154 1918,3154 1963,3154 2008,3154 2053,3160 2097,3160"/>
                <TextEquiv>
                    <Unicode>es verloren......immer und ewig.</Unicode>
                </TextEquiv>
            </TextLine>
            <TextLine id="tr_2_tl_4" custom="readingOrder {index:3;}">
                <Coords points="652,3350 2868,3384 2929,3207 655,3268"/>
                <Baseline points="668,3327 692,3324 737,3324 781,3324 826,3324 871,3324 916,3321 960,3324 1005,3318 1050,3321 1095,3318 1140,3315 1184,3318 1229,3315 1274,3315 1319,3315 1363,3312 1408,3312 1453,3309 1498,3309 1542,3309 1587,3309 1632,3309 1677,3306 1721,3306 1766,3306 1811,3306 1856,3306 1901,3309 1945,3306 1990,3309 2035,3306 2080,3309 2124,3306 2169,3306 2214,3303 2259,3303 2303,3303 2348,3303 2393,3300 2438,3300 2482,3300 2527,3300 2572,3300 2617,3300 2662,3300 2706,3303 2751,3300 2796,3300 2841,3300 2885,3297 2930,3294"/>
                <TextEquiv>
                    <Unicode>Es war auf meiner Rückreise, als ich in ein Dorf</Unicode>
                </TextEquiv>
            </TextLine>
            <TextLine id="tr_2_tl_5" custom="readingOrder {index:4;}">
                <Coords points="647,3506 2833,3535 2833,3393 2758,3367 647,3408"/>
                <Baseline points="662,3482 689,3482 734,3482 778,3482 823,3482 868,3482 913,3479 957,3479 1002,3476 1047,3476 1092,3476 1137,3476 1181,3476 1226,3476 1271,3476 1316,3476 1360,3473 1405,3473 1450,3473 1495,3470 1539,3467 1584,3470 1629,3467 1674,3467 1718,3467 1763,3467 1808,3467 1853,3464 1898,3464 1942,3464 1987,3464 2032,3464 2077,3464 2121,3461 2166,3461 2211,3458 2256,3458 2300,3458 2345,3458 2390,3458 2435,3458 2479,3458 2524,3458 2569,3458 2614,3458 2659,3458 2703,3458 2748,3455 2793,3455 2838,3458"/>
                <TextEquiv>
                    <Unicode>kam, welches ich von jener Zeit her konnte. Es</Unicode>
                </TextEquiv>
            </TextLine>
            <TextLine id="tr_2_tl_6" custom="readingOrder {index:5;}">
                <Coords points="652,3654 2784,3718 2784,3552 1221,3535 1067,3593 655,3506"/>
                <Baseline points="668,3640 686,3640 731,3637 775,3637 820,3637 865,3637 910,3634 954,3634 999,3631 1044,3631 1089,3631 1134,3631 1178,3634 1223,3631 1268,3631 1313,3631 1357,3631 1402,3628 1447,3628 1492,3625 1536,3625 1581,3622 1626,3625 1671,3625 1715,3622 1760,3622 1805,3625 1850,3625 1895,3625 1939,3619 1984,3619 2029,3616 2074,3616 2118,3619 2163,3622 2208,3619 2253,3616 2297,3616 2342,3616 2387,3616 2432,3613 2476,3613 2521,3619 2566,3616 2611,3613 2656,3613 2700,3613 2745,3611 2790,3613"/>
                <TextEquiv>
                    <Unicode>war dasselbe, in welchem jener Jüngling einen</Unicode>
                </TextEquiv>
            </TextLine>
        </TextRegion>
    </Page>
</PcGts>
