<?xml version="1.0" encoding="UTF-8" standalone="yes"?>
<PcGts xmlns="http://schema.primaresearch.org/PAGE/gts/pagecontent/2013-07-15" xmlns:xsi="http://www.w3.org/2001/XMLSchema-instance" xsi:schemaLocation="http://schema.primaresearch.org/PAGE/gts/pagecontent/2013-07-15 http://schema.primaresearch.org/PAGE/gts/pagecontent/2013-07-15/pagecontent.xsd">
    <Metadata>
        <Creator>prov=READ-COOP:name=TrHtr:version=2.1.0:model_id=51170:date=14_08_2023_17:28</Creator>
        <Created>2023-05-10T14:30:42.985+02:00</Created>
        <LastChange>2023-08-14T17:28:37.381+02:00</LastChange>
        <TranskribusMetadata docId="1428637" pageId="55420802" pageNr="23" tsid="132818705" status="IN_PROGRESS" userId="64420" imgUrl="https://files.transkribus.eu/Get?id=CERFYCQKLEPRYGLRGFDTAEZX&amp;fileType=view" xmlUrl="https://files.transkribus.eu/Get?id=CXGGCNVABSFJPOQQHKHJMJAU" imageId="44694904"/>
    </Metadata>
    <Page imageFilename="1428637_0023.jpg" imageWidth="3736" imageHeight="4184">
        <ReadingOrder>
            <OrderedGroup id="ro_1711819577070" caption="Regions reading order">
                <RegionRefIndexed index="0" regionRef="tr_1"/>
                <RegionRefIndexed index="1" regionRef="tr_2"/>
            </OrderedGroup>
        </ReadingOrder>
        <TextRegion id="tr_1" custom="readingOrder {index:0;}">
            <Coords points="1113,505 3425,505 3425,1639 1113,1639"/>
            <TextLine id="tr_1_tl_1" custom="readingOrder {index:0;}">
                <Coords points="3150,580 3165,580 3173,571 3191,583 3211,563 3251,574 3269,563 3286,563 3289,473 3266,473 3254,462 3234,456 3194,485 3176,493 3153,493"/>
                <Baseline points="3166,558 3211,558 3255,555 3294,558"/>
                <TextEquiv>
                    <Unicode>19</Unicode>
                </TextEquiv>
            </TextLine>
            <TextLine id="tr_1_tl_2" custom="readingOrder {index:1;}">
                <Coords points="1108,912 3332,941 3332,802 3176,765 1108,799"/>
                <Baseline points="1125,865 1145,865 1190,865 1235,865 1280,868 1325,865 1369,865 1414,865 1459,868 1504,868 1548,868 1593,868 1638,868 1683,868 1727,868 1772,868 1817,868 1862,865 1906,868 1951,865 1996,865 2041,862 2086,862 2130,862 2175,862 2220,862 2265,862 2309,862 2354,865 2399,865 2444,865 2488,862 2533,862 2578,862 2623,862 2667,862 2712,862 2757,862 2802,862 2847,862 2891,859 2936,859 2981,859 3026,862 3070,862 3115,862 3160,862 3205,862 3249,862 3294,859 3339,859"/>
                <TextEquiv>
                    <Unicode>ein Dorf, das am Walde liegt und am andern Saum</Unicode>
                </TextEquiv>
            </TextLine>
            <TextLine id="tr_1_tl_3" custom="readingOrder {index:2;}">
                <Coords points="1116,1073 3263,1047 3422,1013 3424,941 1116,955"/>
                <Baseline points="1131,1020 1142,1020 1187,1020 1232,1020 1277,1023 1322,1023 1366,1023 1411,1020 1456,1020 1501,1020 1545,1020 1590,1020 1635,1020 1680,1020 1724,1020 1769,1020 1814,1020 1859,1023 1903,1023 1948,1023 1993,1020 2038,1020 2083,1020 2127,1020 2172,1020 2217,1017 2262,1017 2306,1020 2351,1017 2396,1017 2441,1017 2485,1017 2530,1017 2575,1017 2620,1020 2664,1020 2709,1020 2754,1020 2799,1017 2844,1020 2888,1017 2933,1017 2978,1017 3023,1014 3067,1017 3112,1017 3157,1014 3202,1014 3246,1014 3291,1011 3336,1008 3381,1002 3425,1002"/>
                <TextEquiv>
                    <Unicode>des Waldes liegt ein zweites Dorf. In diesem wald</Unicode>
                </TextEquiv>
            </TextLine>
            <TextLine id="tr_1_tl_4" custom="readingOrder {index:3;}">
                <Coords points="1116,1223 3300,1215 3355,1093 1116,1102"/>
                <Baseline points="1131,1172 1175,1172 1220,1172 1265,1175 1310,1178 1354,1178 1399,1175 1444,1172 1489,1169 1533,1172 1578,1172 1623,1172 1668,1172 1712,1172 1757,1172 1802,1172 1847,1169 1892,1172 1936,1169 1981,1169 2026,1169 2071,1169 2115,1169 2160,1166 2205,1166 2250,1166 2294,1166 2339,1166 2384,1166 2429,1166 2473,1166 2518,1166 2563,1166 2608,1166 2653,1166 2697,1166 2742,1166 2787,1166 2832,1166 2876,1166 2921,1166 2966,1166 3011,1166 3055,1166 3100,1169 3145,1169 3190,1169 3234,1169 3279,1169 3324,1169 3363,1172"/>
                <TextEquiv>
                    <Unicode>nun ging ich manchmal herum und da traf es stch,</Unicode>
                </TextEquiv>
            </TextLine>
            <TextLine id="tr_1_tl_5" custom="readingOrder {index:4;}">
                <Coords points="1105,1425 3211,1373 3390,1327 3393,1232 1105,1264"/>
                <Baseline points="1122,1325 1157,1325 1202,1325 1247,1322 1292,1325 1336,1328 1381,1325 1426,1325 1471,1325 1516,1328 1560,1325 1605,1325 1650,1325 1695,1325 1739,1325 1784,1325 1829,1325 1874,1322 1918,1322 1963,1319 2008,1322 2053,1322 2097,1319 2142,1319 2187,1319 2232,1316 2277,1313 2321,1313 2366,1313 2411,1313 2456,1313 2500,1313 2545,1310 2590,1310 2635,1313 2679,1310 2724,1313 2769,1313 2814,1310 2858,1310 2903,1310 2948,1310 2993,1310 3038,1310 3082,1313 3127,1313 3172,1313 3217,1313 3261,1313 3306,1316 3351,1313 3396,1310"/>
                <TextEquiv>
                    <Unicode>dass ich eines Tages einem blinden Müdchen begeg</Unicode>
                </TextEquiv>
            </TextLine>
            <TextLine id="tr_1_tl_6" custom="readingOrder {index:5;}">
                <Coords points="1105,1535 2723,1477 3237,1538 3237,1419 1105,1425"/>
                <Baseline points="1122,1480 1140,1480 1184,1480 1229,1480 1274,1480 1319,1477 1363,1480 1408,1480 1453,1480 1498,1480 1542,1477 1587,1477 1632,1477 1677,1474 1721,1477 1766,1477 1811,1480 1856,1480 1901,1477 1945,1477 1990,1477 2035,1474 2080,1474 2124,1474 2169,1474 2214,1474 2259,1474 2303,1474 2348,1474 2393,1477 2438,1474 2482,1474 2527,1477 2572,1474 2617,1474 2662,1474 2706,1477 2751,1474 2796,1474 2841,1474 2885,1474 2930,1474 2975,1474 3020,1474 3064,1474 3109,1474 3154,1471 3199,1471 3243,1471"/>
                <TextEquiv>
                    <Unicode>nete. Da sie mir ausnehmend geftel suchte ich</Unicode>
                </TextEquiv>
            </TextLine>
            <TextLine id="tr_1_tl_7" custom="readingOrder {index:6;}">
                <Coords points="1096,1717 2045,1618 3349,1639 3237,1529 1096,1538"/>
                <Baseline points="1113,1626 1119,1626 1163,1629 1208,1629 1253,1629 1298,1629 1342,1629 1387,1626 1432,1626 1477,1620 1521,1623 1566,1623 1611,1623 1656,1620 1701,1620 1745,1620 1790,1620 1835,1620 1880,1617 1924,1617 1969,1617 2014,1617 2059,1617 2103,1617 2148,1617 2193,1617 2238,1614 2282,1614 2327,1614 2372,1617 2417,1617 2462,1617 2506,1617 2551,1617 2596,1617 2641,1614 2685,1617 2730,1614 2775,1614 2820,1614 2864,1614 2909,1614 2954,1614 2999,1614 3043,1614 3088,1617 3133,1617 3178,1614 3223,1614 3267,1611 3312,1605 3357,1605"/>
                <TextEquiv>
                    <Unicode>mit ihr in ein Gespräch zu kommen und die Gele -</Unicode>
                </TextEquiv>
            </TextLine>
        </TextRegion>
        <TextRegion id="tr_2" custom="readingOrder {index:1;}">
            <Coords points="1092,1713 3420,1713 3420,3656 1092,3656"/>
            <TextLine id="tr_2_tl_1" custom="readingOrder {index:0;}">
                <Coords points="1105,1826 2095,1858 2412,1780 2648,1878 2853,1792 3211,1794 3266,1699 1105,1717"/>
                <Baseline points="1122,1781 1166,1781 1211,1778 1256,1775 1301,1775 1345,1775 1390,1775 1435,1775 1480,1775 1524,1772 1569,1772 1614,1772 1659,1772 1704,1772 1748,1772 1793,1769 1838,1769 1883,1772 1927,1772 1972,1769 2017,1769 2062,1769 2106,1769 2151,1769 2196,1769 2241,1772 2285,1769 2330,1775 2375,1775 2420,1772 2465,1769 2509,1772 2554,1769 2599,1769 2644,1769 2688,1766 2733,1766 2778,1766 2823,1766 2867,1766 2912,1766 2957,1763 3002,1766 3046,1766 3091,1769 3136,1769 3181,1769 3226,1766 3270,1766"/>
                <TextEquiv>
                    <Unicode>genheit bot sich schneller, als ich dachte. Es</Unicode>
                </TextEquiv>
            </TextLine>
            <TextLine id="tr_2_tl_2" custom="readingOrder {index:1;}">
                <Coords points="1108,1985 1506,2028 2045,1939 2796,1988 3000,1933 3298,1994 3298,1869 2992,1844 1108,1869"/>
                <Baseline points="1125,1945 1154,1936 1199,1933 1244,1933 1289,1930 1333,1930 1378,1930 1423,1930 1468,1930 1513,1930 1557,1930 1602,1933 1647,1930 1692,1933 1736,1930 1781,1930 1826,1930 1871,1927 1915,1927 1960,1927 2005,1927 2050,1927 2094,1927 2139,1930 2184,1930 2229,1930 2274,1930 2318,1930 2363,1930 2408,1930 2453,1930 2497,1930 2542,1930 2587,1930 2632,1930 2676,1930 2721,1930 2766,1930 2811,1927 2855,1927 2900,1927 2945,1927 2990,1930 3035,1930 3079,1930 3124,1930 3169,1930 3214,1930 3258,1933 3303,1936"/>
                <TextEquiv>
                    <Unicode>floss nämlich an der Stelle, wo wir eben waren,</Unicode>
                </TextEquiv>
            </TextLine>
            <TextLine id="tr_2_tl_3" custom="readingOrder {index:2;}">
                <Coords points="1093,2144 2897,2144 3300,2103 3300,2017 1093,2019"/>
                <Baseline points="1110,2089 1116,2089 1160,2089 1205,2086 1250,2086 1295,2086 1339,2086 1384,2086 1429,2086 1474,2086 1519,2086 1563,2089 1608,2089 1653,2086 1698,2089 1742,2089 1787,2086 1832,2086 1877,2086 1921,2086 1966,2086 2011,2083 2056,2086 2100,2083 2145,2083 2190,2083 2235,2083 2280,2083 2324,2083 2369,2083 2414,2086 2459,2083 2503,2086 2548,2083 2593,2086 2638,2086 2682,2086 2727,2083 2772,2083 2817,2086 2861,2083 2906,2083 2951,2083 2996,2083 3041,2083 3085,2083 3130,2083 3175,2080 3220,2083 3264,2083 3309,2086"/>
                <TextEquiv>
                    <Unicode>ein klarer, silberweisser Quell. Ich fragte das</Unicode>
                </TextEquiv>
            </TextLine>
            <TextLine id="tr_2_tl_4" custom="readingOrder {index:3;}">
                <Coords points="1088,2276 3263,2299 3263,2167 3119,2144 1653,2135 1463,2207 1088,2149"/>
                <Baseline points="1104,2238 1119,2235 1163,2235 1208,2235 1253,2235 1298,2235 1342,2235 1387,2238 1432,2238 1477,2241 1521,2241 1566,2238 1611,2235 1656,2235 1701,2235 1745,2235 1790,2235 1835,2235 1880,2235 1924,2235 1969,2232 2014,2232 2059,2232 2103,2232 2148,2232 2193,2232 2238,2232 2282,2235 2327,2235 2372,2235 2417,2235 2462,2235 2506,2232 2551,2232 2596,2232 2641,2232 2685,2229 2730,2229 2775,2229 2820,2232 2864,2232 2909,2232 2954,2232 2999,2232 3043,2232 3088,2232 3133,2232 3178,2232 3223,2232 3267,2232"/>
                <TextEquiv>
                    <Unicode>Mädchen, ob das Wasser trinkbar wäre und damit</Unicode>
                </TextEquiv>
            </TextLine>
            <TextLine id="tr_2_tl_5" custom="readingOrder {index:4;}">
                <Coords points="1093,2458 2948,2400 3283,2461 3349,2449 3349,2285 1093,2311"/>
                <Baseline points="1110,2393 1119,2393 1163,2393 1208,2390 1253,2390 1298,2390 1342,2390 1387,2393 1432,2393 1477,2393 1521,2393 1566,2393 1611,2396 1656,2396 1701,2396 1745,2396 1790,2396 1835,2393 1880,2396 1924,2393 1969,2393 2014,2390 2059,2390 2103,2390 2148,2390 2193,2390 2238,2387 2282,2387 2327,2387 2372,2387 2417,2390 2462,2390 2506,2387 2551,2387 2596,2384 2641,2384 2685,2381 2730,2378 2775,2378 2820,2381 2864,2381 2909,2384 2954,2384 2999,2384 3043,2384 3088,2384 3133,2384 3178,2384 3223,2384 3267,2381 3312,2381 3357,2384"/>
                <TextEquiv>
                    <Unicode>war der Anfang gemacht. Frage mich nicht, wie es</Unicode>
                </TextEquiv>
            </TextLine>
            <TextLine id="tr_2_tl_6" custom="readingOrder {index:5;}">
                <Coords points="1091,2631 3373,2547 3084,2449 2025,2507 1890,2435 1659,2524 1091,2472"/>
                <Baseline points="1107,2545 1142,2539 1187,2539 1232,2539 1277,2539 1322,2539 1366,2539 1411,2542 1456,2545 1501,2545 1545,2548 1590,2545 1635,2545 1680,2545 1724,2542 1769,2545 1814,2542 1859,2542 1903,2539 1948,2539 1993,2536 2038,2539 2083,2539 2127,2539 2172,2536 2217,2536 2262,2536 2306,2539 2351,2539 2396,2539 2441,2539 2485,2539 2530,2539 2575,2539 2620,2539 2664,2539 2709,2539 2754,2539 2799,2539 2844,2539 2888,2536 2933,2539 2978,2539 3023,2539 3067,2536 3112,2536 3157,2536 3202,2539 3246,2536 3291,2536 3336,2527 3381,2527"/>
                <TextEquiv>
                    <Unicode>wetterging, es wäre mir unmöglich Dir das zu er-</Unicode>
                </TextEquiv>
            </TextLine>
            <TextLine id="tr_2_tl_7" custom="readingOrder {index:6;}">
                <Coords points="1079,2770 1979,2721 2371,2804 2542,2729 3344,2706 3364,2640 1079,2657"/>
                <Baseline points="1095,2691 1134,2691 1178,2691 1223,2691 1268,2691 1313,2694 1357,2694 1402,2694 1447,2694 1492,2694 1536,2697 1581,2697 1626,2694 1671,2694 1715,2691 1760,2691 1805,2694 1850,2694 1895,2694 1939,2691 1984,2694 2029,2691 2074,2691 2118,2691 2163,2691 2208,2691 2253,2691 2297,2691 2342,2694 2387,2694 2432,2694 2476,2691 2521,2691 2566,2691 2611,2688 2656,2688 2700,2691 2745,2691 2790,2691 2835,2691 2879,2691 2924,2691 2969,2694 3014,2694 3058,2694 3103,2691 3148,2694 3193,2694 3237,2691 3282,2691 3327,2688 3372,2688"/>
                <TextEquiv>
                    <Unicode>zählen. Ich sprach mit ihr... und — Du weisst ich</Unicode>
                </TextEquiv>
            </TextLine>
            <TextLine id="tr_2_tl_8" custom="readingOrder {index:7;}">
                <Coords points="1091,2940 3283,2876 3283,2781 3211,2770 2478,2827 2011,2752 1091,2772"/>
                <Baseline points="1107,2847 1142,2850 1187,2850 1232,2850 1277,2850 1322,2850 1366,2850 1411,2850 1456,2850 1501,2850 1545,2850 1590,2850 1635,2850 1680,2847 1724,2847 1769,2847 1814,2847 1859,2850 1903,2850 1948,2850 1993,2850 2038,2847 2083,2847 2127,2850 2172,2847 2217,2850 2262,2850 2306,2850 2351,2850 2396,2850 2441,2850 2485,2852 2530,2850 2575,2852 2620,2850 2664,2850 2709,2852 2754,2852 2799,2850 2844,2850 2888,2850 2933,2850 2978,2850 3023,2850 3067,2847 3112,2847 3157,2847 3202,2847 3246,2847 3291,2844"/>
                <TextEquiv>
                    <Unicode>habe Glück bet den Wetbern... sie war ganz au -</Unicode>
                </TextEquiv>
            </TextLine>
            <TextLine id="tr_2_tl_9" custom="readingOrder {index:8;}">
                <Coords points="1096,3078 2749,3003 3073,3073 3416,3035 3416,2925 1096,2957"/>
                <Baseline points="1113,3017 1137,3014 1181,3008 1226,3008 1271,3005 1316,3005 1360,3005 1405,3005 1450,3005 1495,3005 1539,3005 1584,3005 1629,3005 1674,3005 1718,3005 1763,3002 1808,3002 1853,3002 1898,3005 1942,3002 1987,3005 2032,3002 2077,3005 2121,3005 2166,3002 2211,3002 2256,3005 2300,3005 2345,3002 2390,3005 2435,3005 2479,3005 2524,3005 2569,3005 2614,3005 2659,3005 2703,3005 2748,3002 2793,3005 2838,3005 2882,3002 2927,3002 2972,3005 3017,3005 3061,3005 3106,3005 3151,3005 3196,3005 3240,3005 3285,3005 3330,3005 3375,3002 3420,2999"/>
                <TextEquiv>
                    <Unicode>genscheinlich in mich verliebt. Sie wohnte in dem</Unicode>
                </TextEquiv>
            </TextLine>
            <TextLine id="tr_2_tl_10" custom="readingOrder {index:9;}">
                <Coords points="1082,3225 2998,3217 3344,3173 3344,3096 1082,3127"/>
                <Baseline points="1098,3166 1110,3166 1154,3169 1199,3166 1244,3166 1289,3166 1333,3166 1378,3166 1423,3166 1468,3166 1513,3166 1557,3163 1602,3163 1647,3163 1692,3166 1736,3166 1781,3166 1826,3166 1871,3166 1915,3163 1960,3163 2005,3166 2050,3163 2094,3166 2139,3166 2184,3166 2229,3163 2274,3163 2318,3163 2363,3163 2408,3163 2453,3163 2497,3160 2542,3160 2587,3160 2632,3160 2676,3160 2721,3160 2766,3157 2811,3157 2855,3157 2900,3157 2945,3154 2990,3154 3035,3154 3079,3154 3124,3154 3169,3154 3214,3154 3258,3154 3303,3151 3348,3151"/>
                <TextEquiv>
                    <Unicode>andern Dorf und versprach mir heute Abend wieder</Unicode>
                </TextEquiv>
            </TextLine>
            <TextLine id="tr_2_tl_11" custom="readingOrder {index:10;}">
                <Coords points="1082,3390 1494,3318 3387,3335 3387,3240 1082,3260"/>
                <Baseline points="1098,3318 1107,3318 1151,3318 1196,3315 1241,3318 1286,3315 1331,3315 1375,3315 1420,3312 1465,3315 1510,3315 1554,3315 1599,3315 1644,3315 1689,3312 1733,3315 1778,3315 1823,3315 1868,3315 1912,3315 1957,3315 2002,3315 2047,3312 2092,3312 2136,3315 2181,3315 2226,3312 2271,3312 2315,3312 2360,3312 2405,3312 2450,3309 2494,3309 2539,3309 2584,3306 2629,3306 2673,3306 2718,3306 2763,3306 2808,3306 2852,3303 2897,3309 2942,3306 2987,3306 3032,3306 3076,3309 3121,3309 3166,3306 3211,3306 3255,3306 3300,3306 3345,3300 3390,3294"/>
                <TextEquiv>
                    <Unicode>im Walde zu sein. Sie kam.. Ich erklärte ihr mei -</Unicode>
                </TextEquiv>
            </TextLine>
            <TextLine id="tr_2_tl_12" custom="readingOrder {index:11;}">
                <Coords points="1076,3572 1246,3514 2744,3554 3214,3479 3214,3381 1076,3393"/>
                <Baseline points="1092,3473 1116,3473 1160,3473 1205,3473 1250,3473 1295,3470 1339,3470 1384,3470 1429,3470 1474,3470 1519,3473 1563,3473 1608,3473 1653,3470 1698,3470 1742,3470 1787,3467 1832,3467 1877,3464 1921,3464 1966,3464 2011,3461 2056,3458 2100,3458 2145,3458 2190,3458 2235,3458 2280,3461 2324,3458 2369,3458 2414,3458 2459,3458 2503,3458 2548,3458 2593,3458 2638,3458 2682,3458 2727,3458 2772,3458 2817,3458 2861,3458 2906,3458 2951,3458 2996,3461 3041,3461 3085,3458 3130,3458 3175,3461 3220,3464"/>
                <TextEquiv>
                    <Unicode>ne Liebe, ich drückte den ersten heissen Kuss</Unicode>
                </TextEquiv>
            </TextLine>
            <TextLine id="tr_2_tl_13" custom="readingOrder {index:12;}">
                <Coords points="1082,3696 1711,3753 2060,3658 3401,3658 3249,3540 1082,3572"/>
                <Baseline points="1098,3640 1142,3640 1187,3640 1232,3640 1277,3643 1322,3640 1366,3637 1411,3640 1456,3640 1501,3643 1545,3643 1590,3646 1635,3646 1680,3646 1724,3643 1769,3643 1814,3643 1859,3643 1903,3643 1948,3640 1993,3640 2038,3640 2083,3643 2127,3643 2172,3643 2217,3643 2262,3640 2306,3640 2351,3640 2396,3640 2441,3643 2485,3643 2530,3640 2575,3643 2620,3640 2664,3643 2709,3640 2754,3643 2799,3643 2844,3640 2888,3640 2933,3640 2978,3640 3023,3640 3067,3640 3112,3640 3157,3640 3202,3640 3246,3643 3291,3643 3336,3643 3381,3646 3405,3643"/>
                <TextEquiv>
                    <Unicode>auf ihre Lippen. Wenige Tage darauf hatte ich sie</Unicode>
                </TextEquiv>
            </TextLine>
        </TextRegion>
    </Page>
</PcGts>
