3736 4264
3024 527 3155 695 18
1072 738 3201 958 "Also erzähle," sprach der erste wieder, "wie
1057 943 2411 1123 kommst Du hieher, Frederigo.
1023 1066 3252 1254 „Mit einer reizenden Italienerin,“ sprach Frede
1054 1231 3246 1405 rigo lachen. "Eine kleine, reizende Figur, mit
1052 1391 2753 1556 süssen Lippen und herrlichen Augen.“
1074 1556 2405 1724 "Du bist der Alte geblieben!"
1063 1761 3212 1870 "Ganz der Alte und Du wirst das noch mehr ein
1057 1929 3238 2018 sehen, wenn ich Dir sage, dass ich vor wenigen
1052 2055 3252 2175 Tagen mit einer Deutschen, & ner blinden Deut -
1037 2249 2169 2357 schen herumgezogen hin."
1052 2354 3346 2491 "Du liebst noch immer die Abwechslung, Frederigo.
1026 2460 2762 2659 Ha ha...Aber Dein Leben behagt Dir?"
1074 2690 2274 2787 ’Ein Hoch der Abwechslung.
1043 2770 3323 2933 "Aber Du musst mir von der blinden Deutschen und
1032 2933 2981 3095 der schwarzen Italienerin mehr erzählen?
1026 3081 2853 3260 "Du sollst gleich mehr hören, Antonto."
1037 3220 2206 3431 "Nun, ich bin begierig.“
1037 3380 3320 3537 "Bei meinem Hin- und Herstreifen kam ich auch in
