3752 4200
3075 520 3202 653 17
3066 630 3167 780 le reste des
1023 743 3248 980 und klein. Hölzerne Bänke und Ttsche standen an
1023 951 3237 1139 den Wänden umher. Ich setzte mich in eine ache,
1026 1124 3222 1289 wo ich unbeachtet sein konnte und dachte an et
1029 1292 1748 1448 ne bessre Zeit.
1023 1410 3297 1575 Es war kein Mensch in der Wirtsstube. Erst, nach
1026 1563 3156 1772 dem ich ungefähr eine halbe Stunde dagesessen
1017 1772 3292 1893 war, traten ###et Männer in die Stube, mit Schwer
566 1850 720 2066 autre
1032 1910 3081 2072 tern an der Seite und sehr fein angekleidet.
1032 2043 3289 2185 "Dass ich Dich noch einmal sehen sollte," sprach
1023 2205 3245 2347 der eine von minder ansehnlichem Aeussern, "ich
1020 2344 3147 2491 hätte es nicht gedacht.“Ich meinte damals auf
1014 2529 3185 2673 ewig von Dir Abschied zu nehmen. Nun, es freut
1000 2630 3202 2818 mich, dass ich mich damals getäuscht habe." Da
1012 2795 2844 2965 bei schüttelte er ihm kräftig die Hand.
1017 2939 3225 3127 "Ha Freund, ich habe lustig gelebt und bin viel
1000 3130 3251 3260 herumgestreift und gevandert,“ sprach der andre,
1003 3248 3326 3407 ein schöner,grosser Mann mit schwarzen Haaren und
994 3448 3208 3584 ebenso dunkeln Augen. Beide setzten sich zu ei
991 3569 1497 3728 nem Tisch.
