3688 4232
3010 493 3129 687 3
980 837 3120 1064 Kuss! Die höchste Wonne, das gröste Glück der
986 950 3210 1175 Liebe schien mir in der Süssigheit eines Kusses
986 1187 1467 1342 vereint:-
995 1276 3093 1503 Nicht fern von mir rauschte eine Quelle. Mir
1001 1447 3192 1620 wars, als mischte sich mit dem traulichen Plät
1013 1611 3138 1787 schern ein leises, fast unterdrücktes Lachen.
1010 1742 3213 1928 Ein leises, silbernes Lachen, als wärs das.La¬
1037 1919 1805 2095 chen einer Nixe!
1022 2044 3267 2239 So lag doh im welkenden Gras und versenkte mich
1034 2191 3267 2394 in schöne Träume einer vergangenen Zeit. Da sah
1043 2322 3198 2552 ich plötzlich zwischen dem Laub einen Mädchen¬
1034 2493 3255 2723 kopf... von blinden Locken umwallt und die Au¬
1052 2672 3300 2917 gen waren dunkelblau. Und ich kannte die Locken,
1052 2818 3240 2998 ich gekannte die Augen! Unwillkürlich stand ich
1058 2986 3297 3180 auf- unverwandt die Augen gerichtet auf den Mäd¬
1061 3138 2349 3326 chenkopf.... und sie var es.
1034 3315 3344 3458 Das gelbe Laub raschelte, Blätter fielen auf den
1046 3422 3264 3622 Boden, die Nixe in der QUelle lachte leise und
1073 3598 3479 3847 silbern. Mir wars, als hätt ich einen wirren Schlaf
