3720 4328
3046 491 3178 648 57
1076 674 3252 956 Er erwiderte kein Wort, aber seine Augen sahen
1082 962 3203 1093 noch wirrer bald auf mich, bald auf sie. Dann
1091 1082 3278 1262 ging er zu einen Tisch, auf dem ein geöffnetes,
1085 1270 3298 1408 halbleeres Fläschchen stand. Er hob dasselbe in
1096 1382 3212 1605 die Höhe."Das war es," sprach er mit stierem
1091 1542 3055 1727 Blick und halb abwesend. Das var es...“
1091 1699 3386 1861 Ein schrecklicher Gedanke zuckte mir durchs Herz.
1111 1850 3320 2004 “Sie hat sich vergiftet,” rief ich aus. Und ich
1105 2013 1921 2184 wusste den Grund.
1125 2190 3415 2324 "Vergiftet" widerholte Leonardo und leiser sprach
1125 2304 2224 2515 er nochmals: "Vergiftet.
1116 2495 2661 2644 Eine minutenlange Pause entstand.
1139 2638 3269 2769 "Und warum hat sie sich vergiftet?" fragte der
1125 2769 3295 2935 Graf plötzlich, tells zu sich selbst, teils zu
1122 2935 1810 3118 mir sprechend.
1142 3066 3320 3243 "Leonardo, ich kann es Euch sagen,“ sprach ich.
1148 3252 3249 3429 "Ihr wisst es. O Himmel! So sprecht, ich bitt
1613 3369 1699 3529 P.
1122 3412 1465 3572 Euch!"
1139 3506 3198 3783 Ich erzählte ihm die Geschichte jener Nacht.
