3720 4280
2965 505 3091 646 30
1027 769 2526 979 "Und was beschliesst Ihr jetzt?“
1007 918 3174 1131 Graf Leonardo," unterbrach uns jetzt Fernando,
1030 1102 3189 1271 "es ist unverzethlich, dass mir das erst jetzt
1013 1274 3237 1406 einfällt, ganz unverzeihlich. Aber es ist noch
1010 1426 3318 1593 nicht zu spät. Dem Himmel sei Dank, noch nicht
1016 1561 1467 1736 zu spät!"
1022 1722 1840 1866 "Nun, so sprich."
715 1837 987 2072 26/VII
1042 1848 3212 2015 "Jene blinde Deutsche, von der ich Euch sprach,
1013 2003 3183 2167 soll mit dem Italiener - Frederigo nanntet Ihr
1016 2150 3189 2307 ihn? — hieher gekommen sein. Es ist eine Treu
1004 2319 1685 2483 losigkeit...."
1016 2468 3237 2603 „Wie sagtet Ihr?“ unterbrach ich ihn mit unwill
1019 2646 3186 2778 kürlicher Hefttigkeit. "Mit ihm? Sie tsts.. ich
1007 2755 3223 2922 zweifelte noch - aber jetzt seh ichs deutlich!
1004 2942 1570 3100 Sie ists! "
1007 3059 2758 3255 Dien Gondel war einstweilen gelandet.
1048 3160 3326 3387 "Ihr scheint sie wohl zu kennen?" sprach der Graf
1002 3378 1977 3565 mit leichtem Spott.“
1033 3550 3272 3728 "Ich bitte Eüch, Fernando," sagte ich, "gebt mir
