3704 4328
3067 491 3205 665 66
1134 797 3247 982 beugt und unsicher war. In einer Hand trug er
1134 974 3154 1148 einen Stock, auf den er sich stützte. Seine
1122 1114 3295 1291 Kleidung war schlecht und unordentlich. In sei
1131 1285 3236 1442 nen Zügen spielte es wie Wahnsinn. Als er auf
1134 1423 3387 1600 mich autrat lachte er laut auf. Aber es war kein
1128 1588 3320 1760 herzliches Lachen, das aus vollen Herzen drang,
1145 1754 3261 1894 es war das Lachen des Wahnsinns, ein schauer -
1125 1880 2548 2074 liches, fürchterliches Lachen.
1142 2026 3300 2200 "Grüss Gott," rief er mir zu und bot mir seine
1120 2183 3368 2349 Hand. Wir haben uns schon lange nicht gesehen,
1128 2335 3247 2526 Geselle, ich war euch weit weg, weit in der
1134 2503 3202 2691 Welt. " Und als er diese Worte sprach, wurde
1137 2666 3208 2829 seine Stimme immer leisemund letser und sein
1117 2784 2854 3017 Auge irrte unruhig hin und her.
1137 2980 3255 3137 "Ja weit var ich," begann er dann wieder, ich
1128 3121 3205 3289 konnte nicht hier bleiben, haha...“ und dann
1125 3278 2037 3471 lachte er laut auf.
1117 3424 3303 3581 Aber mir schien es, als hätte ich diese Stimme
1137 3541 3353 3783 schon einmal in meinem Leben gehört und zu -
