3736 4280
3155 376 3299 482 29
1049 653 2406 841 Augen, dem edeln Aussehen. "
1080 780 3261 997 "Ihr schildert den, welchen ich meine," sprach
1069 979 1274 1132 t ch.
1078 1069 3316 1254 „Und wie kommt Ihr auf diese Vermutung?“ fragte
1066 1257 1751 1447 mich der Graf.
1080 1401 3244 1569 "Ich erzählte ihm jenes Gespräch, das ich be
1066 1557 3270 1751 lauscht, aber ohne Sophiens und meiner persön
1078 1704 3305 1889 lichen Verhältnisse zu erwähnen; ich sprach nur
2401 1849 2502 1956 9
1080 1869 3400 2051 von der Italienerin, die er angeblich aus Venedig
1083 2045 1956 2227 mit genommen hätte.
1109 2164 3270 2357 "Kein Zweifel, er ists," rief Graf Leonardo in
1095 2340 3386 2510 freudiger Ueberraschung aus. "Ich dank Euch.Wahr
1083 2496 3363 2646 lich, Ihr seid mein Freund. Und glaubt Ihr, dass
1086 2655 3368 2822 er wohl noch in demselben Dorfe sein wid, in dem
1086 2773 2013 2975 Ihr ihn verlassen?"
1112 2932 2741 3111 „Ich zweifle daran,“ erwiderte ich.
1109 3071 3313 3244 “Aber wenn wir nur einmal so weit sind, wie Ihr
1101 3233 3290 3400 uns geleitet habt, mein Herr.Das ist schon ein
1104 3403 2996 3573 guter Anfang und für den Anfangs genug.“
