3736 4200
3169 426 3305 619 23
1115 634 3264 934 Friedhof vorbeikam, fragte er mich ob ich ihn
1121 844 3397 1083 nicht sehen wollte. Ich folgte ihm gerne. Es ist
1127 1031 3267 1227 ein so merkwürdiges Gefühl, wenn man an einem
1127 1173 3446 1371 stillen Abend auf einem Kirchhof steht und da die
1118 1348 3357 1556 Grabsteine sieht mit den bunten Kränzen und Elu
1109 1504 3365 1691 men. Jetzt waren die Blumen und Kränze verwelkt.
1112 1631 3345 1827 Es waren die letzten Blumen, die der Herbst her
1118 1824 3264 1991 vorgebracht. Vor einem einfachen Kreuze blieb
1124 1919 3377 2141 der Bauer stehen und sah wehmütig auf den halb -
1115 2112 2682 2296 verwelkten Kranz, der daran hing.
1138 2253 3256 2498 "Man hat sie erst vor einigen Tagen begraben,
1121 2452 1559 2633 sagte er.
1138 2521 3155 2780 “Wer liegt unter diesem Kreuz,“ fragte ich.
1138 2714 3215 2913 "Ach, s'ist meine Tochter," sprach der Bauer
1127 2907 2149 3048 "s'ist meine Tochter."
1141 3022 2481 3233 "War Eure Tochter noch jung?“
1141 3120 3406 3371 "Ein junges, liebes Ding, sechzehn Jahre war sie
1121 3342 3403 3527 alt und war immer fröhlich und froh. Bis der wil
