3672 4328
3275 434 3412 568 62
1850 1613 3392 1799 Jahre vergingen, Jahrzehnte stri¬
814 1664 954 1821 8/8
1076 1793 3372 1973 chen hin. Und es waren trübe, traurige Jahre, die
1085 1964 3340 2113 aus dem Meere der Zeiten stiegen; es waren verlo-
1082 2090 3280 2275 rene Jahre, die ich dahinlebte, wie ein dumpfer
1093 2293 2333 2444 Traum schwaenden sie dahin.
1079 2401 3320 2601 Graf Leonardo war gestorben; er hatte Florentina
1071 2598 3309 2738 nicht lange überlebt. Zwei Jahre nach ihren To-
2972 2764 3092 2892 G.F.P.
1073 2724 2575 2901 de legte man ihn ins kalte Grab.
2698 2744 2875 2909 G.H.F.P.
1085 2858 3346 3086 Von Frederigo hörte man nichts. Er war entflohen,
1079 3046 2387 3220 kein Mensch wusste wohin. --
1076 3135 3309 3363 Es war zu Ende des Sommers, als mich eine wehmit¬
1079 3343 3312 3497 tige Sehnsucht fasste, wieder jene Gegend zu be
1088 3480 3138 3677 suchen, wo ich so glückliche Zeiten verlebt.
