3672 4264
2920 533 3022 686 2
973 874 3104 1046 Nur die Blätter und Blumen sahen und fühlten,
997 1005 3128 1181 es werde Herbst; sie welkten..die Blumen welk
991 1184 3163 1337 ten. Durch die hindorrenden Wipfel ging es wie
988 1322 3201 1483 ein Frühlingshauch; aber es war nur eine Erinn-
997 1469 3239 1644 erung, eine traumhafte Mahnung an die entschwun¬
994 1650 3134 1809 denen Lenzestage. Ein Jahr war verrauscht..da
988 1817 3160 1929 hatt' ich sie zum letzten Mal gesehen. Und wir
1002 1943 3163 2113 sagten uns nicht Lebe wohl und wir küssten uns
988 2087 3260 2260 nicht zum Abschied, denn wir wussten nicht, dass
997 2278 3169 2439 wir uns so lange nicht sehen sollten! Niemals!
1000 2374 3254 2585 Und dennoch hatten wir uns so innig, so treu ge¬
997 2565 3098 2741 liebt! Ich küsste sie nie! Wir gingen einsam
1008 2688 3142 2884 durch den Wald, wir reichten uns herzlich die
994 2855 3148 3060 Hand und wie wussten, dass wir uns liebten.—
997 3010 3271 3175 Und als ich jetzt nachdachte und sann, umrauscht
997 3166 3347 3321 von den herbstlichen Blättern... so fragt ich mich,
997 3339 3183 3491 wie das gekommen, dass ich ihre rosigen Lippen
994 3488 3154 3632 nie geküsst. Und ich wusste nicht, varum. Wie
1008 3605 3233 3849 sehnte ich mich jetzt nach diesem nie geküssten
