3752 4200
3120 519 3257 643 50
1980 938 2368 1119 - VIII. -
2549 1271 2896 1403 G.H.F.P
804 1524 898 1711 7
2219 1544 3246 1728 Am nächsten Tage nahm
970 1570 1071 1759 1n
1122 1688 3341 1934 ich von dem Grafen Leonardo Abschied, um mit so
1122 1854 3306 2066 phten nach Deutschland zurückzukehren. Von mei¬
1128 1986 3246 2187 nem Abenteuer in der verflossenen Nacht hatte
1131 2144 3275 2388 ich keinem Menschen erzählt. Ich glaubte, dass
1122 2316 3427 2546 Frederigo uns erkannt hatte und keinesfalls hielt
1134 2468 3309 2675 ich es für geraten, mich länger in Venedig auf
1134 2586 3303 2838 zuhalten. Bei dem heimtückischen Charakter des
1125 2747 3427 2947 Italieners war ich jetzt meines Lebens nicht mehr
1145 2899 3404 3157 sicher. Etwas weit anderes wäre es gewesen, wenn
1148 3071 3395 3252 er mich zum Zwetkampf gefordert hätte, wie er es
1145 3269 3326 3473 ja schon einmal getan. Dass er damals nicht ge
1139 3369 3367 3619 kommen war, schrieb ich seiner Feigheit zu, und
1148 3519 3450 3725 ich glaube noch jetzt, dass ich mich damals nicht
