3736 4296
3068 479 3192 616 33
1078 766 3257 985 dann stand sie auf, eilte zu mir und warf sich
1061 940 3288 1137 mir zu Füssen. Ich hob sie rasch auf. Kein Wort
1073 1106 3268 1272 floh aus unserm Munde, wir blieben beide stumm.
1070 1253 3254 1419 Endlich brach ich das Stillschweigen und in et
1084 1399 3336 1599 nem Tone, der die tiefste Wehmut und die ttefste
1067 1548 3325 1731 Liebe in sich burg, sprach ich das einzige Wort:
1087 1740 1641 1906 "Sophie...."
1101 1827 3347 2021 "o mein Geliebter," rief sie laut aus und Tränen
1075 2027 3251 2179 flossen aus ihren Augen. Darf ich Dich noch so
1073 2168 3294 2339 nennen? “Geliebter sprich nicht so zu mir...ver
1081 2311 3341 2480 achte mich...vergiss mich.. aber nur nicht diese
1064 2488 3313 2652 Liebe in Deinen Worten, die ich nicht verdiene.
1793 2640 3299 2807 "Sophie Du hast gebüsst, Du hast
1084 2781 1495 2961 bereut!"
1095 2928 2421 3094 "Tief gebässt, tief bereut!"
1087 3091 3327 3279 "Sophie,....Du' hast mich.... nie geliebt: Nein.
1073 3218 3254 3437 nie...Deine Worte waren falsch, Detne Gedanken
1075 3403 1796 3600 waren treulos!"
1098 3553 3361 3682 "Verdamme mich, o veflüche mich! Ich verdiene es
