3672 4216
3050 436 3181 732 7
1055 848 3219 1025 ste. Der Mann umarmte Sophie und drückte einen
1043 991 3376 1133 langen, innigen Kuss auf ihre rosigen Lippen. Ich
1046 1101 3213 1299 konnte sein Gesicht wegen der Dunkelheit nicht
1031 1301 3259 1499 deutlich ausnehmen. Endlich war er fort. Sophie
1028 1435 3329 1641 sah ihm nach, bis er hinter den Bäumen verschwun-
1025 1563 3257 1789 den war - endlich ging auch sie. Aber ich blieb
1017 1752 3248 1941 stehen. Ich lehnte mich an den Baum, ich wollte
1014 1885 3187 2065 glauben, dass ich nur geträumt habe. Ueber die
1002 2051 3274 2240 Stirne strich ich mir, aber ich konnte die wahr¬
996 2202 3164 2397 heit nicht zum Traume machen. Ich weiss nicht,
999 2365 3219 2565 wie lange ich noch stand - es war immer ein und
991 2484 3207 2710 derselbe Gedanke, der mich folterte und der mir
988 2684 3286 2864 keine Ruhe liess. Um mich her war es ganz stille,
985 2827 3152 2975 eine fürchterliche Stille, als wäre alles tot,
976 2951 3172 3137 aber auch in mir es still - fürchterlich still¬
962 3105 3132 3318 und ich schritt langsam durch den Wald zurück.
