3736 4200
3055 607 3191 729 36
1040 801 3226 1037 niemals werd ich sie vergessen....in dieser Se
1045 1022 3249 1188 kunde war es, dass ich den letzten innigen Kuss
1028 1170 3212 1339 auf ihre Lippen drüchte, den letzten in diesen
1011 1292 1368 1472 Leben
1777 1519 2451 1719 x** ** * * *
987 1838 3226 1995 Am selben Abend ging ich zu Graf Leonardo. Sein
979 1963 3316 2181 Plan war gefaßt. Er stützte sich auf die Bekannt
987 2166 3212 2320 schaft Fernandos mit Fredertgo. Fernando sollte
981 2306 3072 2439 ihn aufsuchen und ihn nach Venedig zu führen
979 2457 3101 2625 trachten. In Venedig wilde es ihm nicht schwer
961 2631 3235 2753 fallen Frederigo für etne Nacht zu verleiten mit
964 2770 3148 2912 ihm eine Schenke zu besuchen und dass sei dann
958 2921 3214 3101 die gelegene Zeit die Italienerin aus den Händen
950 3043 2233 3255 thres Entführers zu rauben.
1696 3357 2149 3557 * * * *... 4
