3688 4216
3049 536 3134 690 6
1022 783 3215 993 nem niedrigen Fenster auf die Wiese und folgte
1028 970 3317 1162 thr. Sie nahm den Weg zum Walde. Ich ging so lei¬
1025 1136 3256 1282 se, als möglich, damit sie meine Schritte nicht
1014 1241 2345 1436 höre und mich nicht bemerke.
1002 1436 3277 1602 Sie war mehrere Minuten durch den Wald gegangen,
1005 1593 3344 1768 als sie bei einen grossen Eichenbaum stehen blieb.
990 1736 3192 1884 Mehrere Schritte weit von ihr verbarg ich mich
993 1887 3279 2085 hinter einem Baum. Es war ein eigentümliches Ge-
993 2015 3303 2214 fühl, das mir jetzt durchs Herz zuckte. Ich hatte
990 2208 3169 2333 es nie gekannt. ich fühlte es in meinem Herzen
973 2342 3279 2537 wie eine Herbstnacht. Einige Zeit war ich gestan¬
970 2522 3291 2671 den, als ich das Gebüsch rauschen hörte und einen
952 2650 3125 2793 Mann kommen sah, der tief in seinen Mantel ge
955 2767 3274 3003 hüllt war. Sophie ging ihm entgegen. Sie reichten
961 2930 3236 3134 sich die Hände und flüsterten mit einander. Eine
955 3090 3143 3277 lange, ewiglange Stunde flüsterten sie und ich
947 3277 3224 3393 konnte kein Wort verstehen. Denn näher hatte ich
926 3425 3245 3559 nicht gehen können, sonst hätte man mich unfehl¬
941 3542 3172 3743 bar bemerkt. Nach einer Stunde endlich schieden
