3384 4184
2751 458 2885 653 63
747 733 2925 965 Ich kam nach Venedig. Ich stand vor dem Palast
750 919 3000 1128 Leonardos. Er stand jetzt leer, kain Mensch be -
764 1056 3014 1234 wohnte ihn. Ich stand am Meer, wo mir Florentina
770 1251 2997 1383 ihre Liebe gestanden hatte und als jetzt die wo¬
776 1363 2977 1557 gen rauschten, so war es mir, als erzählten sie
759 1506 3006 1712 mir ein Mürchen, das Märchen von Florentina, der
770 1655 2934 1884 schönen Italienerin... und wie ein Trauerlied
764 1855 2871 1984 klang es aus dem brausenden Spiel der Wellen.
781 1995 2868 2147 Und endlich sah ich dienstelle, wo Sophie ge
784 2130 3083 2304 storben. Jetzt wars hell. Die Sonne schien freund
773 2293 2943 2462 lich herab auf den Ort, wo ich die Liebste ver
770 2433 3069 2608 loren. Hier erzählte nichts von dem Mord, der auf
781 2588 3077 2754 derselben Stelle geschehen, nur die Bäume rausch
681 2731 2977 2897 ten und der Wind flüsterte in den Blättern, als
784 2900 2991 3109 erzählte er von jener Nacht, jener fürchterlt —
781 3071 2877 3240 chen Nacht, die das Glück meines Lebens ver-
784 3200 2848 3358 schlang. Und wirklich erschien mir das ganze
787 3369 3034 3535 jetzt wie ein Märchen, aber was ein Mürchen. das
781 3484 2986 3713 ich selbst miterlebt, ein recht trauriges, un-
1168 3750 1463 3922 Vous en avez
