3736 4200
3104 531 3249 666 55
2008 1122 2195 1267 IX
1310 1137 1867 1301 soch läßt nur
1523 1284 1653 1457 G.P.
2369 1702 3347 1890 Ich war nach Venedig
1125 1875 3338 2063 zurückgekehrt. In mich versunken sass ich in et
1122 2040 3436 2230 nem Zimmer des Grafen Leonardo und erwartete sein
1116 2187 3251 2369 Kommen. Als ich einige Zeit vergebens geharrt
1125 2337 3214 2504 hatte, trat er herein. Sein Gesicht war noch
1131 2504 3399 2637 bleicher als gewöhnlich, seine Züge schienen auf
1134 2628 3225 2824 geregt, sein Auge suchte unruhig hin und her.
1114 2793 3298 3000 Er trat schnell auf mich zu und fasste mich an
1131 2948 3251 3145 der Hand und sagte mit halblauter, zitternder
1116 3113 2680 3292 Stimme: “Ich bitte Euch, kommt.“
1119 3260 3373 3436 Ich ging mit ihm. Wir durchschritten einige - im
1122 3393 3283 3592 mer und endlich waren wir in ein kleines, aber
1122 3600 3260 3733 sehr fein eingerichtetes gekommen, wo ich Flo
