3736 4200
3152 514 3287 716 37.
1683 736 1916 935 VI
863 1287 1053 1481 1) VII
1908 1394 3403 1544 Eine Woche war verflossen, seit
1077 1535 3302 1694 Fennando ausgesandt war, als ich mit dem Grafen
1065 1686 3276 1841 Leonardo in einem Zimmer set-hes Schlosses sass
1094 1830 3380 2026 "Ich erwarte stündlich Fernando," sprach er, "und
1071 1992 3313 2136 set es nun, dass Ihn an Ahnungen glaubt, sei es,
1077 2142 3290 2315 dass Ihr sie als Aberglauben verlacht, ich schä
1053 2289 3215 2462 me mich nicht Euch zu sagen, dass ich ihre An
1039 2430 1596 2592 kunft ahne.
1068 2572 3325 2774 "Und Ihr liebt sie wirklich?“ fragte ich; "fühlt
1042 2751 3264 2932 Ihr eine stärkere Liebe in Euch lodern, als Ihr
1039 2866 3365 3080 bei vielen andern, die Ihr doch auch zu lieben ge
1036 3062 1830 3238 glaubt, fühltet?
1013 3207 2635 3386 Der Graf schwieg einen Augenblick.
1033 3348 3149 3556 "Glaubt Ihr," errach er dann, "man kann nicht
1022 3530 3319 3686 oft lieben? Es sind nicht alle Charaktere gleich.
