3720 4184
3172 416 3298 539 40
1051 723 3263 955 ten Tages fand ich keine Herberge mehr, ich war
1057 864 3400 1092 zu weit von den bewohnten Gegenden abgetrrt. Unter
1063 1078 3298 1251 einen Baum konnte ich mich wegen der herrschen -
1078 1195 3327 1388 den Kälte nicht legen. Es blieb mir daher nichts
1063 1377 3406 1555 übrig, als entweder die Nacht über weiter zu wan -
1081 1502 3312 1705 dern, was der Dunkelheit halber nicht recht mög
1081 1623 3438 1857 lich war, oder unter dem Baume die ganze Nacht auf
1081 1789 3397 2021 und ab zu gehen, was mir auch nicht recht behagen
1078 1959 3242 2176 wollte. Während ich nun zwischen diesen Ent -
1092 2103 3312 2314 schlüssen schwankte und noch nicht zu einer Ent
1089 2264 3353 2507 scheidung gekommen war, hörte ich in meiner Nähe
1089 2375 3289 2610 Schritte und eine weibliche Stimme rief "Frede
1107 2569 3348 2762 rigo." Jetzt fehlte mir nur noch die Sicherheit,
1125 2700 3327 2908 obudas derselbe Frederigo wäre, den ich suchte.
1122 2853 3394 3061 “Und er war es?“ unterbrach ihn Leonardo mit be
1128 3049 2129 3251 greiflicher Ungedulde
1136 3169 3309 3389 “Er war es. Aber lasst mich nur der Reihe nach
1136 3356 3432 3547 fortfahren.... Nachdem die Stimme "Frederigo" ge
1130 3471 3389 3702 rufen hatte, sch ich in der Dunkelheit eine Ge-
