3752 4296
3182 416 3341 681 26
1159 799 3530 1003 "Es ist wohl unbegreiflich, Graf Leonardo, sprach
1150 958 3370 1174 Fernando, "aber dass es möglich ist seht Ihr.
1165 1129 3388 1303 "Und Du hast Dich genau erkundigt, Du hast ge -
1138 1283 2445 1483 nau geforscht und erfragt?“
1165 1436 3238 1616 „Wie ich Euch sagte! In der letzten Zeit be
1141 1607 3255 1799 merkte man oft, dass ein schön er junger Ita
1141 1728 3459 1908 liener zu ihr hinauf ging und wie ich Euch sagte,
1156 1908 3344 2061 in einer der letzten Nächte war sie verschmun
1153 2073 2350 2220 den, wie der Italtener. „
1168 2215 3356 2388 "Und Du weisst nicht den Namen des Italieners!
1171 2359 3285 2536 "Könnt ich so lange daraus ein Geheimnis ma
1159 2521 2424 2710 chen, wenn ich ihn wüsste?"
2731 2492 3232 2666 nt zufriede
1168 2642 3244 2822 "Fennando, ich muss sie besitzen," sagte der
1153 2846 3255 2969 Graf und seine schwarzen Augen blitzen wohl
1147 2963 1675 3146 lüstig auf.
1165 3102 3432 3323 “Tröstet Euch,“ sprach Fernando. “Ich will zuch
1156 3311 3338 3453 andre Schönheiten aufzählen, an denen Ihr Euch
1159 3438 3303 3580 ergetzen könnt. Da wohnt zum Beispiel auf dem
