3416 4120
2626 359 2756 549 69
676 668 2819 941 Rache hat ihn getroffen, er ist wahnstnnig.
692 875 2817 1062 Und als er das sagte, war Frederigo verschiain
715 1070 921 1225 den.
698 1172 2905 1374 Ich stand neben dem Grabe sinnend und träumend.
706 1344 2800 1495 Neu war die Erinnerung in mir aufgelebt, von
712 1495 2927 1680 neuem stand jene Zeit vor mir. Und eines Grabes
739 1650 2836 1815 dachte ich im fernen Süden, darunter sie lag,
742 1807 2847 1973 die ich so unendlich geliebt. Und jetzt hatte
753 1939 2811 2157 ich ihren Mörder gesehen, herumtrrend in der
748 2097 2858 2281 Welt, hetmatslos und verlassen. Die Nacht des
753 2229 2963 2453 Wahnstnns hatte ihn gefasst und trieb ihn herum
759 2433 1666 2624 ohne Rast und Ruhe.
770 2541 2833 2748 Und ich stand da, auf einem Kirchhof und mir
770 2695 2795 2935 war, als hätte ich in diesem Augenblick all
772 2819 2993 3046 mein Glück begraben und ich stand allein da und
800 2979 2963 3206 einsam. Mein Geist weilte noch bei der gebeug -
795 3128 2916 3379 teun, unsicher schoankenden Gestalt des wahn -
795 3357 1597 3542 sinnigen Greises.
795 3440 2968 3708 Und die Weiden auf dem Kirchhof flüsterten und
