3752 4184
3119 536 3267 692 12
1124 851 3218 1054 immer und immer sehen, in dem ich um eine so
1124 1011 3255 1211 traurige Erfahrung reicher geworden. Was wäre
1127 1161 3299 1329 gewesen, was mich an diese unglückliche Stätte
1109 1312 3345 1503 noch gebannt hätte, seitdem sie nicht mehr mein
1098 1457 3281 1680 Leben mit dem Schein ihrer Liebe überstrahlte,
1115 1631 3374 1810 seitdem sie einem andern Manne die Hand gereicht
1101 1755 3374 1943 hatte, um mit in die Welt zu ziehen, aufrein un -
1101 1900 3420 2085 gewisses, zweifelhaftes Ziel hin, fühlte ich mich
1092 2088 3386 2285 in dem Derfe verlassen und unglücklich. Ich wan
1095 2221 1764 2421 derte fort....
1080 2375 3299 2583 Ich war ungefähr einen Monat lang herumgereist,
1089 2543 3267 2711 als ich in ein tirolistes Bergdorf ham. Es lag
1075 2682 3218 2888 am Fusse eines hohen, ets-und schneebedeckten
1075 2861 3389 3035 Berges. Igh kam an einem schönen Winterabend hin.
1046 3003 3348 3197 Die Gletscher auf der Spitze des Berges schwam —
1054 3171 3351 3351 men in einem Meer schwach rötlichen Lichte. Eben
1066 3316 3377 3476 sank die Wintersonne hinter den Bergen und es wur
1054 3455 3386 3577 dendunkel und dunkler. Ein ehrlicher Bauer führ -
1046 3588 3197 3780 te mich in dem Dorf herum und als ich bei dem
