3736 4168
3104 396 3243 691 20
1102 650 3364 913 Windstoss wehte mir mit einer solchen Heftigkeit
1105 871 3400 1134 entgegen, dass ich meine Augen schliessen musste,
1102 1022 3341 1264 als ich sie wieder öffnete, — hatte ich die bei
1105 1167 3311 1415 den aus dem Gesicht verloren. Und dieser Wind -
1108 1353 3270 1554 stoss hat mein Leben zu Grunde gerichtet. Den
1099 1483 3329 1740 noch verfolgte ich die Richtung, in der sie mei
1096 1628 3400 1855 ner Meinung nach weitergegangen waren. Vergebens.
1099 1793 3415 2050 Einmal schien es mir zwar, als hätte ich zwet Ge-
1108 1997 3358 2192 stalten im Dickicht vorüberfliehen gesehen, aber
1108 2094 3308 2348 im selben Augenblicke waren sie auch schon wie-
1099 2248 3423 2508 der verschwunden und ich stand allein in dem dich
1093 2401 3264 2626 ten, pfadlosen Wald. Ich hatte lange zu gehen,
1096 2564 3347 2774 bis ich mich wieder aus dem Dickicht herausfand-
1105 2709 3482 2966 es war auch nur ein Zufall, dass ich auf den rich¬
1111 2862 3426 3110 tigen Weg kam und noch vor Sonnenaufgang das Dorf
1096 3019 3385 3249 erreichte. Es war die schrecklichste Nachtwander-
1102 3163 3288 3417 ung, die ich je erlebt. Ich hatte die Geliebte
1099 3329 3332 3524 verloren ich wusste nicht mit wem, wohin, warum
1099 3471 3415 3677 sie floh! Das sah ich klar: Sie liebte mich nicht
