3688 4328
3037 470 3178 663 67
1131 806 3194 1018 gleich mit diesem Gedanken trat jene düstere
1123 977 3194 1147 Zeit vor mein getstiges Auge. Und mit einem
1117 1089 3329 1343 male zuchte es wie ein Blitz durch meinen Kopf.
1131 1288 3274 1444 Es ist Eederigo...Ja, es waren noch immer die
1145 1455 3222 1618 selben Augen, es waren noch seine Züge, wenn
1153 1598 3175 1788 auch Zeit Unglück und Wahnsinn ihre Furchen
1161 1739 3057 1907 tief in dieses Antlitz gegraben hatten!
1142 1863 3090 2055 Aber Du erkennst mich nicht mehr, Freund,
1169 2025 3368 2248 sprach der Fremde mit seltsam verzerrten Zügen.
1175 2173 3324 2380 „ha, glaubs wohl.... es tst ja schon lange Zett
1172 2358 3370 2512 her, dass wir uns nicht gesehen....sehr lang...
1172 2487 3370 2677 Und man vergisst in langer Zett...“ Dann fing er
1175 2633 2881 2870 wieder an so fürchterlich zu lachen.
1175 2776 3233 2999 Da raunte mir der Mann, welcher mich beglet
1197 2922 3194 3136 tete ins Ohr: "Bet Gott, es ist Frederigo.
1194 3103 3321 3313 Ich sprach hein Wort, aber mein Blick haftete
1216 3266 3395 3456 fest und unverwandt auf dem wahnsinnigen Grets,
1200 3412 3329 3651 der auch seine unstäten Augen auf mir
1213 3634 2030 3772 herumirren liess.
