3752 4184
2954 462 3100 593 23
1009 783 3290 959 war verstrichen, ich harrte vergebens. Es zeigte
1027 890 3388 1123 sich keine Spur von ihm. Es war längst Mitternacht
1024 1084 3347 1259 vorüber, als ich endlich die Schenke verliess und
1039 1248 3245 1399 beschloss keinen Augenblick länger in dem Dorfe
1018 1408 3281 1569 zu weilen. Mein Plar war, nach Venedig zu reisen,
1030 1578 3210 1709 indem ich ja dort Sophie finden musste, welche
1027 1691 3421 1849 Frederigo auf so schmühliche Weise verlassen hatte.
1024 1849 3409 2019 Und ich glaubte nicht zu irren, wenn ich als Grund
1033 2019 3335 2183 seines jetzigen Nichterscheinens Feigheit annahm.
1792 2897 2689 3088 * * * *... * *
3001 3228 3275 3513 peut être en
