<?xml version="1.0" encoding="UTF-8" standalone="yes"?>
<PcGts xmlns="http://schema.primaresearch.org/PAGE/gts/pagecontent/2013-07-15" xmlns:xsi="http://www.w3.org/2001/XMLSchema-instance" xsi:schemaLocation="http://schema.primaresearch.org/PAGE/gts/pagecontent/2013-07-15 http://schema.primaresearch.org/PAGE/gts/pagecontent/2013-07-15/pagecontent.xsd">
    <Metadata>
        <Creator>prov=READ-COOP:name=TrHtr:version=2.1.0:model_id=51170:date=14_08_2023_17:28</Creator>
        <Created>2023-05-10T14:30:45.369+02:00</Created>
        <LastChange>2023-08-14T17:28:41.978+02:00</LastChange>
        <TranskribusMetadata docId="1428637" pageId="55420939" pageNr="39" tsid="132818742" status="IN_PROGRESS" userId="64420" imgUrl="https://files.transkribus.eu/Get?id=NQCYQWECENKFHBRXFWXRWVPP&amp;fileType=view" xmlUrl="https://files.transkribus.eu/Get?id=WFNYAQNOXBXFDJGBINTPCBUM" imageId="44695021"/>
    </Metadata>
    <Page imageFilename="1428637_0039.jpg" imageWidth="3752" imageHeight="4216">
        <ReadingOrder>
            <OrderedGroup id="ro_1711819611098" caption="Regions reading order">
                <RegionRefIndexed index="0" regionRef="tr_1"/>
                <RegionRefIndexed index="1" regionRef="tr_2"/>
            </OrderedGroup>
        </ReadingOrder>
        <TextRegion id="tr_1" custom="readingOrder {index:0;}">
            <Coords points="680,600 3308,600 3308,2058 680,2058"/>
            <TextLine id="tr_1_tl_1" custom="readingOrder {index:0;}">
                <Coords points="3084,725 3104,731 3116,722 3125,728 3162,722 3171,731 3188,722 3194,728 3220,725 3217,574 3203,574 3186,586 3171,580 3159,589 3128,586 3122,592 3081,583"/>
                <Baseline points="3099,653 3144,650 3188,650 3227,656"/>
                <TextEquiv>
                    <Unicode>35</Unicode>
                </TextEquiv>
            </TextLine>
            <TextLine id="tr_1_tl_2" custom="readingOrder {index:1;}">
                <Coords points="1018,984 3125,1024 3096,873 1018,873"/>
                <Baseline points="1033,967 1071,961 1116,961 1161,961 1206,964 1251,964 1295,964 1340,961 1385,964 1430,964 1475,964 1519,964 1564,964 1609,964 1654,964 1698,964 1743,964 1788,964 1833,964 1878,964 1922,964 1967,967 2012,970 2057,970 2102,967 2146,967 2191,967 2236,967 2281,967 2325,964 2370,964 2415,964 2460,964 2505,964 2549,964 2594,967 2639,967 2684,967 2729,967 2773,970 2818,970 2863,967 2908,967 2952,964 2997,964 3042,964 3087,964 3132,964"/>
                <TextEquiv>
                    <Unicode>mich dasselbe Gefühl, als damals, da ich sie</Unicode>
                </TextEquiv>
            </TextLine>
            <TextLine id="tr_1_tl_3" custom="readingOrder {index:2;}">
                <Coords points="1024,1175 1967,1129 3011,1221 3293,1172 3293,1018 2292,1071 1149,1007 1024,1068"/>
                <Baseline points="1039,1119 1059,1116 1104,1116 1149,1119 1194,1116 1239,1116 1283,1116 1328,1116 1373,1116 1418,1116 1463,1119 1507,1119 1552,1119 1597,1119 1642,1122 1686,1125 1731,1125 1776,1125 1821,1122 1866,1122 1910,1122 1955,1122 2000,1122 2045,1122 2090,1125 2134,1125 2179,1122 2224,1122 2269,1122 2314,1122 2358,1119 2403,1119 2448,1119 2493,1116 2537,1119 2582,1119 2627,1119 2672,1119 2717,1119 2761,1119 2806,1122 2851,1122 2896,1119 2941,1119 2985,1119 3030,1116 3075,1119 3120,1119 3164,1119 3209,1116 3254,1116 3299,1116"/>
                <TextEquiv>
                    <Unicode>zum erstenmal gesehen. Ich fühlte es, ich liebte</Unicode>
                </TextEquiv>
            </TextLine>
            <TextLine id="tr_1_tl_4" custom="readingOrder {index:3;}">
                <Coords points="1027,1308 3258,1346 3258,1175 1027,1172"/>
                <Baseline points="1042,1274 1086,1271 1131,1274 1176,1274 1221,1274 1265,1274 1310,1274 1355,1271 1400,1274 1445,1274 1489,1271 1534,1271 1579,1271 1624,1274 1669,1274 1713,1274 1758,1271 1803,1274 1848,1274 1893,1271 1937,1271 1982,1271 2027,1271 2072,1271 2116,1271 2161,1271 2206,1274 2251,1271 2296,1271 2340,1274 2385,1271 2430,1271 2475,1274 2520,1274 2564,1274 2609,1274 2654,1274 2699,1274 2743,1274 2788,1274 2833,1271 2878,1274 2923,1274 2967,1274 3012,1274 3057,1274 3102,1274 3147,1274 3191,1271 3236,1271 3263,1274"/>
                <TextEquiv>
                    <Unicode>ste noch und als ich sie so sah, die tiefen,</Unicode>
                </TextEquiv>
            </TextLine>
            <TextLine id="tr_1_tl_5" custom="readingOrder {index:4;}">
                <Coords points="1024,1468 2037,1436 2365,1523 2739,1430 3168,1491 3168,1372 2858,1329 1024,1361"/>
                <Baseline points="1039,1430 1083,1430 1128,1430 1173,1430 1218,1430 1263,1430 1307,1430 1352,1430 1397,1430 1442,1430 1486,1430 1531,1430 1576,1430 1621,1433 1666,1433 1710,1430 1755,1430 1800,1430 1845,1430 1890,1430 1934,1430 1979,1430 2024,1430 2069,1433 2113,1433 2158,1433 2203,1430 2248,1430 2293,1433 2337,1430 2382,1430 2427,1430 2472,1430 2517,1433 2561,1433 2606,1433 2651,1433 2696,1433 2740,1430 2785,1430 2830,1430 2875,1427 2920,1427 2964,1427 3009,1427 3054,1427 3099,1427 3144,1427 3176,1430"/>
                <TextEquiv>
                    <Unicode>blauen Augen auf mich geheftet, so fühlte ich</Unicode>
                </TextEquiv>
            </TextLine>
            <TextLine id="tr_1_tl_6" custom="readingOrder {index:5;}">
                <Coords points="664,1483 693,1488 722,1512 795,1512 833,1483 862,1503 894,1503 894,1398 862,1390 827,1396 801,1372 775,1364 760,1375 737,1361 717,1375 664,1366"/>
                <Baseline points="680,1457 725,1457 770,1457 815,1460 859,1457 901,1457"/>
                <TextEquiv>
                    <Unicode>27/v.B</Unicode>
                </TextEquiv>
            </TextLine>
            <TextLine id="tr_1_tl_7" custom="readingOrder {index:6;}">
                <Coords points="1030,1613 3049,1633 3270,1596 3270,1520 1030,1529"/>
                <Baseline points="1045,1588 1083,1585 1128,1585 1173,1585 1218,1585 1263,1585 1307,1588 1352,1585 1397,1585 1442,1585 1486,1585 1531,1585 1576,1585 1621,1585 1666,1585 1710,1585 1755,1585 1800,1585 1845,1585 1890,1585 1934,1585 1979,1585 2024,1585 2069,1585 2113,1585 2158,1585 2203,1585 2248,1585 2293,1585 2337,1585 2382,1585 2427,1585 2472,1585 2517,1585 2561,1588 2606,1588 2651,1588 2696,1591 2740,1591 2785,1591 2830,1591 2875,1588 2920,1585 2964,1585 3009,1585 3054,1585 3099,1585 3144,1585 3188,1582 3233,1582 3278,1582"/>
                <TextEquiv>
                    <Unicode>auch, dass sie mich noch liebte. Ja...ste lieb</Unicode>
                </TextEquiv>
            </TextLine>
            <TextLine id="tr_1_tl_8" custom="readingOrder {index:7;}">
                <Coords points="1024,1755 1517,1819 2547,1738 2965,1807 3299,1741 3299,1645 1024,1677"/>
                <Baseline points="1039,1734 1062,1734 1107,1734 1152,1734 1197,1734 1242,1734 1286,1734 1331,1734 1376,1734 1421,1734 1466,1734 1510,1734 1555,1734 1600,1734 1645,1737 1689,1734 1734,1734 1779,1734 1824,1734 1869,1734 1913,1734 1958,1734 2003,1734 2048,1734 2093,1734 2137,1734 2182,1734 2227,1734 2272,1734 2317,1734 2361,1734 2406,1734 2451,1734 2496,1734 2540,1734 2585,1734 2630,1734 2675,1734 2720,1734 2764,1731 2809,1731 2854,1731 2899,1731 2944,1734 2988,1731 3033,1731 3078,1731 3123,1734 3167,1734 3212,1734 3257,1734 3302,1731"/>
                <TextEquiv>
                    <Unicode>te mich noch! Ich wusste nicht warum und dennoch</Unicode>
                </TextEquiv>
            </TextLine>
            <TextLine id="tr_1_tl_9" custom="readingOrder {index:8;}">
                <Coords points="1021,1926 1854,1973 1993,1895 2370,1938 2951,1895 2951,1839 2101,1793 1021,1868"/>
                <Baseline points="1036,1890 1080,1890 1125,1893 1170,1890 1215,1893 1260,1893 1304,1893 1349,1893 1394,1890 1439,1893 1483,1893 1528,1893 1573,1896 1618,1893 1663,1893 1707,1893 1752,1890 1797,1890 1842,1893 1887,1890 1931,1890 1976,1893 2021,1890 2066,1890 2110,1890 2155,1890 2200,1890 2245,1893 2290,1890 2334,1890 2379,1893 2424,1893 2469,1893 2514,1893 2558,1890 2603,1890 2648,1887 2693,1887 2738,1887 2782,1884 2827,1884 2872,1884 2917,1884 2958,1890"/>
                <TextEquiv>
                    <Unicode>stand es so klar vor mir: sie liebt mich.</Unicode>
                </TextEquiv>
            </TextLine>
            <TextLine id="tr_1_tl_10" custom="readingOrder {index:9;}">
                <Coords points="1021,2083 1543,2141 1755,2048 1915,2112 2124,2042 3273,2080 3302,1967 1021,1973"/>
                <Baseline points="1036,2039 1080,2033 1125,2039 1170,2042 1215,2042 1260,2042 1304,2042 1349,2042 1394,2042 1439,2045 1483,2045 1528,2045 1573,2048 1618,2048 1663,2045 1707,2045 1752,2045 1797,2042 1842,2042 1887,2042 1931,2042 1976,2042 2021,2042 2066,2045 2110,2045 2155,2042 2200,2042 2245,2042 2290,2042 2334,2042 2379,2039 2424,2042 2469,2042 2514,2042 2558,2042 2603,2045 2648,2045 2693,2042 2738,2042 2782,2042 2827,2042 2872,2042 2917,2045 2961,2045 3006,2045 3051,2048 3096,2045 3141,2045 3185,2045 3230,2042 3275,2042 3308,2042"/>
                <TextEquiv>
                    <Unicode>"o Richard, wenn Du mir verzeihen kannst....wenn</Unicode>
                </TextEquiv>
            </TextLine>
        </TextRegion>
        <TextRegion id="tr_2" custom="readingOrder {index:1;}">
            <Coords points="1018,2147 3341,2147 3341,3587 1018,3587"/>
            <TextLine id="tr_2_tl_1" custom="readingOrder {index:0;}">
                <Coords points="1004,2243 3215,2246 3293,2219 3293,2077 2089,2170 1004,2092"/>
                <Baseline points="1021,2203 1059,2200 1104,2200 1149,2200 1194,2197 1239,2197 1283,2197 1328,2200 1373,2200 1418,2200 1463,2200 1507,2200 1552,2200 1597,2200 1642,2200 1686,2200 1731,2200 1776,2200 1821,2200 1866,2200 1910,2200 1955,2200 2000,2200 2045,2203 2090,2203 2134,2200 2179,2200 2224,2200 2269,2200 2314,2200 2358,2197 2403,2197 2448,2200 2493,2200 2537,2197 2582,2197 2627,2200 2672,2200 2717,2200 2761,2197 2806,2197 2851,2197 2896,2197 2941,2197 2985,2200 3030,2200 3075,2200 3120,2200 3164,2197 3209,2197 3254,2197 3299,2197"/>
                <TextEquiv>
                    <Unicode>Du vergessen kannst....Halte diese Trünen nicht</Unicode>
                </TextEquiv>
            </TextLine>
            <TextLine id="tr_2_tl_2" custom="readingOrder {index:1;}">
                <Coords points="1018,2405 3203,2382 3302,2373 3302,2277 1018,2304"/>
                <Baseline points="1033,2355 1068,2352 1113,2349 1158,2346 1203,2346 1248,2346 1292,2346 1337,2346 1382,2346 1427,2346 1472,2343 1516,2343 1561,2343 1606,2343 1651,2343 1695,2343 1740,2343 1785,2343 1830,2343 1875,2343 1919,2343 1964,2343 2009,2343 2054,2343 2099,2343 2143,2343 2188,2343 2233,2346 2278,2346 2322,2346 2367,2346 2412,2346 2457,2346 2502,2343 2546,2343 2591,2343 2636,2346 2681,2346 2726,2346 2770,2346 2815,2343 2860,2343 2905,2343 2950,2346 2994,2346 3039,2346 3084,2346 3129,2349 3173,2346 3218,2343 3263,2343 3308,2346"/>
                <TextEquiv>
                    <Unicode>für die Tränen einer Heuchlerin. Ein wahrer, tie</Unicode>
                </TextEquiv>
            </TextLine>
            <TextLine id="tr_2_tl_3" custom="readingOrder {index:2;}">
                <Coords points="1007,2559 1694,2489 3255,2553 3255,2434 2942,2356 2588,2440 1007,2411"/>
                <Baseline points="1024,2508 1068,2505 1113,2499 1158,2496 1203,2493 1248,2490 1292,2490 1337,2490 1382,2487 1427,2487 1472,2487 1516,2487 1561,2490 1606,2490 1651,2487 1695,2487 1740,2487 1785,2487 1830,2487 1875,2487 1919,2490 1964,2490 2009,2487 2054,2490 2099,2490 2143,2490 2188,2490 2233,2487 2278,2487 2322,2490 2367,2490 2412,2490 2457,2490 2502,2487 2546,2490 2591,2490 2636,2490 2681,2490 2726,2490 2770,2490 2815,2490 2860,2487 2905,2487 2950,2490 2994,2487 3039,2490 3084,2487 3129,2487 3173,2487 3218,2487 3263,2493"/>
                <TextEquiv>
                    <Unicode>fer Schmerz hat sie mir ausgepresst. Sie kommen</Unicode>
                </TextEquiv>
            </TextLine>
            <TextLine id="tr_2_tl_4" custom="readingOrder {index:3;}">
                <Coords points="1015,2716 1660,2750 1987,2655 2617,2707 2843,2658 2843,2597 2530,2582 1015,2591"/>
                <Baseline points="1030,2654 1056,2654 1101,2651 1146,2651 1191,2651 1236,2651 1280,2651 1325,2648 1370,2651 1415,2651 1460,2651 1504,2651 1549,2651 1594,2651 1639,2651 1684,2648 1728,2648 1773,2648 1818,2648 1863,2651 1907,2651 1952,2651 1997,2651 2042,2651 2087,2651 2131,2651 2176,2651 2221,2651 2266,2651 2311,2648 2355,2648 2400,2648 2445,2648 2490,2651 2534,2648 2579,2648 2624,2648 2669,2648 2714,2648 2758,2651 2803,2648 2850,2641"/>
                <TextEquiv>
                    <Unicode>aus dem Quell der Reue und der Busse.</Unicode>
                </TextEquiv>
            </TextLine>
            <TextLine id="tr_2_tl_5" custom="readingOrder {index:4;}">
                <Coords points="1021,2864 3116,2846 3116,2718 1021,2733"/>
                <Baseline points="1036,2806 1062,2803 1107,2800 1152,2800 1197,2800 1242,2803 1286,2803 1331,2803 1376,2803 1421,2806 1466,2803 1510,2803 1555,2803 1600,2803 1645,2803 1689,2803 1734,2803 1779,2806 1824,2809 1869,2809 1913,2809 1958,2806 2003,2806 2048,2806 2093,2806 2137,2803 2182,2803 2227,2806 2272,2806 2317,2806 2361,2806 2406,2803 2451,2803 2496,2803 2540,2803 2585,2803 2630,2803 2675,2803 2720,2806 2764,2806 2809,2806 2854,2803 2899,2806 2944,2806 2988,2803 3033,2803 3078,2803 3123,2803"/>
                <TextEquiv>
                    <Unicode>"Ich verzethe Dir, Sophie! Alles sei Dir ver</Unicode>
                </TextEquiv>
            </TextLine>
            <TextLine id="tr_2_tl_6" custom="readingOrder {index:5;}">
                <Coords points="1001,3014 1044,3006 1082,3020 1097,3006 1146,3006 1230,3046 1265,3046 1326,3011 1375,3029 1375,2919 1329,2916 1303,2895 1282,2901 1210,2864 1126,2869 1056,2901 1001,2890"/>
                <Baseline points="1018,2958 1021,2958 1065,2955 1110,2955 1155,2952 1200,2952 1245,2952 1289,2952 1334,2952 1379,2955"/>
                <TextEquiv>
                    <Unicode>ziehen.</Unicode>
                </TextEquiv>
            </TextLine>
            <TextLine id="tr_2_tl_7" custom="readingOrder {index:6;}">
                <Coords points="1004,3186 1619,3209 1778,3113 2138,3101 3336,3162 3336,3029 3009,2959 1929,2922 1735,3038 1004,3029"/>
                <Baseline points="1021,3102 1056,3099 1101,3099 1146,3099 1191,3099 1236,3099 1280,3099 1325,3099 1370,3099 1415,3099 1460,3099 1504,3099 1549,3099 1594,3102 1639,3102 1684,3102 1728,3102 1773,3099 1818,3099 1863,3102 1907,3102 1952,3102 1997,3102 2042,3102 2087,3102 2131,3102 2176,3099 2221,3099 2266,3102 2311,3102 2355,3102 2400,3102 2445,3099 2490,3102 2534,3102 2579,3102 2624,3099 2669,3099 2714,3099 2758,3102 2803,3099 2848,3099 2893,3102 2938,3102 2982,3102 3027,3102 3072,3102 3117,3102 3162,3102 3206,3102 3251,3102 3296,3099 3341,3099"/>
                <TextEquiv>
                    <Unicode>Und mit dem Ausrufe, “o mein Geliebter," senk sie</Unicode>
                </TextEquiv>
            </TextLine>
            <TextLine id="tr_2_tl_8" custom="readingOrder {index:7;}">
                <Coords points="1010,3328 1889,3255 2153,3342 2376,3261 2747,3348 3284,3273 3284,3151 2576,3209 2115,3101 1686,3215 1010,3186"/>
                <Baseline points="1027,3260 1051,3257 1095,3257 1140,3257 1185,3257 1230,3254 1274,3254 1319,3257 1364,3254 1409,3254 1454,3257 1498,3254 1543,3254 1588,3254 1633,3254 1678,3254 1722,3257 1767,3254 1812,3254 1857,3254 1901,3254 1946,3254 1991,3254 2036,3254 2081,3254 2125,3254 2170,3254 2215,3254 2260,3254 2305,3254 2349,3254 2394,3257 2439,3254 2484,3257 2529,3257 2573,3257 2618,3254 2663,3254 2708,3254 2752,3257 2797,3257 2842,3254 2887,3254 2932,3254 2976,3254 3021,3254 3066,3254 3111,3254 3156,3254 3200,3254 3245,3251 3290,3257"/>
                <TextEquiv>
                    <Unicode>in meine Arme. Und die blinden Haare flossen ihr</Unicode>
                </TextEquiv>
            </TextLine>
            <TextLine id="tr_2_tl_9" custom="readingOrder {index:8;}">
                <Coords points="1007,3496 3154,3461 3154,3342 3032,3325 1007,3325"/>
                <Baseline points="1024,3421 1056,3418 1101,3418 1146,3418 1191,3418 1236,3418 1280,3415 1325,3415 1370,3412 1415,3412 1460,3415 1504,3415 1549,3412 1594,3412 1639,3415 1684,3412 1728,3415 1773,3415 1818,3415 1863,3415 1907,3415 1952,3412 1997,3412 2042,3412 2087,3412 2131,3412 2176,3415 2221,3415 2266,3415 2311,3415 2355,3415 2400,3415 2445,3412 2490,3415 2534,3418 2579,3415 2624,3415 2669,3415 2714,3415 2758,3415 2803,3415 2848,3415 2893,3415 2938,3415 2982,3415 3027,3415 3072,3415 3117,3412 3162,3412"/>
                <TextEquiv>
                    <Unicode>aufgelöst um die Schultern, ihre blauen Augen</Unicode>
                </TextEquiv>
            </TextLine>
            <TextLine id="tr_2_tl_10" custom="readingOrder {index:9;}">
                <Coords points="1018,3615 1706,3661 2321,3571 3206,3638 3206,3513 2861,3450 2045,3540 1674,3450 1018,3496"/>
                <Baseline points="1033,3574 1062,3571 1107,3574 1152,3574 1197,3574 1242,3571 1286,3571 1331,3571 1376,3571 1421,3571 1466,3571 1510,3568 1555,3568 1600,3571 1645,3571 1689,3571 1734,3571 1779,3571 1824,3571 1869,3571 1913,3574 1958,3577 2003,3577 2048,3574 2093,3574 2137,3574 2182,3574 2227,3571 2272,3571 2317,3571 2361,3571 2406,3571 2451,3571 2496,3571 2540,3571 2585,3571 2630,3571 2675,3571 2720,3571 2764,3571 2809,3571 2854,3571 2899,3568 2944,3568 2988,3568 3033,3568 3078,3568 3123,3568 3167,3565 3212,3568"/>
                <TextEquiv>
                    <Unicode>blickten zu mir auf.....und in dieser Sekunden</Unicode>
                </TextEquiv>
            </TextLine>
        </TextRegion>
    </Page>
</PcGts>
