3736 4296
3020 275 3163 531 34
1056 576 3309 815 "Ich will Dir verzetken, Sophie... ich will nicht
1038 794 3294 1003 an die treulosen Schwüre denken, nicht mich er -
1047 976 3258 1191 innern jener schönen Stunden, da ich wähnte,
1032 1146 3127 1313 liebtest mich! Vergessen sie alles, auch die
1041 1268 3264 1480 Zeit, da Du mit Frederigo herumgestreift, da er
2471 1438 2575 1614 "
1053 1444 2324 1623 in Deinem Herzen herrschte.
1038 1596 3219 1766 Mit lautem Schluchzen warf sich Sophie auf das
1044 1754 3291 1930 Sofa, dann erhob sie sich wieder und mit flehen
1056 1838 3303 2101 der Stimme sprach sie: "o vergib mir. Jene zeit,
1059 2026 3384 2232 die ich mit Frederigo verlebt... sie war für mich
1062 2202 2426 2390 unglückseliger als für Dich!"
1059 2309 3458 2515 Ich konnte ein bitteres Lächeln nicht unterdrücken.
1035 2477 3300 2703 „Kaum zwei Tage war ich mit Frederige fortgewan -
1068 2644 3318 2844 dert, als ich schon den Wurm der Reue nagend xxx
1056 2796 3288 2999 meinem Herzen fühlte. Das Gefühl der Liebe, das
1086 2909 3255 3181 ich zu Dir gehegt lebte neu wieder auf und ich
1077 3109 3303 3288 sah, dass es stärker und tiefer war, als das zu
1077 3303 1605 3482 Frederigo.
2002 3261 2095 3443 P.
1862 3312 1951 3434 G.C.P.
1071 3413 3258 3607 Als ich Sophien so sprechen hörte, durchzuckte
