3736 4248
3179 487 3312 628 45
1104 752 2361 966 "Kommt, lasst Euch filhren."
1095 876 3113 1098 "Wer seid Ihr!“ fragte zitternd Florentina.
1124 1058 3344 1288 "Ich bin ein Mann, der Dich liebt, dies soll Dir
1101 1257 1652 1407 genug sein."
1095 1352 3358 1600 "O Hilfe, Hilfe!" rief plötzlich die Italienerin
1084 1565 1389 1732 aus
1078 1620 3243 1836 Ein Dolch, den Leonardo aus seinem Gürtel zog,
1081 1796 3315 2038 machte sie verstummen. Willenlos liess sie sich
1098 2006 1949 2153 von dannen führen.
1084 2124 3260 2323 Am nächsten Tag ging ich zum Grafen und erfuhr
873 2150 971 2300 V.M.
1084 2263 3292 2482 diese Geschichte. Von Frederigo wusste weder er
1084 2439 3344 2643 noch Fernando etwas. Letzterer hattie ihn an der
1081 2580 3364 2796 Türe der Schenke in später Nachtstunde verlassen
1095 2724 3269 2906 und seitdem nicht wiedergesehen. Nun hatte ich
1098 2897 3401 3076 auch Gelegenheit Florentina zu sehen. Sie war von
1084 3093 3303 3260 einer wahrhaftig bezaubernden Schönheit; es war
1081 3211 3243 3375 nicht der ernste Gesichtsausdruck des Nordens,
1092 3361 3352 3580 den man in ihren Zügen suchen durfte; die glühen
1090 3583 3401 3744 de Lebenslust des Südens spiegelte sich auf ihrem
