3720 4168
3114 418 3245 576 11
1111 702 3248 912 mehr. Sie hatte mich betrogen, sie hatte sich
1105 842 3327 1038 einem andern Mann in die Arme geworfen- und zog
1091 991 3190 1172 mit dem Geliebten in die weite, weite Welt.-
1088 1167 3342 1377 Bald wurde es bekannt, dass Sophie geflohen wir
1079 1275 3392 1485 Man erschöpfte sich in den abenteuerlichsten Ver¬
1076 1465 3424 1667 mutungen, was sie zu dem eigentümlichen Entschlus-
1088 1605 3213 1786 se verleitet hätte, man schloss natürlich auf
1079 1748 3333 1968 eine geheime Liebe, eine Entführung, aber keiner
1061 1898 2321 2085 wusste etwas bestimmtes. —
1053 2067 3199 2251 Ich wollte mein Geheimnis im keinen Preis ver
1061 2222 3286 2424 raten! Notwendiger Weise wäre bet einer solchen
1047 2371 3272 2550 Entdeckung auch mein Verhältnis mit ihr ans Ta¬
1058 2500 3210 2716 geslicht gekommen- und ich liebte sie unglück-
1035 2678 3181 2839 licherweise noch zu sehr, um ste, dte ja über
1038 2854 3237 3011 all und immer in dem besten Rufe gestanden war,
1038 2985 2547 3175 auf solche Weise zu erniedrigen.
1020 3146 3234 3342 Aber mich hielt es nicht länger in dem heimat —
1023 3286 3242 3494 lichen Dorfe. Ich fasste den Entschluss, hinaus
1006 3435 3248 3678 zuziehen in die Ferne, Ich wollte den Ort nicht
