3688 4200
1098 767 3348 983 des Sommers.Der Herbst trug ihn zu Grabe und der
1077 968 2791 1140 Sturm sang das schaurige Sterbelted.
1063 1107 3283 1311 Mir war es eigentümlich zu Mute. Zu meinen Füs¬
1066 1282 3371 1462 sen lagen die verwelkten Blätter, und mir war es,
1057 1427 3229 1610 als hätte ich ein ähnliches Schicksal wie sie.
1838 1572 3229 1749 Unwillkürlich bückte ich mich
1045 1743 3422 1936 und hob ein Blatt auf. Da raschelte es und zerfiel.
1906 1906 3392 2069 Es war Mitternacht vorüber, als
1012 2016 3303 2238 Sophie kam. Ich folgte ihr wieder und als sie zu
1024 2193 3286 2380 demselben Baum gekommen war, wo sie auch gestern
1000 2350 3289 2537 jenen Mann getroffen hatte, kam ihr derselbe wie
992 2466 3324 2667 der entgegen. Diesmal flüsterten sie nicht so lei
995 2655 3309 2812 se wie gestern, aber der Sturm hinderte mich, sie
986 2806 3170 2996 zu verstehen. Kaum einige Minuten waren sie ge¬
983 2945 3120 3141 standen, als der Unbekannte Sophie seinen Arm
956 3087 3185 3289 reichte und beide tiefer in den Wald schritten,
956 3253 3135 3425 der immer dichter wurde. Einige Zeit hatte ich
941 3416 3306 3590 sie verfolgt und endlich hatte ich mich entschlos-
938 3579 3259 3795 sen, ihnen entgegenzutreten, aber ein plötzlicher
