3752 4200
2998 337 3130 582 14
974 718 2874 974 de Italiener kam. Gott wird ihn strafen.
983 928 2038 1124 “Hat sie ihn geliebte?"
994 1003 3217 1300 “O alles hätt sie für ihn gegeben. Und man hätte
1003 1202 3081 1453 auch gemeint, dass er sie gerne hat wie sein
992 1320 3269 1548 Leben. Aber es war alles Lug und Trug. Und eines
989 1493 3179 1730 Morgens war keine Spur von ihm da.... Frederigo
1006 1698 2044 1885 war über alle Berge.
1038 1804 2750 2024 "Und Euer Töchterchen ist gestorben?
1046 1946 3303 2194 “Sie hat sich gegrämt, immer blasser und blosser
692 2006 943 2217 23 VII
1049 2133 3246 2326 ist sie geworden und endlich ganz totenbleich¬
1041 2263 3275 2499 Und eines Tages sprach sie zu mir: Wenn Ihr Freunde
1061 2433 3223 2649 derigo noch einmal seht im Leben, so sagt ihm,
1067 2525 3312 2813 ich habe ihm verziehen. Und wie sie das gespro
1067 2730 3257 2943 chen hatte, lehnte sie sich zurück und ihre Au
1072 2848 3396 3151 gen wurden so gläsem. Sie seufste schoer auf und
1075 3093 1594 3243 war tot. ”
1116 3139 3283 3407 "Armes Mädchen," sprach ich fast unwillkürlich
1104 3344 2499 3537 vor mich hin! "Sts xxx
1118 3447 3424 3672 "Ein armes, unglückliches Mädchen. Sie hat nicht
