3752 4280
3140 491 3285 647 31
1069 789 2551 1000 genau den Ort an, wo sie wohnt.
1043 968 3345 1138 Nachdem Fernando meine Bitte erfüllt hatte, sag
1057 1104 3230 1303 te Graf Leonardo zu mir: "Ich hoffe Euch nicht
1043 1254 3368 1436 das letztemal gesehen zu haben. Ich will nochmals
1046 1456 3204 1592 mit Euchwegen Frederigo und meiner schwarzen I
1049 1537 3305 1739 talienerin sprechen. Also to bitte Euch besucht
1037 1673 3209 1921 mich heute Abend. Dieses Haus," er deutete auf
1037 1823 3282 2060 ein grosses, prächtiges Gebäude, "Ist das meine
1026 1982 3285 2236 Hier könnt Ihr mich treffen. Euer Name, wenn Ihr
1040 2149 1482 2328 erlaubt?”
1034 2288 3299 2542 Ich nannte ihm denselben und verabschiedete mich
1028 2444 3166 2678 von ihm. Mit schnellen Schritten ging ich dem
1014 2606 2357 2759 Aufenthaltsorte Sophiens zu.
1687 3019 2736 3230 .... ̃
