3368 4136
2732 492 2867 661 68
754 695 2966 993 Aber ich muss wieder gehen," sprach er dann mit
771 929 2907 1140 schwerer Stimme. "Ich kann hier nicht bleiben.
760 1089 3025 1306 Lebt wohl." Er fasste meine Hand und drüchte sie
763 1289 2918 1472 heftig. "Leb wohl Geselle, es freut mich, dass
777 1432 2864 1618 ich Dich noch einmal gesehen in diesem Leben.
779 1548 2552 1761 Vielleicht sehen wir uns nie wieder. „
765 1685 2969 1925 Als ich ihm noch immer nicht antwortete, sprach
785 1871 2783 2077 er nochmals: "Ha, Du kennst mich wohl nicht
768 1995 2960 2195 mehr, ich bin Frederigo, Dein Freund Frederigo.
763 2167 2831 2358 Nun aber lebe wohl. Haha, dass Du mich nicht
774 2299 2884 2496 mehr kennst! Ich bin alt geworden da draussen
779 2493 2153 2631 in der weiten Welt. Leb wohl,
771 2617 2890 2842 Auf seinen Stub gestützt ging er weg. Ich sah
779 2774 2932 2985 dem wahnsinnigen Greis nach, bis er hinter den
779 2932 2935 3120 Gräbern verschwand. Er ging gebeugt und schwan
779 3106 2940 3348 kend. Ein wehmütiges Gefühl durchzitterte mein
777 3253 1041 3433 Herz.
819 3343 2932 3627 “Seht Ihr,“ sprach der Mann neben mir, “Gottes
2096 3709 2214 3846 G.C.P.
