3672 4216
3080 543 3180 663 8
1819 842 1960 980 II
736 1232 936 1435 20/9
1015 1282 3233 1470 Am nächsten Morgen sollten wir uns an der Quel¬
1015 1423 3113 1631 le finden; was ich geehnt, geschah — sie kam
1006 1584 3268 1769 nicht. Ich war den ganzen Zag über wie im Fieber
1012 1749 3365 1960 und konnte den Abend kaum erwarten. Ich hatte mich
1003 1910 3204 2106 schon beim Anbruch der Nacht am Saum des Waldes
1003 2051 3139 2236 eingefunden und ich verbarg mich hinter einem
995 2150 3271 2400 mächtigen Baumstamm. Es war eine stürmische, wet
1006 2362 3171 2511 tergraue Nacht und Blatt um Blatt fiel von den
986 2514 3210 2673 dorrenden Aesten. Viele Zweige waren schon ganz
992 2652 3186 2840 entblösst von ihrem Blätterschmuck und die kah
971 2778 3277 2981 len Aeste wurden vom frostigen Winde höhnisch um¬
968 2969 3245 3168 braust. Und sie knarrten so stöhnend und beugten
968 3122 3230 3321 sich so ächzend unter dem erbarmungslosen, kal -
971 3256 3218 3468 ten Sturm. Mancher brach wohl auch unter der Ge¬
956 3403 3274 3617 walt des Windes und fiel hinab zur gelben, trau¬
956 3591 3224 3761 ernden Erde. Die Erde sah jetzt aus wie das Grab
