3368 4232
2796 327 2887 569 1
1489 972 3000 1214 Sie waren tief, sie varen unend-
709 1153 2968 1337 tief, diese dunkelblauen Augen. Und sie spiegel-
715 1331 3012 1524 ten sich wieder wie Sonnen in dem wogenden Meere
703 1468 2863 1655 meines Herzens und sie strahlten so leuchtend,
718 1699 1100 1810 so treu.
706 1748 2957 1958 Und ihre Haare waren goldtg; blinde Locken wall
724 1932 3073 2107 ten um die Schultern - und es waren lange, dichte,
709 2084 1395 2277 schöne Locken!
706 2262 2840 2402 Ach, die Sonnen meines Lebens, sie sind ent -
715 2405 2948 2568 schwunden, das wogende Meer meines Herzens ist
724 2554 2963 2709 öde, einsam, unbestrahlt... und von den schönen,
715 2688 2890 2863 langen, blinden Locken trag ich nur eine einzi
727 2843 3009 3088 ge mehr auf der Brust - nur eine von den dichten,
709 3006 1445 3170 blonden Locken!
703 3143 3021 3322 Ich lag tm Walde. Es var Herbst; doch der Herbst-
730 3301 2913 3552 tag war schön und die Sonne brannte noch heiss.
1664 3590 2247 3850 nach diesem
