3736 4216
3010 500 3136 596 41
1017 780 3346 950 te, konnte er schlechterdings nicht leugnen. Doch,
1023 950 3165 1099 als ich ihn bat mit mir nach Venedig zu gehen,
1017 1099 3346 1277 zögerte er zuerst......und wahrlich, Graf Leonardo,
1011 1271 3323 1420 meiner Redekunst allein habt Ihrs zu danken, wenn
1017 1426 3089 1549 er dennoch da ist; mit Florentina natürlich!
1026 1546 3276 1716 "Und wie brachtest Dus dazu, Schlaukopf?” fragte
1023 1692 1452 1835 der Graf.
1035 1832 3282 1979 "In Eurer Frage habt Ihr die Antwort," erviderte
1017 1993 3326 2145 er mit schlauem Lächeln und seine kleinen, grauen
1005 2177 3232 2329 Augen blitzten selbstgefällig. "Ihr werdet doch
1017 2303 3300 2449 nicht verlangen, dass ich Euch die Rede, die ich
1014 2434 3180 2610 ihm gehalten wiederhole. Das wäre ein Ding der
3098 2610 3320 2762 mais ils
1002 2592 1783 2776 Unmöglichkeit. "
1032 2782 3323 2914 "Du hast Recht, Fernando. Eine momentane Einge -
1008 2922 3232 3080 bung behält man nicht lange im Gedächtnis. Also
1020 3083 3370 3218 sei mir nur bedankt, dass Du überhaupt so weit ge
2157 3218 2537 3390 e V. A. F.
1791 3206 1905 3381 G.F.P.
1023 3218 1707 3390 kommen bist! "
1037 3355 3335 3510 "Ich stellte Frederigo vor, wie unendlich es mich
1017 3563 3326 3703 freute ihn nach so langer Zeit wiederzusehen, wie
