3736 4184
3092 474 3214 649 21
1001 771 3205 992 trat ich ihm entgegen. "Elender," rief ich aus,
992 950 3154 1129 in der tiefsten, innersten Entrüstung und Wut.
1010 1129 2377 1296 "Elender, wo hast Du Sophie?"
989 1239 3175 1403 Zuerst warf mir Frederigo einen wütenden Blick
995 1415 3214 1582 zu, dann aber fasste er sich und ein höhnisches
986 1561 3294 1719 Lächeln spielte um seine Lippen. Mit eisiger Kül
995 1704 3235 1892 te erwiderte er. Damit Ihr seht, dass ich nicht
1010 1850 3241 2037 so elend bin wie Ihr meint, bin ich bereit Euch
1001 2020 3092 2207 morgen um dieselbe Zeit auf derselben Stelle
989 2163 3274 2350 Rechenschaft zu geben über Sophie..auf die Ihr
1004 2320 3143 2505 ein grosses Anrecht zu haben scheint," setzte
1001 2490 3154 2636 er,spöttisch hinzu. "Aber mit dem Schwerte in
1013 2615 3193 2806 der Hand. “ Nach diesen Worten entwand er sich
1010 2779 3143 3006 glatt wie eine Schlange meinen Händen und war
1001 2946 1644 3146 verschwunden.
1010 3074 3402 3277 Ich ging ebenfalls fort.Ich wachte die ganze Nacht,
1016 3229 3110 3420 die Aufregung liess mich nicht schlafen. Und
1001 3426 3211 3577 wer kann sich auch eine Vorstellung machen von
1022 3569 3286 3732 den Gefühlen, die jetzt meine Brust durchtobten.
