3720 4200
2957 514 3096 635 39
1033 766 2112 975 "Ists die Italienerin?"
1024 903 3291 1100 "Nein, Fernando, aber er wird mir doch gute Nach
1009 1097 3300 1249 richt bringen!" Mit diesen Worten ging er zur Tü
1009 1228 3276 1374 re und öffnete sie. Gleich darauf hörten wir ser
1006 1355 3267 1562 nandos Schritte auf der Treppe und rasch trat er
1018 1556 1875 1708 in das Zimmer ein.
775 1568 939 1747 vra
1039 1650 2975 1902 "Was bringst Du?" fragte Leonardo schnell.
1027 1835 2082 2036 "Gute Nachricht, Herr.
1024 2015 1650 2185 "Ist sie da?"
1033 2124 2826 2337 "Ihr könnt sie noch heute Nacht sehen."
1030 2309 1890 2492 "Erzähle Fernando.
1018 2440 3361 2601 "Erlaubt vorerst, Herr, dass ich mich niedersetze.
991 2580 3434 2796 Meine Bemühungen um Euch verdienen wohl diese Gunst.
991 2750 3014 2917 Er setzte sich und begann dann zu erzählen.
1015 2887 3261 3106 “Ich war fünf Tage vergebens herumgestreift, hat
1012 3090 3258 3224 te alle Dörfer, Schenken, Berge, Felsenhöhlen in
1006 3224 3206 3434 der Umgebung durchstöbert und durchsucht, aber,
985 3352 3218 3583 wie gesagt, es war vergebens. Am Abend des fünf
