3720 4344
2965 422 3109 608 59
1009 723 3142 947 "Auch sie tot!" rief Leonardo aus. "Reicht mir
1009 938 3098 1094 die Hand," sprach er und lachte höhnisch,"Ihr
1006 1089 3207 1289 seid ja ebenso glücklich als ich. Ihr kennt den
994 1215 3289 1437 Schmerz, diesen grenzenlosen Schmerz. an der Let¬
1012 1363 3331 1552 che der Geliebten zu stehen.. die Geliehte zu seh¬
1009 1534 3151 1696 en, wenn alles Leben aus ihr entschwunden ist.
1006 1687 3307 1870 Seht Ihr, ihre Brust bewegt sich nicht, wie weiss
1018 1829 3307 2000 thre Stirne ist; thre schönen, dunkeln Augen sind
1021 1994 3180 2162 gebrochen! O mein Freund, welch unseltges Ge -
1018 2174 3313 2310 schick verfolgt uns! Was wir geliebt.. ist dahin..
1032 2298 3298 2457 "Auf ewig dahin," sprach ich mit düsterer Stimme.
1015 2446 3313 2623 Einige Minuten waren lautlos verstrichen, als der
1018 2590 3233 2749 Graf mit einem Male das Giftfläschchen nahm und
1024 2729 3401 2947 es zum Munde führen wollte. Ich riss es ihm schnell
1032 2906 1655 3095 aus der Hand.
1027 3044 2443 3257 "Was beginnt Ihr?” sprach ich.
1024 3189 3342 3378 Er antwortete nichts und sah mich mit einem Blick
1044 3363 3298 3537 an, in dem sich eine unendliche Wehmut mit einem
1038 3519 3148 3717 bittern Hohne gegen das Schicksal vereinigte.
