3704 4344
3110 482 3231 668 50
1020 775 3208 943 "O, warum lasst Ihr mich nicht sterben. Mir wä¬
1023 925 3231 1138 re jetzt wohler, wenn ich dieses Gift getrunken
1020 1100 1933 1283 hätte..viel wohler.
1005 1174 3296 1401 Ich hatte das Fläschchen auf den Boden geworfen.
1014 1413 3246 1596 wo es zersprang und seinen Inhalt entleerte, da-
1008 1537 3296 1712 mit der Graf nicht zum zweiten Male einen Selbst
1008 1735 3255 1868 mord versuche. Nun warf er sich in einen Sessel.
1017 1874 3249 2040 "Warum die Menschen so traurig sind, wenn ihnen
1011 2034 3270 2199 etwas Geliebtes stirbt. Seht mich an. Jetzt hebe
999 2188 3264 2309 Ich ste auf...jetzt sträubt sie sich nicht, wenn
993 2324 3317 2466 ich sie küssen will..  er drückte bei diesen wor¬
1005 2492 3240 2613 ten seinen Mund auf die weissen Lippen Florenti¬
996 2652 1203 2776 nas.
999 2714 3276 2995 "Graf Leonardo, diese Lippen küsste vor Euch der
990 2939 1230 3042 Tod!"
976 3072 3160 3216 Mit einem Male fuhr der Graf auf, seine Lippen
976 3205 3252 3406 lösten sich von denen Florentinas, er liess ihre
979 3367 2956 3556 kalten Hände fahren, die er innig gefasst.
999 3488 3376 3728 "Tot, tot," brief er aus und ein unendlicher Schmerz
