3736 4200
3090 450 3230 608 38
981 731 3275 939 Die Natur selbst spielt in dieser Beziehung eine
1420 919 1581 984 G.C.F.S.
1008 913 3367 1136 gosse Rolle. Ihr könnt vielleicht nicht begreifen,
1014 1074 3242 1291 dass ich schon oft geliebt habe, aber mein Herz
1008 1223 3212 1396 kann ja anders eingerichtet sein, als das Eure
1011 1375 2398 1602 Ihr habt nur einmal geliebt?"
1026 1545 2929 1676 "Ein einziges Mal. Es ist das erste Mal.
1038 1673 3269 1867 "Nun, Ihr seht; und wenn Ihr auch, wie das wahr
1020 1837 3382 2028 scheinlich ist, glaubt Ihr liebt stärker, heisser,
1035 1968 3218 2177 inniger als ich, weil Ihr nur einmal liebt, so
1026 2124 3361 2302 antworte ich Euch, dass diese Meinung ganz falsch
1032 2314 3302 2511 ist, denn eine Liebe ist von der andern unabhän
2950 2461 3030 2592 G.H.F.P.
1035 2493 1291 2654 gig."
1041 2589 3436 2765 "Ich will Euch nicht widersprechen," erwiderte ich,
1077 2756 3346 2914 und ich bin auch überzeugt, dass Ihr Recht habt,
1050 2860 3382 3084 sowohl mit Eurer früheren Behauptung, wie mit der
1035 3069 2401 3263 die Ihr jetzt ausgesprochen.
1035 3206 3224 3400 Leonardo war zum Fenster getreten und rief mir
1035 3370 3281 3537 plötzlich zu: "Seht Ihr, dass mich meine Ahnung
1050 3549 1652 3716 nicht trog!“
