6151 3624
4672 486 5049 632 13. E. E 8.
3186 632 4669 1188 Verehrtester Herr Brandes¬
3189 1222 5190 1547 hiebe sind ich Ihnen der kannvericht
3176 1403 5137 1733 der grüne Rakau. Es ist der
3181 1616 5206 2017 Rath von 3 Einekere die kalr auch
3144 1719 3433 1839 Votre très
3157 1799 5246 2184 als Stief erscheinen werden. Aber diese
3149 2065 5235 2429 Grolerke möchte ich gern in Ihren Hand
3184 2301 5206 2615 wissen, bevor sie aufgehört wird.
3146 2519 5291 2846 die Hoftheaterconsur hat sie freigegeben,
3152 2796 5267 3104 mir wenige Stelle (Sie werde sich keine
