<?xml version="1.0" encoding="UTF-8" standalone="yes"?>
<PcGts xmlns="http://schema.primaresearch.org/PAGE/gts/pagecontent/2013-07-15" xmlns:xsi="http://www.w3.org/2001/XMLSchema-instance" xsi:schemaLocation="http://schema.primaresearch.org/PAGE/gts/pagecontent/2013-07-15 http://schema.primaresearch.org/PAGE/gts/pagecontent/2013-07-15/pagecontent.xsd">
    <Metadata>
        <Creator>prov=READ-COOP:name=TrHtr:version=2.1.0:model_id=51170:date=27_07_2023_22:25</Creator>
        <Created>2023-05-02T08:21:50.375+02:00</Created>
        <LastChange>2023-07-27T22:25:16.634+02:00</LastChange>
        <TranskribusMetadata docId="1416758" pageId="54955008" pageNr="156" tsid="131305593" status="IN_PROGRESS" userId="64420" imgUrl="https://files.transkribus.eu/Get?id=IAIMGYZFDNIQGOQPZDFDXZDW&amp;fileType=view" xmlUrl="https://files.transkribus.eu/Get?id=HAJKZYAIHMPRNEFCUSWQWEOU" imageId="44458733"/>
    </Metadata>
    <Page imageFilename="1416758_0156.jpg" imageWidth="6167" imageHeight="3624">
        <ReadingOrder>
            <OrderedGroup id="ro_1711825665459" caption="Regions reading order">
                <RegionRefIndexed index="0" regionRef="tr_1"/>
            </OrderedGroup>
        </ReadingOrder>
        <TextRegion id="tr_1" custom="readingOrder {index:0;}">
            <Coords points="1283,553 4967,553 4967,3228 1283,3228"/>
            <TextLine id="tr_1_tl_1" custom="readingOrder {index:0;}">
                <Coords points="1281,712 4882,676 4882,502 3256,582 2490,484 1281,609"/>
                <Baseline points="1307,656 1319,656 1409,650 1498,644 1588,644 1677,638 1767,638 1856,632 1946,632 2035,626 2125,626 2214,638 2304,632 2394,632 2483,632 2573,632 2662,626 2752,626 2841,626 2931,626 3020,632 3110,626 3164,626 3188,632 3277,632 3367,632 3456,638 3546,638 3635,638 3725,638 3815,644 3904,638 3994,632 4083,632 4173,626 4262,626 4352,620 4441,614 4531,614 4621,608 4710,614 4800,608 4889,603"/>
                <TextEquiv>
                    <Unicode>hat kann ich nicht, habe sehr lange nicht oder nicht mehr, wenn ich sehe, wie sich</Unicode>
                </TextEquiv>
            </TextLine>
            <TextLine id="tr_1_tl_2" custom="readingOrder {index:1;}">
                <Coords points="1276,833 1648,905 1917,824 2096,896 2204,824 2307,887 2441,833 2732,905 3046,864 3046,735 2692,667 2454,770 2405,721 2042,788 1881,717 1733,788 1572,717 1469,788 1276,757"/>
                <Baseline points="1301,817 1355,823 1444,823 1534,823 1623,817 1713,823 1803,823 1892,817 1982,817 2071,817 2161,817 2250,811 2340,811 2429,805 2519,805 2609,805 2698,800 2788,805 2877,805 2967,811 3056,811"/>
                <TextEquiv>
                    <Unicode>von ihm gelesen; auch der Rechnert</Unicode>
                </TextEquiv>
            </TextLine>
            <TextLine id="tr_1_tl_3" custom="readingOrder {index:2;}">
                <Coords points="3140,873 3592,820 3923,891 4367,833 4721,887 4936,833 4936,694 4577,658 4192,761 4017,685 3140,712"/>
                <Baseline points="3164,817 3253,811 3343,811 3432,811 3522,817 3612,817 3701,817 3791,817 3880,811 3970,811 4059,811 4149,811 4238,817 4328,811 4418,805 4507,805 4597,800 4686,805 4776,811 4865,817 4949,841"/>
                <TextEquiv>
                    <Unicode>zureiden die klägsten über der Hörichteste,</Unicode>
                </TextEquiv>
            </TextLine>
            <TextLine id="tr_1_tl_4" custom="readingOrder {index:3;}">
                <Coords points="3158,1026 3852,1075 4945,1030 4945,927 4788,864 4183,909 4053,846 3946,896 3789,855 3646,958 3158,869"/>
                <Baseline points="3182,991 3271,997 3361,997 3450,997 3540,997 3629,997 3719,997 3809,997 3898,1003 3988,997 4077,991 4167,991 4256,985 4346,979 4435,979 4525,973 4615,979 4704,991 4794,997 4883,1014 4955,1032"/>
                <TextEquiv>
                    <Unicode>ärgern. Die Philosophie hilft wohl gege¬</Unicode>
                </TextEquiv>
            </TextLine>
            <TextLine id="tr_1_tl_5" custom="readingOrder {index:4;}">
                <Coords points="1272,1021 1644,1066 1944,1017 2047,1075 2257,994 2813,1084 2934,990 3095,1003 3099,878 2436,954 2065,878 1684,963 1568,864 1272,976"/>
                <Baseline points="1295,1014 1313,1014 1403,1014 1492,1008 1582,1003 1671,1003 1761,1003 1850,997 1940,997 2029,997 2119,991 2209,991 2298,991 2388,991 2477,991 2567,991 2656,991 2746,991 2835,985 2925,979 3015,979 3104,979"/>
                <TextEquiv>
                    <Unicode>Von Lanckowen ist mir noch einbe¬</Unicode>
                </TextEquiv>
            </TextLine>
            <TextLine id="tr_1_tl_6" custom="readingOrder {index:5;}">
                <Coords points="3135,1200 3525,1182 3888,1254 4210,1173 4344,1263 4546,1191 4877,1196 4882,1124 4465,1021 3677,1133 3462,1030 3135,1151"/>
                <Baseline points="3158,1194 3188,1188 3277,1188 3367,1182 3456,1176 3546,1176 3635,1170 3725,1164 3815,1170 3904,1170 3994,1170 4083,1164 4173,1164 4262,1158 4352,1158 4441,1152 4531,1152 4621,1152 4710,1158 4800,1164 4889,1170"/>
                <TextEquiv>
                    <Unicode>Die Todesangst aber nicht gegen</Unicode>
                </TextEquiv>
            </TextLine>
            <TextLine id="tr_1_tl_7" custom="readingOrder {index:6;}">
                <Coords points="1259,1236 2911,1227 3059,1200 3059,1053 2607,1070 2499,1147 2257,1044 2159,1115 1971,1053 1662,1084 1554,1160 1393,1084 1263,1133"/>
                <Baseline points="1283,1206 1367,1200 1456,1200 1546,1200 1635,1200 1725,1194 1814,1188 1904,1194 1994,1188 2083,1194 2173,1188 2262,1188 2352,1188 2441,1182 2531,1182 2620,1182 2710,1176 2800,1176 2889,1176 2979,1176 3068,1170"/>
                <TextEquiv>
                    <Unicode>kommt. Ich sehr jetzt – denken Sie</Unicode>
                </TextEquiv>
            </TextLine>
            <TextLine id="tr_1_tl_8" custom="readingOrder {index:7;}">
                <Coords points="3144,1415 3193,1433 3301,1424 3355,1456 3408,1402 3467,1420 3502,1406 3547,1433 3592,1388 3677,1393 3682,1241 3525,1182 3480,1209 3341,1209 3283,1241 3149,1196"/>
                <Baseline points="3170,1355 3235,1355 3325,1355 3415,1349 3504,1349 3594,1349 3683,1349"/>
                <TextEquiv>
                    <Unicode>Flossiche.</Unicode>
                </TextEquiv>
            </TextLine>
            <TextLine id="tr_1_tl_9" custom="readingOrder {index:8;}">
                <Coords points="1272,1469 1496,1424 1639,1487 1809,1406 2029,1447 2114,1397 2213,1469 2365,1406 2463,1465 2580,1406 3041,1411 3041,1312 2826,1344 2557,1254 2445,1344 1962,1285 1827,1366 1729,1294 1276,1357"/>
                <Baseline points="1301,1432 1349,1420 1438,1420 1528,1420 1617,1409 1707,1409 1797,1403 1886,1403 1976,1397 2065,1397 2155,1397 2244,1397 2334,1397 2423,1391 2513,1391 2603,1391 2692,1385 2782,1385 2871,1379 2961,1385 3050,1391"/>
                <TextEquiv>
                    <Unicode>zum ersten Mal – wie ich von einer</Unicode>
                </TextEquiv>
            </TextLine>
            <TextLine id="tr_1_tl_10" custom="readingOrder {index:9;}">
                <Coords points="3166,1594 3811,1545 4147,1599 4474,1505 4747,1590 4913,1541 4927,1308 4107,1379 3955,1469 3708,1379 3171,1487"/>
                <Baseline points="3194,1534 3229,1534 3319,1540 3409,1534 3498,1528 3588,1522 3677,1516 3767,1510 3856,1510 3946,1510 4035,1504 4125,1498 4215,1492 4304,1486 4394,1480 4483,1474 4573,1474 4662,1468 4752,1468 4841,1468 4931,1474"/>
                <TextEquiv>
                    <Unicode>wahr sie auch nur für Mien danken,</Unicode>
                </TextEquiv>
            </TextLine>
            <TextLine id="tr_1_tl_11" custom="readingOrder {index:10;}">
                <Coords points="1312,1666 2006,1603 2118,1684 2248,1603 2396,1657 2745,1585 2934,1653 3014,1612 3019,1447 2651,1523 2593,1465 2360,1478 2271,1541 2127,1469 1881,1527 1796,1442 1559,1541 1393,1487 1312,1541"/>
                <Baseline points="1337,1606 1414,1611 1504,1606 1594,1606 1683,1600 1773,1594 1862,1594 1952,1594 2041,1588 2131,1588 2220,1588 2310,1588 2400,1588 2489,1588 2579,1582 2668,1576 2758,1576 2847,1570 2937,1570 3026,1576"/>
                <TextEquiv>
                    <Unicode>Jugendbarleitg absehe - den Le¬</Unicode>
                </TextEquiv>
            </TextLine>
            <TextLine id="tr_1_tl_12" custom="readingOrder {index:11;}">
                <Coords points="3135,1738 3252,1809 3449,1760 4161,1787 4685,1697 4824,1738 4868,1572 4492,1594 4398,1527 3686,1666 3462,1594 3140,1608"/>
                <Baseline points="3158,1725 3176,1725 3265,1731 3355,1725 3444,1731 3534,1725 3624,1719 3713,1713 3803,1713 3892,1713 3982,1707 4071,1707 4161,1695 4250,1695 4340,1683 4429,1683 4519,1677 4609,1671 4698,1671 4788,1677 4877,1683"/>
                <TextEquiv>
                    <Unicode>ist zu liebenwärz; ich fühle, dass ich</Unicode>
                </TextEquiv>
            </TextLine>
            <TextLine id="tr_1_tl_13" custom="readingOrder {index:12;}">
                <Coords points="1276,1877 1456,1836 1729,1890 1800,1818 2020,1805 2414,1872 2831,1765 2974,1827 3014,1648 2813,1594 2625,1720 2513,1675 2311,1747 1921,1688 1832,1765 1281,1720"/>
                <Baseline points="1301,1820 1319,1820 1409,1826 1498,1826 1588,1820 1677,1814 1767,1809 1856,1809 1946,1803 2035,1803 2125,1803 2214,1803 2304,1803 2394,1797 2483,1791 2573,1791 2662,1785 2752,1773 2841,1761 2931,1761 3020,1767"/>
                <TextEquiv>
                    <Unicode>Günsche; dann ein nänglicher Stück</Unicode>
                </TextEquiv>
            </TextLine>
            <TextLine id="tr_1_tl_14" custom="readingOrder {index:13;}">
                <Coords points="3122,2038 4246,1895 4895,1953 4904,1792 4206,1765 3422,1881 3310,1796 3135,1800"/>
                <Baseline points="3152,1976 3212,1970 3301,1958 3391,1946 3480,1946 3570,1940 3659,1928 3749,1922 3838,1916 3928,1904 4018,1898 4107,1892 4197,1892 4286,1886 4376,1880 4465,1874 4555,1874 4644,1874 4734,1880 4824,1880 4913,1886"/>
                <TextEquiv>
                    <Unicode>Ihnen, besonders diemal, nicht viel</Unicode>
                </TextEquiv>
            </TextLine>
            <TextLine id="tr_1_tl_15" custom="readingOrder {index:14;}">
                <Coords points="1254,2065 2625,1971 2808,2056 3014,2051 3023,1850 2342,1899 2208,1827 1877,1966 1653,1859 1536,1962 1438,1895 1259,1966"/>
                <Baseline points="1283,2023 1325,2023 1414,2029 1504,2023 1594,2017 1683,2012 1773,2012 1862,2006 1952,2000 2041,1994 2131,1988 2220,1976 2310,1970 2400,1964 2489,1958 2579,1964 2668,1964 2758,1964 2847,1970 2937,1976 3026,1994"/>
                <TextEquiv>
                    <Unicode>über Danke von Federn, denselben</Unicode>
                </TextEquiv>
            </TextLine>
            <TextLine id="tr_1_tl_16" custom="readingOrder {index:15;}">
                <Coords points="3126,2230 3346,2172 3516,2239 4398,2177 4537,2096 4846,2123 4909,2105 4922,1921 4667,2047 4255,1953 4129,2020 3919,1975 3623,2038 3480,1984 3337,2060 3135,2047"/>
                <Baseline points="3152,2155 3223,2149 3313,2149 3403,2143 3492,2143 3582,2143 3671,2137 3761,2131 3850,2125 3940,2119 4029,2113 4119,2101 4209,2095 4298,2089 4388,2089 4477,2083 4567,2083 4656,2077 4746,2077 4835,2083 4925,2083"/>
                <TextEquiv>
                    <Unicode>sein konnte. Im Anfang waren diese</Unicode>
                </TextEquiv>
            </TextLine>
            <TextLine id="tr_1_tl_17" custom="readingOrder {index:16;}">
                <Coords points="1254,2293 1693,2230 1993,2262 2181,2186 2280,2266 2436,2190 2898,2217 3010,2195 3019,2096 2625,2029 2539,2092 2486,2042 2257,2078 2145,2154 1769,2109 1505,2172 1420,2101 1263,2177"/>
                <Baseline points="1283,2244 1325,2244 1414,2238 1504,2238 1594,2232 1683,2226 1773,2220 1862,2214 1952,2209 2041,2203 2131,2191 2220,2185 2310,2179 2400,2173 2489,2161 2579,2161 2668,2155 2758,2155 2847,2155 2937,2161 3026,2155"/>
                <TextEquiv>
                    <Unicode>der den Emerson trefflich übersetzt</Unicode>
                </TextEquiv>
            </TextLine>
            <TextLine id="tr_1_tl_18" custom="readingOrder {index:17;}">
                <Coords points="3095,2472 3278,2392 3583,2450 4094,2365 4340,2419 4788,2365 4927,2427 4962,2150 4676,2150 4438,2266 3919,2213 3099,2284"/>
                <Baseline points="3122,2352 3176,2352 3265,2352 3355,2358 3444,2358 3534,2364 3624,2358 3713,2352 3803,2346 3892,2346 3982,2340 4071,2340 4161,2340 4250,2340 4340,2334 4429,2328 4519,2322 4609,2316 4698,2316 4788,2310 4877,2316 4967,2334"/>
                <TextEquiv>
                    <Unicode>langseitigen Zusegeschichten; und dem</Unicode>
                </TextEquiv>
            </TextLine>
            <TextLine id="tr_1_tl_19" custom="readingOrder {index:18;}">
                <Coords points="1272,2522 1903,2423 2029,2481 2311,2383 2562,2445 2692,2365 2862,2463 2938,2445 2951,2253 2678,2244 2544,2338 2020,2280 1890,2333 1823,2271 1545,2365 1281,2365"/>
                <Baseline points="1301,2441 1343,2441 1432,2441 1522,2441 1611,2429 1701,2429 1791,2417 1880,2417 1970,2412 2059,2406 2149,2400 2238,2394 2328,2382 2417,2382 2507,2376 2597,2370 2686,2358 2776,2352 2865,2346 2955,2340"/>
                <TextEquiv>
                    <Unicode>hat. Gibtre leztitet mich bereit</Unicode>
                </TextEquiv>
            </TextLine>
            <TextLine id="tr_1_tl_20" custom="readingOrder {index:19;}">
                <Coords points="3108,2589 3467,2669 3668,2575 3771,2634 4000,2580 4170,2634 4318,2557 4801,2629 4918,2580 4922,2410 4676,2445 4600,2392 4479,2495 4344,2414 4134,2472 3820,2392 3444,2517 3287,2463 3108,2517"/>
                <Baseline points="3134,2567 3140,2567 3229,2573 3319,2573 3409,2573 3498,2573 3588,2573 3677,2573 3767,2567 3856,2561 3946,2561 4035,2561 4125,2555 4215,2555 4304,2543 4394,2537 4483,2531 4573,2531 4662,2531 4752,2543 4841,2543 4931,2549"/>
                <TextEquiv>
                    <Unicode>liegen die Schallen von jenem traurige</Unicode>
                </TextEquiv>
            </TextLine>
            <TextLine id="tr_1_tl_21" custom="readingOrder {index:20;}">
                <Coords points="1259,2651 1393,2656 1469,2705 1550,2651 1635,2656 1706,2714 1800,2647 1863,2665 1975,2611 2029,2620 2033,2522 1980,2495 1953,2522 1809,2526 1769,2495 1671,2589 1599,2593 1518,2589 1429,2513 1263,2548"/>
                <Baseline points="1283,2638 1325,2638 1414,2638 1504,2632 1594,2632 1683,2626 1773,2620 1862,2620 1952,2615 2041,2609"/>
                <TextEquiv>
                    <Unicode>längere Zeit.</Unicode>
                </TextEquiv>
            </TextLine>
            <TextLine id="tr_1_tl_22" custom="readingOrder {index:21;}">
                <Coords points="3122,2857 3422,2790 3695,2857 4125,2781 4268,2826 4582,2745 4958,2848 4962,2607 4577,2625 4461,2696 4129,2647 3919,2728 3328,2629 3126,2687"/>
                <Baseline points="3146,2770 3176,2770 3265,2770 3355,2770 3444,2770 3534,2770 3624,2770 3713,2770 3803,2764 3892,2764 3982,2758 4071,2758 4161,2752 4250,2746 4340,2746 4429,2740 4519,2734 4609,2734 4698,2740 4788,2752 4877,2764 4967,2764"/>
                <TextEquiv>
                    <Unicode>weignis oft, und mir zur in dieser</Unicode>
                </TextEquiv>
            </TextLine>
            <TextLine id="tr_1_tl_23" custom="readingOrder {index:22;}">
                <Coords points="1272,2817 1702,2857 1769,2790 1975,2795 2105,2857 2195,2795 2356,2831 2513,2772 2916,2835 2951,2651 2660,2714 2217,2647 2083,2737 1962,2651 1720,2750 1639,2678 1276,2719"/>
                <Baseline points="1295,2806 1349,2806 1438,2800 1528,2800 1617,2800 1707,2794 1797,2788 1886,2782 1976,2782 2065,2782 2155,2782 2244,2776 2334,2776 2423,2770 2513,2770 2603,2770 2692,2770 2782,2770 2871,2770 2961,2776"/>
                <TextEquiv>
                    <Unicode>Seit das Metterschie ist, wod ich</Unicode>
                </TextEquiv>
            </TextLine>
            <TextLine id="tr_1_tl_24" custom="readingOrder {index:23;}">
                <Coords points="1263,3001 2042,2978 2145,3041 2320,2987 2427,3046 2607,2960 2701,3019 2875,2987 2925,2862 2696,2799 2432,2929 2217,2857 2092,2929 1993,2862 1263,2902"/>
                <Baseline points="1289,2979 1319,2973 1409,2973 1498,2973 1588,2967 1677,2967 1767,2967 1856,2967 1946,2967 2035,2967 2125,2967 2214,2967 2304,2967 2394,2967 2483,2961 2573,2961 2662,2955 2752,2955 2841,2955 2931,2949"/>
                <TextEquiv>
                    <Unicode>auch manchmal aufs Land</Unicode>
                </TextEquiv>
            </TextLine>
            <TextLine id="tr_1_tl_25" custom="readingOrder {index:24;}">
                <Coords points="3175,3059 3417,3122 3587,3023 3946,3063 4228,2965 4322,3028 4515,2974 4931,3046 4936,2844 4707,2880 4138,2781 3861,2907 3444,2844 3175,2920"/>
                <Baseline points="3200,2997 3289,2997 3379,2991 3468,2991 3558,2991 3647,2991 3737,2985 3826,2985 3916,2979 4006,2979 4095,2973 4185,2967 4274,2961 4364,2955 4453,2955 4543,2955 4632,2961 4722,2973 4812,2985 4901,3003 4943,3009"/>
                <TextEquiv>
                    <Unicode>FreiElingslage schwer auf meine Seel.</Unicode>
                </TextEquiv>
            </TextLine>
            <TextLine id="tr_1_tl_26" custom="readingOrder {index:25;}">
                <Coords points="1299,3180 1590,3229 1729,3149 2302,3140 2423,3207 2647,3198 2750,3292 2871,3278 2871,3068 2678,3023 2432,3104 2163,3086 2065,3001 1948,3095 1635,3055 1554,3113 1433,3037 1299,3090"/>
                <Baseline points="1325,3152 1361,3152 1450,3152 1540,3146 1629,3146 1719,3140 1809,3140 1898,3134 1988,3128 2077,3128 2167,3122 2256,3128 2346,3134 2435,3134 2525,3134 2615,3140 2704,3140 2794,3140 2883,3146"/>
                <TextEquiv>
                    <Unicode>und für den Sommer hab ich</Unicode>
                </TextEquiv>
            </TextLine>
            <TextLine id="tr_1_tl_27" custom="readingOrder {index:26;}">
                <Coords points="3140,3207 3825,3269 3937,3225 4111,3301 4492,3238 4774,3310 4859,3296 4855,3023 4618,3019 4277,3149 3296,3072 3135,3131"/>
                <Baseline points="3158,3182 3247,3188 3337,3188 3426,3194 3516,3194 3606,3194 3695,3206 3785,3212 3874,3212 3964,3212 4053,3218 4143,3212 4232,3212 4322,3212 4412,3212 4501,3212 4591,3206 4680,3212 4770,3206 4859,3212 4865,3212"/>
                <TextEquiv>
                    <Unicode>dazu kommen noch waren sei zum</Unicode>
                </TextEquiv>
            </TextLine>
        </TextRegion>
    </Page>
</PcGts>
