6136 3608
981 636 3068 846 worten; andre, die lang je Seit gebelt sind,
962 813 3054 1047 haben ihrer Acht zurückgelassen - und der Bift
951 1020 3010 1285 von todten Sachen ist nie schön, die Blumen
934 1249 3156 1523 auf den Zielene sind eine traurige Aufbucht.
970 1490 3054 1758 Ich glaube mit dieser unreinlich er zu fast
959 1719 3142 1982 unmoralische Art meinen Lebenshängt
959 2006 3126 2219 es auch zusammen, daß ich hinauf in jeden
956 2170 3129 2449 Einzelfall gedanklich mit allen Möglich¬
945 2382 3093 2603 keilen einen Weiterenbuchlung fodig
965 2637 3098 2885 bin – und daß ich den Ereignessen selbst
951 2935 3090 3134 meisters als ein verblüfftes jegenüberseh.
3167 539 3656 699 7. Schnitsler
4463 561 5212 777 Wien, 3. Feb 1897
3322 884 4751 1260 Warnhrtester Herr Berndes
3402 1083 5287 1503 Sie haben wir einen so herzlichen Brief
3195 1418 5293 1705 geschrieben, das Ermit mich sehr. Es gehört wohl
3214 1631 5364 1913 zu den angenehmsten Erfahrungen einem Un¬
3203 1849 5362 2150 schen, der einem längst viel bedutet hat,
3225 2084 5315 2338 sich auch möchlich noch zu füsten. Lassen
3209 2346 4651 2537 Sie mich das weiter glauben.
3242 2471 5373 2717 die Milde, mit der Sie mein Stückleuthei¬
3192 2708 5284 2982 len könte zum großen Theil wohl daher
3198 2941 5381 3270 dass ik merken, ich selbst schäßer nichtig.
