6152 3608
1250 510 4931 805 nicht wenigstens auch ein paar, daß sie unter Aufschiefe noch
1217 670 4893 960 dumulei zu sehen und zu sprechen, einen Pfändungsauftrag h,
1208 885 4968 1147 bekam, auf der Rückreise, thät kommen habe. Rufard Beerk.
1222 1100 4949 1381 mir leid. Sie entschuldigen, ist an Märthersee, in Portschach,
1203 1391 4963 1653 sich, das sie mir die Zeit ge, Villa Constrin, u. wird mehr
1236 1541 4945 1845 rückt haben - als wie sie nicht den ganzen Sommer dort Hi¬
1236 1836 4945 2084 wußten, daß ich Ihnen ein gen. kan. Ich fahre nur alten nach
1222 1967 4856 2341 zum Herzen für die Kinde den. Salzkug und weiss keinen
1236 2276 4931 2594 kann, die Sie mir wid man. Was ich weiter unternehmen
3039 2510 4837 2767 worden. Ich bin sehr erfüllt
1203 2505 2945 2795 Mütlich der wirklich erst
1250 2688 4968 3044 sagen?  Dass das Geldpunktlich von einem schönen Stoff, einen
1250 2955 4851 3320 angekommen ist, ersehen sie daraus in heutiger Zeit siekende
