6152 3608
3287 254 3572 507 wem
885 285 5047 673 Ein. Diese Abend, die ich jetzt reiz. Einigern möcht ich endlich
3002 580 4954 895 hören, das Sie ganz genehmen
890 549 2862 895 manchmal auf den Land¬
2997 782 5068 1128 sind. Dabei ist doch sehr erfielich
854 802 2914 1144 Dreihen verbringe, die Ock war
3018 1015 5042 1439 dass die Sache völlig unbedenklich
880 1061 2971 1501 ich sie kommen, alles das damght
2997 1237 4995 1589 ist und daß Sie dabei arbeiten,
901 1304 2997 1687 von Erinnerungen; - auf man
3525 1496 3805 1651 que les
2976 1486 5021 1889 und sich über den Johann
895 1646 2806 2003 den, wis tief manch heute
2987 1734 5057 2174 Flühr von Stüchern und Wiesen
885 1848 1636 2210 süd! -
3028 1967 5042 2397 auf Ihren stelletes Frauen
864 2127 2930 2469 Verzeihen sie daß ich sehen wieder
3033 2195 5047 2661 der Erfolg Ihrer Gesammtausgabe
844 2314 2894 2697 davon reden; währen Sie selbst
2971 2459 5057 2899 ist zu selbsere sindlich. Lüdner
890 2593 2883 2930 ohnertes nicht in den glicklichsten
911 2831 5011 3163 Stimmen sind. Ich in sich absolut Todes, auf dessen Schreibtels
4374 3054 4892 3365 Mochen
911 3038 2940 3422 nicht. Es Sie noch immer bekläge
3908 3059 4322 3390 Juras
3049 3059 3861 3380 uf werden.
