6167 3732
1180 709 2776 885 cht existieren,von der Ausführung seiner va-
1122 843 2776 989 erländischen Absicht abhalten lässt. Die, Ko-
1139 956 2728 1111 die der Worte hinwiederum hat das Sittlich.
1091 1063 2735 1193 eltsgefühl dieser Herren aufs Tiefste belei-
1135 1183 2658 1330 gt. Dass unter Sittlichkeit nach wie vor
1146 1306 2719 1422 recht etwa Währheit oder sonst etwas Vernünf.
1146 1415 2722 1541 ges oder Positives, sondern ausschliesslich
1115 1493 2719 1650 unterdrückung des Geschlechtstrieben verstan-
1067 1609 2717 1765 den wird, brauche ich Ihnen nicht erst zu er-
1067 1739 2763 1861 zählen. Und dass ich in dieser grossen Zeit, weil
1080 1828 2706 1978 sämmtliche Männer für das Vaterland fechten,
1080 1941 2774 2076 ausser denen, die zuhause sitzen und Thasterre.
1080 2067 2774 2213 ferate schreiben) und sämmtliche Frauen trauen.
1119 2187 2772 2304 er klagen, nicht nur an Opfermut, sondern auch
1224 2263 2713 2432 reue das Ungeheuerste leisten, abgesehen
1206 2376 2685 2537 denen, die es nicht tun) so erbärmliche
1224 2487 2735 2619 te auf die Bühne zu stellen verge, das hat
1189 2617 2772 2774 sonders gesinnungstüchtige Leute (In der Köl
1169 2706 2724 2872 chen Zeitung, und viele andere Zeitungen ha=
1350 2819 2689 2948 erne nachgedruckt) zu der kühnen Frau
2313 2930 2580 3065 letzten
3917 554 4113 754 de Votre
3408 743 5087 880 Bekannten haben wir zu beklagen. Im Einzelnen
3385 883 5106 1043 über all dies weiter zu reden müsste ins Gren-
3385 976 5106 1143 zenlose führen. Ist es schon in ruhigeren Zei-
3391 1085 5021 1243 ten etwas verwegen, im Dezember vom nächsten
3378 1198 5087 1328 Sommer zu sprechen, so erscheint es jetzt bei.
3378 1313 5126 1465 nahe verrückt. Trotzdem möchte ich düesen Brief
3385 1415 5110 1552 nicht gerne schliessen, ohne des Hoffnung einer
3385 1535 5110 1676 baldigen Wiederbegegnung mit Ihnen Ausdruck zu
3398 1641 5052 1772 geben, und jedenfalls wäre es sehr liebenswür¬
3385 1748 5039 1874 dig von Ihnen uns ab und zu durch eine Zeile
3378 1848 5045 2009 von Ihren Befinden, von Ihrem Wohlbefinde zu
3385 1982 4997 2124 benachrichtigen. Wellen Sie in meinem Namen
3385 2069 5013 2217 auch Peter Nansen die besten Wünsche für seine
3391 2200 5045 2330 baldige Genesung bestellen; seine neue Novell
3398 2315 5087 2461 wird man wohl auch bald in deutscher Sprache zu
3374 2400 5039 2548 lesenbekommen. In den vielen Jahren, da er lei
3378 2513 4974 2667 der schwieg, hat man ihn hier keineswegs verwandt,
3408 2613 4997 2785 gessen und wird sich seiner neu erwachenden
3408 2737 4669 2898 produktionskraft aufrichtig freuen.
3624 2835 4639 2982 Und nun leben Sie wohl, und
3839 2952 4817 3080 In meiner Frau, aufs Allerher
4391 3045 4724 3204 lieuës
