6168 3607
1106 455 5454 699 um ihre geme kaknte, das beste fünfartigen Sache hoffüftest; und schein
1106 667 5383 938 verste Schwerigkeiten begegnet. In Berlin überhaupt als kann ich jetzt in andern
1084 900 5394 1198 haben sie es verboten; - hier will das Gegenden. Corweis, ob aldas Anfangi¬
1079 1052 5432 1442 Johannesur die unmöglichsten Aemtungen, nicht doch eine Tagdurch war; genossen
3296 1301 5394 1675 von einer gewissen Zeit an. (wenn früher
1084 1344 3204 1659 Es hielt am Abend der Bastillen er¬
3258 1545 5378 1832 einverl, om meinen G. bis je wäre
1073 1583 3188 1865 stürmen in Paris - aber ich soll
3274 1778 5362 2093 20. Jahr (al ich geschrieben, wie der
1063 1773 3133 2147 den Blutjürich herausstreichen
3312 2006 5307 2369 Vogel siegt“ – ich mich damit
1046 2071 3161 2380 Auf daß ein Gaszog umgehrecht wird,
3302 2163 5448 2646 sehr plücklich gewesen sein; die ich wenn
1079 2234 3220 2543 will den Leuten nicht gehalten. Ich sein
1073 2494 3199 2808 mif Ihnen das Vier bald zu schicken,
3302 2510 5421 2814 weil gar nicht, wie ichs eigentlich
1073 2754 3177 3063 es wird sie mahrscheinlich annehmen
3302 2721 5356 3047 gemacht habe. Ich habe noch mancher,
3345 2944 5302 3274 Wornerheit im Fehlnachtfiel im
1101 2955 3226 3285 Nur jetzt lie ich mit einer ganz schonlastische
