6121 3608
3271 921 3756 1116 danken.
3258 1041 4998 1385 Es ist Ihnen, servorschte Herr kaum bekannt
3264 1247 4930 1519 geworden, daß der Märche bereits
3212 1456 4978 1686 ausgeführt worden ist. Wie hat es
3221 1634 5003 1915 in Wien, an deutschen Volksthenten
3228 1788 5053 2121 gegeben. Die zwei ersten Okte gefü¬
3224 2037 5026 2289 len; der dritte missiel so gründlich,
3221 2264 4985 2538 daß es das ganze Stück miteiss.
3237 2465 4924 2719 Inbesondere scheint man über die
3237 2678 4930 2938 monalischen Qualitäten des Stücks
3248 2893 5001 3124 wenig erlaut gewesen zu sein;
3248 3074 5003 3310 ein Kritiker rief mit zu. Um¬
