6120 3624
1999 172 2205 510 P.
3952 249 4127 479 e
3249 486 5338 788 auch hat er schon zwei Töchter, die kürzen
3239 711 5264 1005 med Nön wir heißen. Aber sein
3247 931 5235 1213 eine Novele (was ich davon keine
3247 1166 5293 1483 ist wunderschön) ist noch nicht herlig.
3244 1380 5198 1737 Ist Ihnen ein Foncern bekannt.
3204 1570 5303 1954 Die Jeden von Zirnebef, von Wasser¬
3247 1864 5261 2139 manu. Ich glaube das ist derjenigen
4111 2022 4590 2218 deutscher,
3233 2054 5314 2416 Consch. der den Rönnen vom Anfang
3217 2334 5311 2631 des nächsten Jahrhunderts schreiben
3249 2620 5208 2937 wird. sind Ihnen die Noveldetten
3247 2879 5377 3157 zu gekommen, die ich Ihnen an Frühersschickte.
