6151 3624
1035 559 3171 821 aber auf den Bild eines unbekannten
989 794 3134 976 Unders das in einer unbekannte
1040 989 3128 1273 Gallerie in einer ganz kleine annale
1059 1222 3131 1479 einlichen Stadt hängl. Verartiger
1000 1430 3094 1690 findet sich in der Licht nicht gerad,
1013 1647 3160 1922 selten. – Was ich aber sonst um d'Ammeri
979 1858 3008 2115 könne, hat auch mit Bewiederung
1016 2096 3045 2388 erfüllt. Ich meine den Wiumpf des
971 2345 2636 2594 Todt wird die Unschuldige:
1005 2519 3134 2882 Wie lange bleibe Sie noch ein¬
971 2834 3035 3053 lian. Went into bals wich no
3243 580 5315 837 des Theaters nach sieben Vorstellungen
3208 770 5310 987 "auf einen Wink von oben", (über den
3219 1003 5348 1241 man mir selbst mir unter 4 Augen
3243 1241 5262 1479 Aufschluss geben wollte, was ich
3217 1433 5350 1706 nicht annahen) der Stück absetzte.
3238 1652 5334 1928 Mein neues Schauspiel kommt im Herbst
3233 1872 5372 2139 in der Stürg darin (wenn die Hofensur
3238 2069 5270 2318 nichts dawieder hat); jetzt habe ich
3230 2286 5315 2508 ein jaar einücklige Sachen geschrieben
3238 2516 5366 2711 und möchte bald wieder an was größeres
3206 2671 5283 2936 gehen. Bei dem neuen Schauspiel
3214 2952 5364 3152 ist mir stärkes als je ein Grundmangel
