6168 3607
1025 485 3157 741 grasse uns ungeheuerlich, ausgelehlt
1054 626 3093 906 worden sieren. Aber wir wollen über diese
1054 890 3090 1122 weiterlichen Magi lieben gar nicht reden.
1035 1100 3182 1335 Ich freie mich, das das Vormühlens einige
1030 1316 3114 1593 Weifall bei Ihnen gefunden hat. Und
1022 1531 3133 1793 selbst ist mir der erste Aktlieb; denn
1022 1731 3074 2046 gewisse Partien der Ehlen. Solange
1019 1947 3098 2246 die Haufzeihen auf der Krone ist
1027 2162 3106 2459 hat ich das Rede nicht zum. Die ist
1033 2357 3133 2659 ganz ungehörlich geblieben sind ich.
1019 2626 3176 2907 Während der Probe seel und manche
1006 2791 3141 3082 ein, wodurch ich der Stadt hätte höhe hingen
1046 3012 3001 3249 können; vor allem hält ich das Kind
4772 450 5147 652 Schnitzler
4993 596 5325 723 12.1.99
3370 690 5015 1132 Verehrter Herr Byvendes,
3308 1022 5374 1354 gehlen hab ich Ihren Brief bekommen
3257 1246 5336 1523 und aus dem befahren, das Sie wieder
3225 1507 5347 1771 in Bette liegen. Abendt slau es
3238 1726 5290 1974 in einer teilenen Erilung zu lesen,
3238 1928 5225 2154 mit den Reisab, dass die sich schon
3249 2127 5344 2383 auf dem Mag der Messerung befinden
3268 2381 5374 2626 Ich hoffe, daß es sich so verhält im
4931 2499 5163 2675 leur
3238 2575 5409 2812 daß sie bals ganz gesund ist. Meine
3249 2791 5314 3076 unei schon Wünsche sind bei Ihnen
