6121 3608
3115 388 4704 587 23. 14.5.01. " Arth. Schnilger "
3234 724 4361 984 liebstes Herr bereits
3176 979 4982 1206 de cusins Wohnung en gewesen
3250 1163 4940 1448 Ihren beiden Nahnhöfen liegt,
3149 1338 4915 1645 ist es am besten! Sie fahren
3196 1569 4897 1860 mit Ihrem Gepäck zu mir
3248 1851 4973 2064 der Parlier in unserem Haus
3218 2049 4946 2275 kann es aufbewahren; er nur
3192 2241 4861 2515 an sich sein) wenn Sie
3165 2447 4967 2712 es nicht vorziehn, der Gepäck
3169 2705 4843 2947 vom Tordlahnhof dreit zum
3176 2934 4848 3176 Sud bahnhof schaffen zu lassen.
