6121 3608
1052 782 2610 962 Vater hat wohl seinerzeit, mit Freunden zusammen
1069 924 2750 1077 men, ein Krankeninstitut in der Art des Elisa-
1092 1014 2683 1167 bethinums gegründet, hat es gegen mancherlei
1106 1123 2696 1292 Anfeindungen mit Aufgebot seiner ganzen Bege-
1100 1240 2658 1391 ung und Tatkraft, natürlich nicht ohne die
1194 1345 2616 1510 fe ausgezeichneter Arbeits- und Kampfgeld.
1177 1456 2476 1629 an, zu hoher Blüte gebracht und musste
1165 1564 2748 1736 andere gegen Schlus seines Lebens von mancheicht gehört.
1159 1688 2771 1844 ite Undank und Kränkung erfahren; -aber wenn
1117 1788 2719 1949 ein Ausscheiden aus dem von ihm gegründeten
1159 1934 2648 2045 stitut vielleicht auch Einem oder dem Anc-
1117 2012 2643 2158 sicht unangenehm gewesen wäre, er ist keinen
1242 2129 2790 2273 hinausintrigiert“ worden, ja, ist sogar
1242 2250 2813 2388 Direktor des Instituts am 2. Mai 1893 gestor
1261 2361 2729 2495 Uebrigens hat mein Titelheld, der „Profes-
1225 2436 2773 2593 Bernhardi, von meinem Vater nur wenige Züg
1297 2572 2725 2698 chen, und auch die anderen Figuren meines
1188 2664 2714 2813 ckes sind mit der freilich unerlässlichen
1673 2786 2811 2934 rklichkeitszügen so frei gestal
1876 2882 2792 3032 ende, an denen es natürlich
3643 744 4965 903 mangelt, hier von einem Schlüsselstücke
3423 874 4969 1023 reden könnten. Meine Komödie hat keine andern
3405 968 4981 1138 Wahrheit als die, dass sich die Handlung genau
3423 1083 4969 1242 o, wie ich sie erfunden, habe, zugetragen habe.
3662 1200 4917 1372 zum mindesten in Wien zu Ende des
3591 1305 4170 1451 Jahrhunderts.
3727 1428 4875 1579 ich sende Ihnen diese Zeilannach
3764 1520 4929 1675 eilich ohne zu wissen, ob Sie je
3576 1619 4969 1803 zurück sind. Man schickt Ihnen den Br.
3555 1727 4946 1897 nach, sei es nach Paris oder anderswohit
3549 1855 4917 2008 Sie vielleicht über Wien, wenn Sie haben
3626 1949 4862 2121 Oder wo sonst werden Sie im Früh.
3676 2077 4714 2250 wäre schön einander einmal
4325 2292 4620 2455 Grüssen
