6167 3624
970 484 3085 836 Menschen die Ert an liebsten gehabt habe
976 747 2905 1008 meine Geliebte, Freunde und Braut
943 989 2975 1226 die durch mich mit mir sehen meiner
959 1209 3015 1470 teten seinen ganzen Sinn und seine
976 1449 3061 1709 Lange Freude gegeben hat, - und seithes
946 1736 2808 1981 dämmen ich hie, aber exisieren kann
981 1927 3104 2217 unter. Aus der Tülle der Gesammheit
959 2228 3091 2518 und Jugern hat sie eine blödsinnige
965 2510 3123 2763 und hinkelich Krankheit unerfall zwar
1005 2790 2954 3029 Lage ins Qual gerissen, um ich
1051 3048 3061 3263 habe sie storben gesehen, bei volten Knekt
3182 508 5254 723 sein stecken gesehn. Stille sagen sie
3190 731 5297 924 mir kein Wort darüber. Ich müßte es Ihnen,
3169 1002 3803 1193 aber sagen.
3187 1148 5230 1379 Jener dänische Schriftstellung hat sich
3158 1330 5308 1572 bei mir nicht bleiben lassen. Alterbar
3152 1578 5319 1844 wärst einige Anl von Miss abgehand¬
3195 1817 5273 2102 Lassen sie mich recht bald hören wie er
3185 2040 5259 2365 Ihnen geht, ob Sie endgältig gehen.
3187 2266 5259 2567 sind und wie sie mit Ihren kleinen
3206 2537 4727 2851 für den Sommer stehn.
3222 2709 5329 3005 Paul Gartman ist werde in Frenchfurt
3204 2964 5249 3222 und reist viel für sein Blatt.
