6121 3608
1046 543 1723 745 ungeworten ist.
1037 660 2767 885 Auch die alleine Engriffe gegen Sie
1026 849 2751 1060 wegen Ihrer Büdagesten Eindeilung
996 1074 2762 1267 habe ich geben. Er ist ja weitlich zur
1007 1270 2723 1477 nicht ernschaft darüber zu weiter
1007 1444 2765 1700 Une bestimmt es, kau man die
1023 1656 2824 1909 Empfindlichkeit gegenüber den Durchl.
1026 1895 2794 2095 wenn er nur einmal gedrückt ist,
991 2084 2760 2325 nicht ganz verlieren. Ich er mir
1019 2282 2813 2479 mich, wie ich seinerzeit mit eini¬
1003 2475 2804 2728 sem Steuern im Brehwechsel
1026 2696 2820 2919 von Goethe und Schiller Denkunde
1012 2923 2783 3110 ihres Körpers über die nichtigsten
1040 3050 2765 3337 Schreibenberg antref. Seither stimme ich
2898 453 3478 623 20. Schmitzler
2914 750 4639 991 Mein hinter und zweifeles Herr Kommt
2935 959 4598 1180 schon vor einigen Tagen las ich in
2907 1106 4685 1339 einer Zeit, daß die sich mehr lieber
2926 1316 4726 1500 behiebe und in ein Sanatorium gegangen,
2891 1481 4653 1695 wäre; aber nach dem gegen Un¬
2891 1670 4738 1872 auch nach der Schreibt Ihres Brie¬
2884 1824 4632 2031 es scheint mir, daß die Kankheit
2882 2010 4722 2236 desmal leichter auftritt und die
2903 2222 4690 2472 ersten Aude, und hoffentlich stehe
2896 2452 4736 2643 Siebele wieder auf und sind aus¬
2877 2631 4641 2854 lich ganz gesund. Es ist gewiss
2889 2820 4648 3027 ein guter Zinsen, meine Reichen¬
2914 3031 4641 3264 in abgeschwächtes Toren auftreten.
