6136 3608
1168 788 3041 949 Vorschlag verhalten, und wenn mich nicht
1181 914 3089 1100 alles trägt.- Eindruche sind Erfahrungen;
1191 1070 3094 1234 upen ich mich an diesen Stellen (was
1191 1208 3107 1359 Sie vielleicht nicht einmal wunder nebenen
1156 1329 3112 1538 und) keiner sonderlichen Sympestien
1118 1483 3086 1672 ja ich kann mir vorstellen, daß eine even¬
1088 1672 3059 1896 tull beabsichtyte fuerhemmig jenes
1098 1770 3081 1966 Freises an mich gerade in meinem Verlei¬
1085 1913 3034 2112 land bei manchen maßgebenden
1105 2044 3034 2271 factoren auf einen Widerspruch stiefe,
1118 2203 3018 2402 der nie durch das Wort eines Mannes
1130 2392 3059 2596 Wir höchster Bedeutung und weitestens
1118 2505 3046 2719 Rührer paralyseit werden könnte. In
1110 2671 3071 2933 diesem Zusammenhang aber komit' ist
1135 2840 3029 3076 Reine in jemand anden denhen as
1158 3011 3049 3260 an Sie, der mir schon ein Schätzer, ein
3205 753 5100 942 Freund gewesen ist sie einer Zeit, da ich
3200 894 5151 1052 von andern Kritikern und kennen nicht
3182 1025 5158 1201 oder kann bemerkt müde, und der reither,
3175 1183 5161 1422 durch mehr at mausig Jahre meinen Weg
4793 1307 5010 1410 auch
3187 1334 5131 1485 nicht aus mit Künstlerischen, sondern was
3182 1463 5173 1644 ich sehr wohlthüend empfand, wenschlicher
3212 1636 5189 1818 Antheilnahme begleitet hat; und habe mich
3185 1750 5176 2024 gefragt, ob sie sich wohl bereit fänden, in
3175 1946 5158 2105 solches Wort für mich, - das sich zur Ernst¬
3185 2054 5178 2293 fall wahrscheinlich als sehr notwendig u.
3159 2236 5186 2490 weisen würde - an der entscheidender Stelle
3230 2361 5131 2593 auszusprechen? Ob Sie diese Anwegung.
3187 2616 5184 2752 wie als eine nicht allzu bescheidne Bitte
3230 2691 5163 2918 oder als der erlaubten Versuch auffassen,
3212 2913 5126 3127 nollen, mich Ihnen in einen geegne¬
3134 3051 5158 3265 ten Moment einfach in Erinnerung zu bringen.
