6167 3624
1062 499 3211 743 was am Anfan dieser Briefes sehl
3296 456 5445 849 Jetzt eben hat ich manche Vordriesslichkeiten durchzu¬
3291 738 5334 1035 machen, die mich im Cateiten so sogar in
1088 786 3158 977 das Äht einen Verkehr gegen mit
3269 918 5339 1242 ordentliche Lesen stören. Der bis zum
1093 908 3147 1205 selbst in mir neu erwachen; daß ich
4904 1162 5403 1417 kommen.
1077 1141 3222 1465 nemlich nicht klug, sondern "geistreich" bis
3280 1157 4888 1460 Trühjahr mich manches in Ordnung
3264 1343 5440 1725 und ich will ein löschen herweisen. Da
1093 1327 2404 1640 Er sind wohl mir Anfälle.
3280 1582 5392 1958 nehme ich mir Ihren „Stakespeare" mit
1099 1576 3110 1900 Richard Bear-Kofermann bittet weit¬
1083 1831 2171 2096 herlässt zu grüßen.
3296 1762 5403 2176 worauf man sich freut, das soll man in
1077 2022 3116 2314 War ich zunächst schreiben möchte, ist ein
3275 2075 5467 2415 Aufs zu durchleben sicher; auch Bücher!
1046 2229 3195 2548 komödie, sehr gesund, sehe frech, und wi-
3338 2293 5424 2617 Wenn mir was einfällt während der
1056 2457 3227 2776 eines hiegt. Denn bis jetzt sind meine
3301 2516 5350 2834 tectum, werde ich Ihnen sagen, da Sie
1067 2664 3269 3004 Leute immer recht schädig zu Grundsgegange,
3354 2717 5483 3100 und das so freierlich erlauten. Daß
1046 2924 3216 3184 - und sollen war er in schöner kämpf¬
1184 2988 5440 3264 - Die heute, mein weriger Herr Berenberg, sich Ihnen einnehmlichkeitet leiden einiger glück und hin. Er treu gegeben, baldem, schrieben
