6136 3608
3061 522 4853 739 großer Teil auf dem Raub vor. Viel
2978 700 4830 937 leicht entschließen Sie sich einmal,
3019 907 4718 1148 in der heißen Zeit vor Gebage zu
3022 1125 4757 1346 gehn; ich habe mich schon derant¬
3012 1303 4782 1526 gefreut, einmal mit Ihnen im
3022 1487 4810 1710 Treien zu sein, außerhalb von Radl
3031 1712 4798 1945 und Mauere herum zu Papieren.
3051 1922 4750 2147 vielleicht läßt er sich zu machen,
3028 2096 4817 2304 dass Sie, Goldmann und Staar Hofmann
2985 2308 4747 2513 nach irgenden zusammentreffen,
3003 2529 4692 2706 fern von allen Zeilungen – und an
3008 2709 4545 2948 (ret auch von alte „Lilantin“; -
3045 2909 4782 3109 Todenfalls hoff ich sagen und
3028 3093 4754 3288 balsincrits im Meil, wir Ihnen
