6136 3625
3263 640 5285 896 Ihnen hören? Ich brauche die „Wir
3263 811 5372 1064 nicht näher zu bezeichnen. Paul
3285 1037 5356 1301 Goldmann geht auf etwa ein halber
3237 1258 5117 1533 Jahr nach Chine und Japan,
3242 1466 5356 1720 Auftrag seines Blätter; er schafft
3242 1656 5378 1949 bis am 5. April in Gemein ein. Ich
3261 1877 5271 2160 will in der Charwoche per
3218 2117 5367 2397 Rad vom Breuer aus durchsAm
3239 2336 4885 2645 jetzt sein nach Kündig.
3234 2565 5340 2920 Von meiner Anna und Bee-Hofmann
3258 2794 5325 3101 habe ich Ihnen die lezten früße zu sagen;
