6152 3608
3027 428 4804 693 um Sti jardin gegeben, betitelt
2975 709 4738 872 les lauriers sont conpes 2.
2986 906 4756 1127 Nun daß dieser Änder für
2977 1130 4799 1390 sein Form nicht den rechten
3013 1324 4464 1600 Roff zu finden wußte.
3076 1542 4842 1840 Hochwegen Sie einen angenehmen
3070 1763 4786 1994 Sommer med lassen sie wir
3013 2035 4808 2298 Siegelamt seer, ein
3038 2277 4790 2549 Zeit an meint gelangen. Ich
3040 2488 4820 2775 will Ihnen her schieden.
3040 2737 4806 3058 wo ich zum Ruhe gekommen
