6121 3608
1180 542 2956 770 trauerspiel - und möchte das
1194 768 3010 971 Stück gern irgendan im gemein
1224 978 2894 1180 und stillen beginnen im
1187 1176 3015 1524 zu Ende sie hien. Ich freue nach,
1212 1370 2976 1650 dass sie die Generalle vom Lieutenant
1203 1581 3019 1914 Guschl umührt hat. Eine Novell
1212 1848 2930 2106 non abslogewski Krolkaga.
1246 2117 2967 2379 die ich nicht kenne, soll die
1196 2276 2956 2616 gliche Teilnick des Gedanken
1199 2575 2915 2826 monologs aufreisen. Mit
1210 2869 2871 3081 aber wurde der erste Anlehr
1228 3065 2971 3341 in der Form eben seine Geschichte
3058 479 3461 649 24) 11.6.01
3136 800 4849 1137 Lieber und xxx Herr Braucke,
3133 1098 4890 1381 ehe ich wieder einmal auf Reisen
3124 1303 4849 1593 gehe - das geschieht heute Abend
3063 1547 4820 1830 und wahrscheinlich für einige
3076 1739 4906 2053 dwerk, will ich Sie noch herzlich
3097 1976 4895 2226 grüßen und Ihnen für Ihre Nach¬
3067 2222 4851 2418 richte aus Obagen denken,
3067 2434 4886 2671 das Sie übrigens rascher ver
3058 2655 4863 2924 lassen haben, scheint mir, als
3115 2876 4874 3158 Ihre Absicht war. Dass ich sie
