6152 3608
963 570 3005 823 konntisch Romain; nahezu durchaus
963 785 3096 1044 blödsinnen, aber ich habe selbst zu den
944 1014 3096 1286 Zeit, da ich diese Vorgeschrieb, und das
963 1251 3024 1477 Redischens gehabt, es irgend wenn je
974 1453 3042 1732 zeigen? So wird man zu drinzlicher
963 1676 2940 1939 wiederger und unfröhliche von
1006 1894 1950 2147 Iah zu Jahr.)
982 2047 3099 2453 soffentlich schwägt sich Bear-Hopmeri
979 2343 3010 2660 auf, Thüre selbst zu schreiben; fand
982 2515 2951 2913 ist er altenbes waren. Sie wisse
1009 2776 2919 3112 wünschendlich nicht einmal, das
1049 3050 3126 3379 er geheiratet hat, Paula, die Sie kommen,
3169 543 5326 855 müssen am Leben lassen. - aber erscheint
3166 777 5254 1033 ich Sie nicht anständig genug, um ein
3174 971 5270 1251 Und noch auf der Prob zurückzugieß
3182 1130 5237 1453 selbst wie ich weiss, wie es besser ge¬
3198 1353 5246 1609 machen wäre. Es hat in Berlin im
3169 1558 5235 1929 Wien leide Echtausseh viel Erfod
3172 1848 5264 2101 gehabt; in Relie verschwerend es
3185 1974 5251 2335 bald; sie scheint es sich zu fallen.
3193 2246 5313 2580 Igens eine Erkunft hat es gewiss
3163 2459 5248 2763 nicht - und wahrhaft nicht im
3174 2652 5216 2986 wegen seinen Mängigkeit -! - Am
3182 2881 5318 3220 hat ich meer zuschrieben, aber mir bieter
3217 3104 5302 3354 ist; drei klein Stück, von Anan der
