6104 3607
989 735 2979 883 - was ich hier gesagt habe, gilt nötig
991 845 3014 1052 lich mir für den Fall daß Sie (was wir
1004 986 2944 1185 allerdings sellstverhandlich scheint) in
1001 1137 2997 1339 dem schwedischen Comité in Ihre heimand
999 1251 2987 1422 gefragt werden sollten:- andere Fells
999 1409 3012 1593 betrachsen, he bitte dieser Brief hier nur
994 1578 2959 1759 insoweit als vorhanden, als u Ihnen
974 1731 2947 1958 wieder einmal der Christrück meines
974 1870 3002 2116 dankhave Vertrauens, weil einer Freund¬
981 2043 2952 2247 schaft übermittelt, die auch in Jahren
981 2194 2952 2458 da man emander nicht begegnete,
1017 2358 2239 2551 gleich herzlich weilnlebte.
1095 2479 2916 2733 Vielleicht mag ein solches Schreibes
1085 2687 2848 2901 in so aufgewühlter Zeit, wo aus
1069 2841 2987 3030 den bedenklichen Lünsten der Politik
1087 2957 3009 3269 allmälig die erhaben Wolkenbildier¬
3241 659 3717 820 A. Schnitzler.
4091 757 4889 1052 3. August 914.
3321 790 3699 1095 S.
3168 1027 3797 1190 CELERINA B. STORITZ
3233 1120 3749 1253 DIRECTION: CARL SONDERHOF
3158 1198 4366 1427 mein sehr verehrter Freund,
3309 1419 4934 1608 ich erfahre hier, auf einem Umweg
3145 1497 5015 1739 über Schweden, dass der literarische Nobel¬
3113 1666 4980 1875 prées dieses Zehe an Oesterreich fallen,
3087 1812 4992 1985 soll und daß, unter oder neben andern,
3082 1950 5027 2159 ich hiefür nicht unerheblich in Betracht.
3087 2086 5045 2302 kommen dürfte. Nun weiss ich aber, daß
3077 2244 5070 2433 von Schweden auszur Entscheidung der Auge¬
3087 2340 5108 2572 legenheit bei zwissen officiellen Rösper¬
3140 2536 5053 2733 schaften des betreffendes Landes, so bei
3128 2667 5100 2899 der Akademie der Wissenschaften und
3138 2843 5093 3037 dem Unterrichtsministerium angefragt.
3143 2987 5032 3228 zu werden pflegt, wie sich diese zu dem
