6136 3608
2705 1572 2952 1677 8.6.55.
3150 1575 5322 1781 habe sich an mich umschäftnis geändet; und wenn es
797 1570 2938 1905 Gerechtesten Herr Berrnder, eine Bitte diesmal
3114 1690 5272 1932 sich machen liefte, war mir eine starche Aufführen
844 1770 2930 2100 eben (selb Ihnen hoffentlich nicht allein
3131 1855 4101 2045 natürlich sch weinscht. -
3114 2023 5324 2161 In den letzten Tagen habe ich wieder zu arbitra lagonnen; eine
775 2001 2933 2306 viel diese macht. Ein Herr Säulich hat eine
3103 2130 5267 2303 kleine Umelle, die ich gerade zu jener Zeit zugefangen
808 2174 2908 2545 Übersetz der grünen kattadu aus Franz
3095 2292 5258 2488 hatte, und in der mir heute allmöglicher Ahnungen
767 2400 2889 2719 sische an Antoine in Paris geschickt.
3087 2463 3851 2639 zu gebtere sehenen.
3158 2589 5231 2771 Ich freie mit, daß Sie endlich müßen Stelle sind; ich
794 2617 2911 2894 Ich sait wen kann, ob Antoine
3807 2710 4035 2828 Thum
3112 2751 5231 2955 solche mir wie eher für weiter sie alles gute von schöne.
860 2776 2881 3043 Monsieur Kamer. Wenn Sie aber ihm ein¬
3252 2872 4676 3043 1o.6.15. Ihr Attdt schreiben
