6167 3640
976 548 1163 752 Dr. Wien
1735 907 1887 1023 und
1358 1090 2913 1263 Da ich leider nicht weiss, wo Sie abgestiege
978 1244 2765 1372 sind, sende ich Ihnen diesen Brief in die Wrania.
990 1322 2894 1491 Ich frage vor allem bei Ihnen an, ob Sie uns das Ver-
971 1431 2775 1602 gnügen machen wollen am Freitag Abend gegen acht
978 1538 2806 1709 bei uns zu essen. Es wäre sehr liebenswürdig von
990 1643 2882 1806 Ihnen mir gleich nach Empfang dieser Zeilen pneuma¬
1047 1768 2901 1911 alsch eine zusagende Antwort zu senden. Morgen Abend
1018 1861 2716 2030 Donnerstag, werde ich Ihnen nach Ihrer Vorlesung
978 1999 2815 2103 endlich wieder die Hand drücken können. Seien Sie
983 2075 2454 2272 willkommen in Wien und herzliche Grüsse
1711 2193 2405 2364 Ihr sehr ergebener
2184 2236 2853 2542 Cultivateur
4456 601 4790 833 27.2.1913
3758 629 3945 781 Chur-Sch
3929 866 4918 1085 Lieber und verehrter Freund
3995 1144 5089 1296 ld ist aus Paris eingetroffen,
4116 1241 5218 1384 dentlich gelungen, hat uns gros.
3554 1346 5258 1517 se Freudegemacht und wir sagen Ihnen herzlichen
3549 1460 3931 1590 Dank dafür
3710 1555 5151 1726 Im „Merker“ habe ich eben Ihren höchst
3710 1673 5234 1837 jenden Artikel über Theater in Deutschland
3606 1792 5118 1913 lesen. Dass meine neue Komödie „Professor
3568 1897 5175 2046 Bernhardi“ Sie so lebhaft interessiert hat, in
3584 1992 5234 2155 ir sehr lieb. Es ist über dieses Stück gar vi
3556 2098 5286 2272 gerumgeredet und - nicht immer bonafide - herum.
3525 2217 5274 2376 geschwätzt xxx und auch Sie verehrter Freund
3556 2324 4740 2485 sind wie speziell aus einer Ihrer
4869 2331 5189 2504 merkungen
3644 2426 4809 2580 vorgeht,über die Entstehungsgeschw.
5018 2469 5253 2609 meine
3869 2542 4380 2687 nicht ganz richtig
3898 2661 4380 2784 behandelt nicht in der Heiligen Leichen Leichen-
3781 2768 4021 2894 chicksa
