6136 3608
882 1447 3079 1717 Matschreiben, er solle das xxx an Feuerksam
899 1643 3087 1885 durchlesen, so thät ers gericht. Also daß
893 1803 3046 2062 Sie ihm sagen. Lesen Sie die Peroquet
910 2009 3029 2238 vert – bitte ich Sie; – nicht andrer
882 2180 2726 2464 keine „Empfehlung“ – oder derglichen,
910 2398 2679 2643 Es ist doch nicht zu unbescheiden, hoff ich?
937 2547 3093 2751 Sind Sie nun endlich außer Kelt? Und wohl
934 2696 2980 2916 - im heilen? Ihr treuer Artikei schreitsler
3247 1480 5399 1778 Verehrter Herr Bandes, ich denke, die Adresse Anleine
3258 1651 5430 1918 Dankler dermaatie Antoine in Paris genügt;
3261 1792 5394 2095 ich nicht wenigstens keine andere. Noch einmal
3250 1976 5347 2235 wiederhole ich, daß ich Sie um nichts andres bitte, als
3760 2136 4129 2224 byltigen
3208 2128 5402 2343 Antone zum Jahre des Manuscriples aufgehorschen.
3197 2318 5413 2580 Ihr Name ist in Paris so berühmt wie anwesend sich nicht
3228 2456 5383 2709 ich Ihnen das weitlich sagen?) meist keut dort kein Mons.
3203 2663 5402 2878 Ich selbst habe mich um eine Übersetz der „Kerkani“ nicht bemüht.
3211 2781 5413 2946 zwei Herrn, einer, Soulef, in Korden, eingereiten Rech, in Paris
