6136 3733
1015 610 2689 762 Herrs „Weßbsteufel“ und Bahrs „Querulant“ varen
1029 717 2689 849 imlich miteinbezogen) Beweis dafür seien, dass
981 830 2632 984 unser trefflicher Bundesbruder in diesem Welt
958 946 2620 1078 krieg auch einer inneren Reformation an Haup
981 1062 2609 1201 und Gliedern bedarf, um fortan in einer neuen
953 1156 2471 1310 deutschen Weltkultur bestehen zu können.
1048 1287 2599 1419 Aber auch abgesehen von diesen kleinen
993 1381 2583 1530 und etwas lächerlichen Erfahrungen kann man
967 1488 2642 1651 vielleicht finden, dass die Zeit nun eben gross
944 1589 2611 1736 genug geworden ist, und ein weiteres Wachstum
958 1710 2571 1852 von Uebel wäre. Ueber die militärischen und
922 1823 2618 1958 politischen Verhältnisse sind Sie ja wohl in
922 1925 2691 2058 Dänemark heute besser orientiert, als es zu An¬
922 2036 2620 2164 fang des Krieges gewesen dürften. Zusammenge-
953 2152 2691 2282 fasst kann man freilich nur sagen, dass die ge-
958 2280 2644 2415 meinsame Sache der Zentralmächte se gut steht.
970 2379 2658 2495 mals möglich und dass ein Ende doch noch nicht
979 2495 2677 2616 abzusehen ist. Ihren Schwiegersohn geht es hof
965 2604 2594 2732 fentlich weiterhin gut. Auch von uns stehen
1095 2710 2665 2831 wandte und Freunde im Feld oder sind ander-
1483 2807 2630 2956 die Kriegsverhältnisse in Mitlei
1776 2923 2386 3065 Ich den Tod manchen
4387 553 4813 688 22.12.1915.
3422 608 3893 724 Dr. Arthur-Schnitz
4373 657 4728 766 Cela nʼentraîne
3422 693 3966 828 Wien XVIII Sternwartestrasse 71
3784 750 4751 991 Wieder und verehrter Freund.
3654 974 5071 1102 Herzlichsten Dank für Ihre rasche Ant.
3320 1076 5056 1244 wort und zugleich eine Aufklärung. Es ist mir gar
3278 1185 5068 1358 nicht eingefallen eine Anspielung zu machen, dann
3273 1327 5099 1471 das, worauf ich Ihrer Meinung nach angespielt habe,
3266 1414 5127 1585 ist mir bis zum Eintreffen Ihres Briefes total un¬
3273 1525 5170 1672 bekannt geblieben. Wenn ich diesen richtig verstan-
3290 1632 5026 1793 den habe, hat man Ihnen offenbar Aeusserungen in
3285 1734 5040 1913 den Mund gelegt, die Sie niemals getan haben. Mir
3266 1845 5056 1998 ist gleich zu Anfang des Krieges ganz Aehnliches
3259 1956 5061 2114 passiert. Von Freunden in Russland wurde ich in
3297 2074 5111 2235 Kenntnis gesetzt, es sei in dortigen Zeitungen ein
3365 2176 5111 2334 terview erschienen, in dem ich irgend einem Joun.
3259 2325 4884 2453 nalisten gegenüber die alberusten Dinge über den
