5000 3608
940 641 2939 866 unbequemtichkeiten möglich, über die Greuze
902 797 2921 994 in die Heimat zu kommen, - und so blei
2091 935 2286 1051 hier,
905 951 2939 1176 ben wir denn vorläufig, in nicht geringer
915 1104 2975 1289 Unile; aber frei es uns doch der Wäld, Wiesen
899 1192 2926 1448 und Himmelsruhe in diesem schönen Thal.
912 1327 2903 1581 das von den Länen der Welt nichts zu wissen
915 1491 2885 1717 scheint, trotz dreier grimmigen Soldaten,
902 1604 2808 1842 die in Wertesaal des Bebuhofs ihr
902 1760 2911 2014 Vaterland schützen und Rechten spielen. -
1110 1924 2908 2186 Woller sie mir eine feite schreiber, wie
894 2058 2844 2340 litte ich dort jedenfalls an meine
887 2214 2906 2473 Wiener Wohnung (XVIII. Sterveartestreffe)
869 2368 1755 2545 (1) zu artessur
1099 2496 2824 2773 Mit der herzlichstes Grüßer, auch im
930 2604 1584 2796 meines Frais
1719 2691 2744 2888 Ihr stets erschien
1499 2850 2609 3103 Wthesselvigte
