6151 3641
3126 759 4963 905 ersten Monaten des Krieges die Presse aller neu-
3199 880 4990 1021 taalen Länder Ihre Nachrichten-nicht nur über den
2399 916 2728 1051 bald da¬
3185 1001 5013 1156 Krieg selbst, sondern auch über die inneren Zustän
2280 1017 2472 1163 die 1
1556 1001 1981 1152 das Ganze
3174 1111 4924 1252 de Deutschlands und Oesterreich-Ungarns in rei-
3178 1220 4942 1357 cherem Mass von der Entente als von den Zentral.
2189 1229 2454 1385 sen deu
1604 1234 2002 1398 würde ich von
3174 1321 4968 1465 mächten bezog, so wie ich mich auch gedrängt fühl.
1757 1373 1924 1476 selbst
3188 1430 4936 1586 Freunde in Amerika in diesem Sinne nach Mög-
1753 1437 2500 1606 er blödesten Weise an,
3252 1556 5022 1675 lichkeit aufzuklären (was übrigens zur Folge hatte,
3169 1670 4974 1814 dass einer dieser Privatbriefe ganz entstellt in
3178 1773 5006 1929 ein New-Yorker Blatt und von dort wieder-noch ent-
3174 1876 4901 2038 stellter in deutsche Blätter überging. Also ich
3169 2004 4926 2162 denke wir wissen beide wie viel wir von dem zu
3188 2082 4712 2253 gehalten haben, was in den Zeitungen steht.)
3425 2173 4986 2363 Für heute nur so viel; mögen Ihnen die Fei-
3174 2333 5009 2454 ertage lauter Gutes, insbesondere völlige Genesung
3162 2434 4972 2593 bringen und uns allen eine gegründetere Hoffnung
3199 2518 4913 2692 auf diebaldige Wiederkehr schönerer Zeiten, als
3169 2630 4956 2822 wir sie nach dem augenblicklichen Stand der Ding
3222 2758 3727 2909 hegen dürfen.
3921 2854 4490 2966 erzlichen Grüsse
3834 2916 4885 3080 mit freundschaftlich ergebener
4289 2982 4974 3217 Artho
