6136 3608
1230 457 3048 752 dieser Lage erscheint eine Monate
1193 681 3016 948 ren wird, die ich Ihnen natürlich
1186 909 2993 1193 schicken werde Lieutenant
1209 1142 3034 1449 Giesel, - Sie haben sie vielleicht
1218 1396 3025 1678 in der N. Fr. str. gedehm. Wege
1209 1654 3009 1948 dieser Marielle stehe ich - (da
1211 1869 3039 2222 noch Militärarzt in der Eri¬
1205 2137 3051 2430 den hie) in ehrengerichtlicher
1253 2397 2972 2697 Untersuchung und werde
1278 2584 2972 2940 wahrscheinlich mein Charge
1239 2880 3018 3104 nodieren. Wenn sie der Wielle
3145 397 4903 688 noch nicht kennen, nur sie sehr
3141 639 4933 865 werden – und sich dieser Mitte
3124 870 4903 1121 ling erinnern u wird Ihnen
3147 1094 4867 1348 wieder manches restrevensische
3106 1269 4846 1525 klar werden. Die Sache ist
3120 1504 4910 1841 für mich unterlich gleichhält.
3108 1705 4832 2068 da auf ja weil über Leuten
3138 1929 4915 2275 nichts wehr zu thun habe und
3106 2102 4973 2490 mein Cap uns im Kriegs¬
3141 2444 4906 2815 fall von Bedeutungen mars
3136 2744 4922 3067 aber sie ist Carakteristilch für
