<?xml version="1.0" encoding="UTF-8" standalone="yes"?>
<PcGts xmlns="http://schema.primaresearch.org/PAGE/gts/pagecontent/2013-07-15" xmlns:xsi="http://www.w3.org/2001/XMLSchema-instance" xsi:schemaLocation="http://schema.primaresearch.org/PAGE/gts/pagecontent/2013-07-15 http://schema.primaresearch.org/PAGE/gts/pagecontent/2013-07-15/pagecontent.xsd">
    <Metadata>
        <Creator>prov=READ-COOP:name=TrHtr:version=2.1.0:model_id=51170:date=27_07_2023_22:25</Creator>
        <Created>2023-05-02T08:21:47.133+02:00</Created>
        <LastChange>2023-07-27T22:25:09.177+02:00</LastChange>
        <TranskribusMetadata docId="1416758" pageId="54954938" pageNr="132" tsid="131305567" status="IN_PROGRESS" userId="64420" imgUrl="https://files.transkribus.eu/Get?id=YLRYPUFCALDKGCICHGJEFKPR&amp;fileType=view" xmlUrl="https://files.transkribus.eu/Get?id=MFHSNNGTOHGURSHCYHMYOTYV" imageId="44458663"/>
    </Metadata>
    <Page imageFilename="1416758_0132.jpg" imageWidth="6151" imageHeight="3624">
        <ReadingOrder>
            <OrderedGroup id="ro_1711825647077" caption="Regions reading order">
                <RegionRefIndexed index="0" regionRef="tr_1"/>
                <RegionRefIndexed index="1" regionRef="tr_2"/>
            </OrderedGroup>
        </ReadingOrder>
        <TextRegion id="tr_1" custom="readingOrder {index:0;}">
            <Coords points="931,672 3152,672 3152,3078 931,3078"/>
            <TextLine id="tr_1_tl_1" custom="readingOrder {index:0;}">
                <Coords points="1030,737 1233,822 1466,726 1965,819 2861,808 3028,745 3025,647 2948,627 2159,663 1976,606 1882,671 1356,575 1255,666 1028,655"/>
                <Baseline points="1044,722 1134,728 1223,734 1313,734 1403,734 1492,728 1582,728 1671,734 1761,734 1850,734 1940,734 2029,728 2119,728 2209,728 2298,728 2388,734 2477,722 2567,734 2656,734 2746,734 2835,734 2925,734 3015,740 3032,752"/>
                <TextEquiv>
                    <Unicode>wie Ihr Kirche gefallen wird, ist sicher</Unicode>
                </TextEquiv>
            </TextLine>
            <TextLine id="tr_1_tl_2" custom="readingOrder {index:1;}">
                <Coords points="992,964 1189,1022 1329,951 1567,992 1660,926 1811,997 2060,929 2913,1025 3030,1011 3028,795 2680,860 2228,827 2159,891 1913,797 1702,899 1463,803 989,907"/>
                <Baseline points="1008,937 1098,937 1188,937 1277,937 1367,937 1456,931 1546,931 1635,925 1725,931 1814,931 1904,925 1994,919 2083,919 2173,919 2262,925 2352,931 2441,937 2531,943 2620,949 2710,955 2800,943 2889,949 2979,949 3038,949"/>
                <TextEquiv>
                    <Unicode>nicht einfach deshalb weil ich weiss, daß</Unicode>
                </TextEquiv>
            </TextLine>
            <TextLine id="tr_1_tl_3" custom="readingOrder {index:2;}">
                <Coords points="981,1217 1606,1156 2310,1219 2967,1134 3058,1200 3113,1052 1970,1008 1499,1118 1184,1025 981,1115"/>
                <Baseline points="997,1176 1056,1164 1146,1164 1235,1158 1325,1158 1414,1158 1504,1158 1594,1158 1683,1152 1773,1152 1862,1152 1952,1146 2041,1146 2131,1146 2220,1146 2310,1146 2400,1146 2489,1152 2579,1152 2668,1146 2758,1146 2847,1140 2937,1134 3026,1140 3116,1146"/>
                <TextEquiv>
                    <Unicode>alles war Sie schreiben schon ist sondern</Unicode>
                </TextEquiv>
            </TextLine>
            <TextLine id="tr_1_tl_4" custom="readingOrder {index:3;}">
                <Coords points="981,1397 1863,1373 2811,1463 3146,1373 3148,1280 2313,1211 2118,1293 1962,1244 1784,1340 1323,1263 981,1343"/>
                <Baseline points="997,1397 1003,1391 1092,1397 1182,1391 1271,1391 1361,1385 1450,1379 1540,1379 1629,1379 1719,1379 1809,1373 1898,1373 1988,1373 2077,1373 2167,1373 2256,1373 2346,1373 2435,1373 2525,1373 2615,1367 2704,1349 2794,1343 2883,1355 2973,1361 3062,1361 3152,1361"/>
                <TextEquiv>
                    <Unicode>weil alles was Sie schreiben, sie sind</Unicode>
                </TextEquiv>
            </TextLine>
            <TextLine id="tr_1_tl_5" custom="readingOrder {index:4;}">
                <Coords points="981,1633 2310,1658 2704,1581 2885,1655 3041,1611 3044,1474 2704,1447 2392,1537 2228,1482 1814,1543 984,1515"/>
                <Baseline points="997,1606 1080,1617 1170,1617 1259,1611 1349,1611 1438,1606 1528,1600 1617,1600 1707,1594 1797,1594 1886,1594 1976,1594 2065,1594 2155,1594 2244,1594 2334,1588 2423,1588 2513,1582 2603,1582 2692,1582 2782,1576 2871,1576 2961,1576 3050,1576"/>
                <TextEquiv>
                    <Unicode>Une das ihr viel, das ist alles heimah.</Unicode>
                </TextEquiv>
            </TextLine>
            <TextLine id="tr_1_tl_6" custom="readingOrder {index:5;}">
                <Coords points="975,1817 1576,1902 1792,1811 2050,1907 2302,1817 2724,1850 3022,1770 2636,1702 2419,1759 2258,1680 1885,1748 1762,1669 1600,1765 978,1723"/>
                <Baseline points="991,1814 1056,1820 1146,1820 1235,1820 1325,1820 1414,1814 1504,1809 1594,1809 1683,1809 1773,1803 1862,1803 1952,1797 2041,1797 2131,1797 2220,1791 2310,1797 2400,1797 2489,1797 2579,1797 2668,1797 2758,1797 2847,1797 2937,1797 3026,1803"/>
                <TextEquiv>
                    <Unicode>Sie selbst haben das Heuer in eine</Unicode>
                </TextEquiv>
            </TextLine>
            <TextLine id="tr_1_tl_7" custom="readingOrder {index:6;}">
                <Coords points="940,2110 1104,2176 1263,2069 2033,2113 2773,2028 3011,2088 3083,2074 3088,1910 2474,1997 1970,1888 1441,2006 1186,1923 943,1956"/>
                <Baseline points="955,2059 1032,2065 1122,2065 1211,2065 1301,2065 1391,2059 1480,2059 1570,2053 1659,2047 1749,2047 1838,2047 1928,2041 2017,2035 2107,2029 2197,2029 2286,2029 2376,2023 2465,2029 2555,2029 2644,2029 2734,2023 2823,2023 2913,2023 3003,2023 3092,2035"/>
                <TextEquiv>
                    <Unicode>dieser wiederlaren Kornhegne, Stunden</Unicode>
                </TextEquiv>
            </TextLine>
            <TextLine id="tr_1_tl_8" custom="readingOrder {index:7;}">
                <Coords points="970,2406 1164,2302 1625,2315 1880,2414 2217,2296 3104,2381 3104,2222 2937,2176 2784,2247 1458,2154 1277,2260 970,2165"/>
                <Baseline points="985,2322 1050,2310 1140,2304 1229,2298 1319,2304 1409,2298 1498,2298 1588,2298 1677,2298 1767,2298 1856,2298 1946,2298 2035,2298 2125,2304 2214,2298 2304,2292 2394,2292 2483,2292 2573,2292 2662,2292 2752,2298 2841,2298 2931,2298 3020,2298 3110,2292"/>
                <TextEquiv>
                    <Unicode>so einfach gesagt: „Mer eine schreibt</Unicode>
                </TextEquiv>
            </TextLine>
            <TextLine id="tr_1_tl_9" custom="readingOrder {index:8;}">
                <Coords points="915,2619 1211,2551 1699,2636 1869,2578 2288,2650 2778,2581 3080,2630 3118,2458 2926,2403 2345,2491 1885,2425 915,2513"/>
                <Baseline points="931,2567 973,2561 1062,2555 1152,2549 1241,2549 1331,2543 1420,2549 1510,2543 1600,2549 1689,2549 1779,2549 1868,2549 1958,2549 2047,2537 2137,2543 2226,2537 2316,2537 2406,2537 2495,2537 2585,2537 2674,2543 2764,2549 2853,2543 2943,2543 3032,2549 3122,2549"/>
                <TextEquiv>
                    <Unicode>und ob er schreibt, ist eigentlich Zinspell</Unicode>
                </TextEquiv>
            </TextLine>
            <TextLine id="tr_1_tl_10" custom="readingOrder {index:9;}">
                <Coords points="945,2817 1348,2877 2630,2798 2847,2877 2808,2669 1852,2776 1660,2663 1395,2718 1200,2630 945,2661"/>
                <Baseline points="961,2800 1050,2794 1140,2794 1229,2794 1319,2794 1409,2794 1498,2794 1588,2794 1677,2794 1767,2794 1856,2794 1946,2794 2035,2800 2125,2794 2214,2794 2304,2794 2394,2794 2483,2794 2573,2794 2662,2788 2752,2788 2841,2794 2853,2800"/>
                <TextEquiv>
                    <Unicode>es kommt dreichen, was schreibt —</Unicode>
                </TextEquiv>
            </TextLine>
            <TextLine id="tr_1_tl_11" custom="readingOrder {index:10;}">
                <Coords points="973,3140 1715,3044 2165,3113 2392,3039 2608,3113 2724,3055 3061,3091 3019,2880 2576,2965 1888,2965 1792,2899 1411,2992 978,2940"/>
                <Baseline points="991,3068 1008,3062 1098,3062 1188,3056 1277,3056 1367,3050 1456,3050 1546,3050 1635,3050 1725,3044 1814,3044 1904,3044 1994,3038 2083,3038 2173,3044 2262,3044 2352,3044 2441,3032 2531,3032 2620,3026 2710,3026 2800,3026 2889,3026 2979,3038 3068,3050"/>
                <TextEquiv>
                    <Unicode>sagten er anders, besser, aber der Sinn</Unicode>
                </TextEquiv>
            </TextLine>
        </TextRegion>
        <TextRegion id="tr_2" custom="readingOrder {index:1;}">
            <Coords points="3188,690 5361,690 5361,3120 3188,3120"/>
            <TextLine id="tr_2_tl_1" custom="readingOrder {index:0;}">
                <Coords points="3209,806 3250,811 3285,789 3302,803 3444,792 3510,770 3647,811 3652,690 3587,690 3559,712 3510,701 3469,723 3417,690 3340,710 3209,710"/>
                <Baseline points="3223,740 3313,746 3403,746 3492,746 3582,746 3659,752"/>
                <TextEquiv>
                    <Unicode>wär er.</Unicode>
                </TextEquiv>
            </TextLine>
            <TextLine id="tr_2_tl_2" custom="readingOrder {index:1;}">
                <Coords points="3220,1063 3625,1099 4009,964 4247,1019 4529,937 5332,973 5338,822 5135,789 4707,888 3228,841"/>
                <Baseline points="3241,985 3283,985 3373,985 3462,979 3552,979 3641,985 3731,985 3821,979 3910,973 4000,967 4089,961 4179,955 4268,949 4358,943 4447,943 4537,937 4627,931 4716,925 4806,925 4895,925 4985,925 5074,919 5164,925 5253,931 5343,943"/>
                <TextEquiv>
                    <Unicode>Ihre Beiche haben fast alle etwas Wes¬</Unicode>
                </TextEquiv>
            </TextLine>
            <TextLine id="tr_2_tl_3" custom="readingOrder {index:2;}">
                <Coords points="3217,1230 3759,1315 4140,1189 4376,1252 4907,1164 5233,1208 5343,1178 5346,1077 4751,1030 4296,1145 3518,1082 3220,1173"/>
                <Baseline points="3235,1206 3289,1200 3379,1206 3468,1206 3558,1206 3647,1206 3737,1200 3826,1194 3916,1194 4006,1194 4095,1188 4185,1188 4274,1188 4364,1182 4453,1176 4543,1176 4632,1170 4722,1164 4812,1164 4901,1158 4991,1158 5080,1158 5170,1158 5259,1164 5349,1182"/>
                <TextEquiv>
                    <Unicode>muth; Sehnsucht nach Einsamkeit im Schwer</Unicode>
                </TextEquiv>
            </TextLine>
            <TextLine id="tr_2_tl_4" custom="readingOrder {index:3;}">
                <Coords points="3189,1477 3559,1507 4080,1417 5198,1515 5307,1471 5313,1271 3940,1277 3192,1370"/>
                <Baseline points="3206,1444 3253,1438 3343,1444 3432,1444 3522,1438 3612,1432 3701,1426 3791,1426 3880,1420 3970,1414 4059,1414 4149,1414 4238,1414 4328,1409 4418,1409 4507,1403 4597,1403 4686,1397 4776,1391 4865,1391 4955,1391 5044,1391 5134,1391 5224,1391 5313,1397"/>
                <TextEquiv>
                    <Unicode>über Einsamkeit liegt darin, leides. Ja</Unicode>
                </TextEquiv>
            </TextLine>
            <TextLine id="tr_2_tl_5" custom="readingOrder {index:4;}">
                <Coords points="3178,1674 3422,1762 4620,1649 4976,1748 5307,1710 5310,1551 4373,1600 4000,1518 3822,1584 3178,1581"/>
                <Baseline points="3194,1671 3253,1671 3343,1677 3432,1671 3522,1671 3612,1671 3701,1665 3791,1659 3880,1659 3970,1653 4059,1653 4149,1653 4238,1653 4328,1647 4418,1647 4507,1647 4597,1641 4686,1641 4776,1641 4865,1641 4955,1635 5044,1641 5134,1641 5224,1635 5313,1629"/>
                <TextEquiv>
                    <Unicode>Dingen gibts denn etwas, was traurig macht.</Unicode>
                </TextEquiv>
            </TextLine>
            <TextLine id="tr_2_tl_6" custom="readingOrder {index:5;}">
                <Coords points="3170,1926 3844,2000 3992,1937 4189,1995 4400,1899 5305,1940 5329,1745 4617,1858 4285,1778 3754,1863 3537,1781 3173,1828"/>
                <Baseline points="3188,1898 3277,1898 3367,1898 3456,1904 3546,1904 3635,1904 3725,1898 3815,1898 3904,1898 3994,1904 4083,1892 4173,1892 4262,1892 4352,1892 4441,1892 4531,1892 4621,1886 4710,1886 4800,1886 4889,1880 4979,1880 5068,1880 5158,1880 5247,1880 5337,1880"/>
                <TextEquiv>
                    <Unicode>aber lästig macht? Ich meine, was die bösen</Unicode>
                </TextEquiv>
            </TextLine>
            <TextLine id="tr_2_tl_7" custom="readingOrder {index:6;}">
                <Coords points="3184,2145 4143,2121 4510,2197 4981,2091 5348,2132 5351,1951 3587,2091 3184,2039"/>
                <Baseline points="3200,2107 3206,2107 3295,2113 3385,2113 3474,2119 3564,2119 3653,2119 3743,2119 3832,2119 3922,2119 4012,2119 4101,2119 4191,2119 4280,2113 4370,2113 4459,2113 4549,2107 4638,2107 4728,2095 4818,2089 4907,2089 4997,2083 5086,2077 5176,2077 5265,2077 5355,2077"/>
                <TextEquiv>
                    <Unicode>Wann um die echte Heiterkeit gibt? Wir</Unicode>
                </TextEquiv>
            </TextLine>
            <TextLine id="tr_2_tl_8" custom="readingOrder {index:7;}">
                <Coords points="3192,2428 3515,2381 3809,2452 4452,2359 5138,2430 5307,2400 5307,2233 3192,2255"/>
                <Baseline points="3206,2352 3295,2352 3385,2346 3474,2346 3564,2352 3653,2358 3743,2358 3832,2364 3922,2358 4012,2358 4101,2352 4191,2352 4280,2352 4370,2352 4459,2352 4549,2352 4638,2352 4728,2352 4818,2346 4907,2352 4997,2352 5086,2352 5176,2358 5265,2358 5313,2352"/>
                <TextEquiv>
                    <Unicode>sind wie wir sind und das Leben hat fast</Unicode>
                </TextEquiv>
            </TextLine>
            <TextLine id="tr_2_tl_9" custom="readingOrder {index:8;}">
                <Coords points="3209,2677 5318,2606 5359,2471 5146,2450 4817,2551 4187,2466 3973,2551 3209,2493"/>
                <Baseline points="3223,2597 3301,2609 3391,2603 3480,2603 3570,2609 3659,2615 3749,2609 3838,2609 3928,2603 4018,2597 4107,2597 4197,2597 4286,2591 4376,2591 4465,2591 4555,2585 4644,2585 4734,2591 4824,2591 4913,2591 5003,2585 5092,2585 5182,2585 5271,2585 5361,2591"/>
                <TextEquiv>
                    <Unicode>so wenn's tünft ich in einer von istauch¬</Unicode>
                </TextEquiv>
            </TextLine>
            <TextLine id="tr_2_tl_10" custom="readingOrder {index:9;}">
                <Coords points="3225,2880 3691,2940 3820,2874 4694,2866 4902,2924 5148,2808 5250,2850 5253,2713 3228,2743"/>
                <Baseline points="3241,2829 3289,2835 3379,2841 3468,2841 3558,2841 3647,2841 3737,2841 3826,2841 3916,2829 4006,2823 4095,2823 4185,2823 4274,2818 4364,2818 4453,2818 4543,2818 4632,2818 4722,2812 4812,2812 4901,2806 4991,2806 5080,2806 5170,2800 5259,2812"/>
                <TextEquiv>
                    <Unicode>haben — Nun aber fänger ist er</Unicode>
                </TextEquiv>
            </TextLine>
            <TextLine id="tr_2_tl_11" custom="readingOrder {index:10;}">
                <Coords points="3247,3146 3825,3200 4189,3115 4806,3113 5280,3184 5283,2981 5151,2946 3806,3028 3250,2984"/>
                <Baseline points="3265,3110 3319,3110 3409,3110 3498,3110 3588,3104 3677,3104 3767,3104 3856,3104 3946,3104 4035,3104 4125,3104 4215,3104 4304,3110 4394,3110 4483,3110 4573,3110 4662,3110 4752,3104 4841,3098 4931,3092 5021,3092 5110,3086 5200,3086 5289,3086"/>
                <TextEquiv>
                    <Unicode>das Gegentheil von dem zu behaupten,</Unicode>
                </TextEquiv>
            </TextLine>
        </TextRegion>
    </Page>
</PcGts>
