6151 3641
2377 642 3731 844 denzlichen Dienst, in ihre liebe
2394 802 3781 959 parti? Ihre Bille es niemandens
2352 911 3684 1045 zu sagen, daß die Menschheit
2339 1025 3788 1221 eine abscheuliche Baude kommt
2315 1114 3790 1380 leider verspatet. Weiß der Peufer
2306 1261 3728 1453 drie ich welche Jurisdiction - die
2326 1369 3773 1609 Sache hat sich herumgesprochen!
2434 1495 3812 1751 dit hi n'est en Wien, arbeil allerle
2337 1583 3805 1874 denke thier in alter inniger Freund
2328 1718 3750 1949 schaft und selbe sie, mich nun
