6136 3625
2648 373 3685 912 Schwehrer Herr,
2490 803 4589 1125 seit ein paar Tagen bin ich hier, in Skods¬
2456 1056 4466 1400 berg, Stadefotel, in Gesellschaft no¬
2458 1288 4415 1514 St Richard Beer Hofmann, in
2464 1421 4487 1778 bleibe wohl noch bis gegen die 20.
2384 1704 4421 2040 de. Ich wäre höchst erfreut, wenn
2386 1949 4527 2210 mir im Lauf dieser Zeit einmal
2440 2149 4442 2493 Gegenheit Feboten wurde, Sie zu
2397 2378 4247 2709 sprechen, und, wie ich aus Ihren
2410 2634 4370 2962 Brief an St. K. H. entnehmen
