6136 3608
1205 476 3041 770 Aber ich würde den Vortheil dieser
1241 706 3016 924 letzten Anordnung nicht einsehen
1157 928 2844 1102 es wäre nicht einmal ami
1212 1177 1724 1365 Harns.
1296 1305 2924 1548 Unser Essen meinten wir so an
1241 1491 2894 1770 wählen, daß Sie bequem zu
1216 1717 3025 2028 Ihrem Zug auf der Südliche sind
1317 1955 2997 2293 Somit habt ich Sie an Lebenacht
1251 2225 2993 2519 Nun nach 4 hin und zu le¬
1264 2501 2995 2741 grüssen. (Ich wohne jetzt 2 Wappen
1257 2727 3013 3029 höher.) Untunlich werde ich
1260 2933 2938 3212 Sie auch gerne von der those
3157 469 4918 693 abholen aber er gabt Menschen
3146 674 4906 860 denen das unangenehm ist u
3080 853 4909 1077 ich weiss nicht ob Sie am Ende
3093 1109 4147 1303 in diesen jähren.
3306 1262 4858 1507 Also auf Miedersehen
3182 1463 4877 1726 mit den herzlichsten Genfang
3432 1754 4191 1966 Ihr treue
3765 1914 4664 2266 Guts schade
3150 2195 4026 2419 Wien 14.5.90 1
