6168 3607
1060 431 3072 693 durchlese leicht denken, welche
1042 664 3130 857 und gestriche. Am ersten kurz wird
983 814 3054 1063 der Rokau, mit der zwei munter Ein¬
994 1079 2816 1348 aktere zusammen aufgeführt.
1007 1243 3061 1573 Ich hoffe, dieser Straf trifft für schon
960 1512 3038 1795 in nach Gesundheit an Ihre Rade
970 1734 3056 1999 vom 22. Januar hat ja bereits einen
983 1970 3106 2282 Hoffnungsvollern T.M. Möge ich und
1036 2160 3106 2459 wie alle, die Sie lieben, hat der
981 2438 2607 2763 allerbete von Ihnen hören!
1126 2625 2853 2964 Ich grüße sie von Herzen als Ihr
1377 2882 3032 3170 an hirchs ergebenen als (abachte)
