6104 3607
2926 378 4624 621 bekannten sein ist die schlimmste
1017 406 2767 667 ich wünsche von Herzen, daß es das
2935 546 4662 770 Form der Einsamkeit, nicht der
975 588 2772 756 setzte ist.  - Sehr bedauert hab ich das ich
2926 719 4676 975 Geselligkeit. Die Ablazie war
1027 765 2753 985 in Abazin Ihren Absbeschich für
2949 896 4652 1125 wo es ununterbrochen regnete.
966 896 2851 1139 nicht Sie selbst. Ich habe auf der dal¬
2912 1064 4601 1335 Flüchst ich als nach sonst.
985 1092 2823 1349 molicischen Reise rechtschließen
2907 1241 4704 1507 Das schrifte war ich mitbracht
966 1283 2786 1549 Mutter gehabt; eine in Ragehn
2879 1456 4713 1797 ist die Immerung an die Trümmern
994 1526 2786 1764 zwei sonnige Tage; überlösge
2907 1675 4666 1960 von Palena, ich kann gar nicht
975 1699 2865 1983 ich anfangs in einen Stel¬
966 1894 4713 2272 wolgemepress, dessen Mitglie verstehe, worin man die mehr
2893 2081 4746 2370 immod and neneat weiter.
989 2174 2758 2403 der Schiffe uns sobels füllten,
1013 2366 4736 2669 von dem ich auch manch geäbt; die Erde wegkratzen und
985 2534 4694 2912 gersielich konnte er war ziemlich die Vergangenheit für ein könnte.
989 2748 4732 3154 unangenehm. Unter solchen halbe es, ihr darüber noch keinen anfahrung
