6167 3624
2329 193 2603 542 V.
3333 531 5405 902 In der Hoffnun, Ihren desamt
1052 547 3097 880 Ich fallen die mich färststigste
1025 762 3220 1186 daß der Zuhall eines Ehe anderes mich
3296 891 5233 1149 Sammal persönlich begegen
1031 1057 5346 1449 in meiner Stellung zu Menschen, durch zu diesen bleib ich mit
3333 1283 5142 1626 verbindlichsten Grüssen
1025 1320 3247 1637 bründen, vorworben könnte? So wahre
3333 1583 4691 1895 Ihr dankbar ergeben.
1052 1551 3119 1922 ich also jene Bemerkung liebe
4138 1755 5325 2163 Artlieur Schönzel
1014 1793 3199 2147 als eine liebeswürdige Auffordung,
3285 2024 4348 2356 Mai 25.9.86
1020 2072 3167 2362 auf die ich stolz bin, und bitte Sie
1020 2287 3188 2700 im die Ehre, auch dieses ver¬
1014 2603 3215 2947 spätels spongler zu ligst entge¬
1036 2866 2185 3167 gen zu nehmen.
