6104 3607
5367 185 5569 349 G.F.P.
2023 763 4012 948 gen der Weltgeschichte aufzusteigen beginnen.
2033 923 4002 1083 kaum der Beachtung werth erscheinen;
2051 1075 3930 1230 aber, mir empfinde und erfahren es
2046 1208 3930 1365 doch alle immer wieder, - auch in so
1998 1342 3970 1572 bewyten Epochen fordert die Engeleristen
2028 1504 4017 1734 am Tag in Tag ihr Recht, - und wie diesmal
2008 1657 4012 1836 übler gesinnte meiner Römelin, - auch mehr
1981 1789 3942 2011 als das. Sie aber, mein verehrter Freund
2003 1969 3994 2178 nebmen wir dieser Ruf, der hoffentlich
2013 2083 3930 2318 nicht allnistörend in Thee Sommerrite
2001 2226 3980 2485 driegt, hemesfalls übel, en immerce en Sie
1981 2390 2754 2532 erreichen möge:
2008 2435 4009 2740 Wir befinden uns unter ziemlich sonder
2001 2622 3997 2844 baren Verhältnissen hier in Celerine; eid
2011 2767 3994 2999 die Schweiz hat völligen Kriegsustand; we¬
1996 2919 3965 3126 die Einreden stehen, wär es mir, mit Frau
2011 3046 3905 3271 und Kindern, nur unter den ärzten
