6136 3625
1456 949 3223 1184 von der ersten bis zur letzten Zeile
1432 1155 3165 1405 und ich will es Ihnen nur gestehe
1439 1347 3138 1604 sie hat mir so wohl gethan,
1409 1550 3161 1834 daß ich und sehr fest vorge¬
1396 1765 3165 2004 nommen habe, von Ihnen nicht
1409 1997 3150 2220 wieder vorgessen zu worden.
1450 2151 3183 2430 Tho Worte, schwiesster Herr, sind mehr
1427 2401 3219 2629 als Überkennung Lob, Ermuthi¬
1425 2622 3167 2908 gung – ich betracht sie als Würch
1409 2830 3100 3094 di uno verliehen ist; - lassen Sie
1421 2995 3136 3293 mich Ihre aufs innigst dafür
3404 842 3829 1019 Schmitzler
4269 871 5037 1070 IX. Frankjasse 1.
3509 1030 5086 1331 Hahnwehrter Herr, Wien, 12. Juni 94.
3281 1271 5006 1508 es ist nicht schwere Eifenzustellen wie
3272 1447 4986 1686 viel Bücher die zugesandt bekommen
3301 1664 5021 1879 und als ich nur erlaubte, Ihnen die
3281 1809 5080 2080 meinen zu schicken, hab ich natürlich
3301 2055 5064 2267 gehofft — habe aber gewiss nicht darauf
3301 2227 5037 2439 gerechnet, daß die Zeit und Lust
3281 2419 5046 2640 haben würde, die Bücher eines
3277 2643 4995 2819 ziemlich Anbekann sey zu lesen.
3272 2803 4957 3051 Und nun habe ich Ihren Brief
3272 3013 5039 3297 bekommen mit all dem liebens¬
