6151 3732
3888 1224 4152 1360 8.1.15
3044 1310 4188 1434 verehrter lieber Freund, ut dank
2540 1300 2718 1426 18.12.1
1678 1352 2774 1470 mein lieber u. mehrere Freund, seien die
3040 1398 4176 1510 Herr für Ihre Rente und freut nimmt
1684 1442 2786 1586 zu den Friedlagen über den Reuerenden Jahr
3032 1470 4180 1612 auf Ihr Goethebuch. Mit welchen
1660 1538 2718 1662 wieder einmal herzliche gegrüßt.
3036 1566 4172 1748 Ergriffenheit dank erst noch heute Ihren
1658 1622 2720 1738 Houte alon kein on befroder ja te kod.
3024 1612 4158 1792 Stakemeau – des Schlimer besin¬
1636 1688 2696 1824 richten bei 6ten niedosten
3022 1728 4190 1890 ders- in deren Sie-rechien mir damals
1648 1776 2666 1900 ist er mit all dem Seine dich freunden.
3024 1804 4158 1982 Ihr Allereipnstes - viel selbstdurck:
1648 1850 2678 1954 ja noch ich wie gehörehtet. Hier ist
3020 1890 4124 2068 littenes hineingeheinne et hatten.
1658 1902 2742 2032 alts in schönster Ordnung u. nähmen
1666 1992 2496 2094 ist, vle jegenhil. Ein Mor¬
3016 1970 4116 2164 – Auch ich versoische meinen Kopf
1644 2054 2496 2158 Ihnen, thäte mir wohl! Mir
3016 2078 4152 2282 aus dieser düster-nissen Zeit in phan¬
2186 2174 2364 2272 a
3006 2192 4164 2362 la dischere Lüfte emporpöstechen; aber
2990 2298 4146 2462 es geliest nicht immer, uns rühren
2996 2382 4134 2552 sac in viele Wirbel an; man nicht
2996 2482 4146 2646 hört 10 rieles, spricht wil Heiwge.
2994 2566 4154 2734 kehlen, Hinausrichenden, – mochte
3012 2642 4144 2802 irjeudine das seine thun - wäre auch
2996 2750 4152 2920 mir für spätre fester; - aber solang
2986 2838 4124 2980 die Politik noch nicht Geschichte
2996 2910 4150 3094 geworden ist, ist der klich nicht hie¬
