6151 3716
2205 716 3849 870 Sie von Ihrem in Feld stehenden Schwiegersohn
2199 858 3857 1033 Gutes hören. Was uns bisher die Feldpost bis-
2318 976 3805 1114 gebracht hat, so weit es sich auf persön.
2289 1079 3772 1238 che Bekannte und Freunde bezieht, ist von
2366 1180 3055 1361 gender Art gewesen.
2706 1283 3717 1450 Voraussagen wollen wir uns
2659 1413 3764 1551 Wünsche sind zu selbstverständ
2533 1510 3644 1660 wir sie erst aussprechen müsst.
2545 1613 3723 1788 vieviel Unheil, nicht nur für Sehr.
3506 1737 3708 1852 ehen
