6136 3625
1516 930 3154 1108 würdigen und ehrenmöllen, das er
3296 941 5054 1148 bringt; diesmal habe ich aber auch
1433 1101 3156 1356 enthält; und ich kann Ihnen zur
3308 1135 5004 1354 andres empfunden. Ich glaube,
1442 1320 3215 1548 nicht sagen, eine wie liebe Freude
3319 1349 4914 1550 es war eine Art von Stolz.
1469 1498 3161 1755 er mir bedeutet hat. Auf eine
3312 1530 5034 1773 Mit einen Mal ist meine Exisen
1449 1694 3233 2004 kurze Reise, wo der erhaben zurück¬
3301 1722 4998 1972 in das Bereich Ihres Schauens
3312 1931 5034 2157 gerückt, und wenn ich Ihnen sage,
1476 1922 3244 2213 gekehrt bin, hatte ich Ihr letzte ein
3290 2130 5063 2405 daß ich Sie verehre, so geht meine
1458 2146 3156 2396 vielésantes Ruch, konschen u Werk
1444 2385 3168 2635 mitgenommen. Ich bin es gewohnt,
3314 2369 5104 2597 Stimmung nicht unter den tausenden
3296 2577 5065 2793 verloren, deren Namen die nicht
1480 2601 3199 2893 Ihre Bücher mit der stillen Bemü¬
1444 2809 3229 3109 derung zu lesen, die man großen
3290 2789 5038 3053 kennen. Diese vielleicht etwas
1455 3050 3220 3278 und seinen Geistenentgegen¬
3296 2999 5106 3328 hochmütige Empfindung blieb mir
