6136 3608
3457 1846 4050 1978 Wien, 11.2.1900
2227 1899 2882 1996 191/IX. Frankvölle
2308 1938 4045 2158 Zurücklichter Herr Brandes, die haben dieser Tage in Rheuer
2234 2079 4084 2287 novellentlich von selig Salten zugeschickt erhal¬
2227 2245 4050 2467 ten. Der Verfasser (den Sie bei mir einmal
2234 2391 4070 2607 sehn) wäre natürlich sehr froh, wenn sie hat
2268 2545 4105 2764 tracte, sein Stund jetzentlich zu lesen, und auch
2234 2757 3034 2907 ich bitte sie ebenen.
2268 2877 4114 3046 Wie mir hören die kals mehr, bei Gelegenheit einer
