6167 3624
945 606 3044 901 Ich meine, man schätzt sich und was man
923 849 3025 1050 macht bewies mir richtig, wenn man
909 1058 3091 1281 und überhaupt auch einen zwissen Verneu steh¬
895 1278 3025 1452 (Wo ist mir diese Urneau in der stück
887 1438 2953 1705 die Schwierigkeit!) dankennt sich
904 1670 3008 1917 selbst, und das Strelen, im halb mit
2182 1849 2438 1984 selbst
920 1895 3110 2146 wußt, geht dahin, sich mit zweifeln, was
898 2152 3113 2372 so freilich macht angenehmer ist als sich
923 2367 1587 2568 Zu keiner
1656 2339 3113 2573 das Leben will im allge¬
934 2562 3053 2835 meinen doch, daß wir zur Klacheit über uns
937 2838 1408 3003 gelangen.
956 2948 3061 3199 Wie könnt es nur, daß es mich nach den Chalol
3157 609 5262 860 für laust sie, fielle, jetzt für muss! Und
3143 804 5309 1069 doch ist vielleicht leides nichtig. Ich bin leicht:
3174 1025 5262 1276 sinnig in der Art wie ich in yeldnisse stürge, und
3157 1204 3700 1430 schmeldich
3171 1223 5279 1510 schwedung durch die Art, wie sie sich die mei¬
3179 1405 5268 1647 Euer bemächtigen. Ich glaube, jede Vorsch
3152 1661 5270 1917 hat ein großen Lebensfehler, der ihn abhält
3188 1854 5281 2121 sein Wesen zur möglichen Soldenberg
3196 2075 5336 2347 zu bringen; mein Sünk mag sein, dass ich
3196 2303 5339 2559 nicht verstehe, was zu Zeit zu leben. Uhr
3185 2554 5273 2799 befind ich mich meist in einem Zuhlaa
4245 2774 5356 3017 er Schlampere; Rüge,
3190 2846 3998 3072 beträchtliches A
3179 2984 5314 3199 in denen ich den stehe, sind in Wirklichkeit,
