6136 3625
1866 504 2858 709 XVII Herumarleits 71
2058 643 2826 797 Wien, 19. I. 911.
3176 589 5309 827 Beu Hopmann wit seiner Frau und seinen
821 717 1960 928 Vereiler Herr Braudes,
3168 784 5261 995 drei Kindern wohnt ganz ache von mir
917 848 2786 1032 mit Ihrem Brief über den niedersten
3189 891 5215 1098 in einem sehr schöner Haus, das ihnen
883 941 2858 1157 hab ich weis sehr jefreut. Der Erfolg hier
3152 1024 5263 1282 der Architekt Josef Hoffmann gebaut
877 1130 2754 1309 dänert an; das Bürztheater hätte sei
3144 1154 5255 1346 hat, und arbeilet nicht so viel, als es
867 1208 2754 1432 Jahren will eine solche Reise in aus¬
885 1360 2746 1594 verkauften Häuser; à les persètées
3197 1306 5263 1509 seinem Talent nach verpflichtet des
3221 1437 5178 1645 verurtheilt wäre. Sie solchen wieder
875 1482 2797 1682 eine intreffliche Auffritung, und in
3181 1581 5119 1784 einmal her kommen, – immöglich zu
981 1602 2776 1802 ne wir eine innkliche Geringthümer
3192 1704 5293 1938 Mai - man könnte inander soneles
995 1754 2800 1922 in die in einem seben könnten die
3197 1850 5213 2085 erwählen; - in einer Stunde eine geben
899 1869 2925 2074 lich ist im euetich nicht gestrichen; darüber
3154 2002 5266 2221 Mal so viel, als in zwei Briefen steht.
1098 1989 2877 2200 an ein bedeilender Wichtigkeit – und
1072 2136 2866 2301 allet war der Streicher, in der alten
3157 2117 5138 2352 der beste, was man in theuschen hat,
1005 2232 2813 2466 alles Erfahrung ausgehend, daß das
3162 2314 5194 2536 die einen werth sind, bleiber doch
1197 2328 2856 2578 Zum gegen Längen empfindlichen
3176 2416 5223 2653 die manglosen Unterhaltungen, die
1645 2474 2928 2680 richten. Ich hatte das mich
1290 2554 1560 2730 gen
3186 2584 5295 2768 von der jaaren Elmsphäre der Persin¬
1450 2613 2896 2840 ohne die Evenbielität einer
3192 2736 5332 2912 lichkeit umgeben sind – was ist dagegen
2112 2749 2890 2909 Rebracht zu giben
1805 2810 2050 2973 is in
3215 2866 5226 3021 die gewollte Condensation und Praesen¬
3927 3002 5213 3226 erlich intendirten Schreiben
