6167 3624
1058 541 3123 859 her, die weibliche Haupts zur hat
1000 840 3136 1198 nämlich gerade in das Zeit, die
1015 1124 3136 1442 der Noth in uns reif würde, einen
1034 1389 3155 1713 Sprung bekommen, der sich dem, wie
1053 1657 3158 1973 in aaoey die oeuer Stelle ange¬
1050 1943 3176 2285 druckten Spiegel nach allen Seite
1039 2267 3158 2596 fortgesetzt hat. Ich habe das Kind
1018 2545 3121 2911 einiger Mal geschrieben; es ist
1053 2847 3121 3131 technisch peinlicher, aber mündlich
4589 451 5284 655 Wien, 11.1.57
3510 512 3669 679 Se
3317 665 5263 1026 Verehrtester Herr Bruder
3269 973 5220 1302 in diesem Briefe finde Sie. mein
3235 1254 5342 1570 neues Stück "Freiwils einge¬
3266 1527 5183 1813 schlossen. Nicht weil ich Ihre
3248 1824 5220 2089 vergessen, - muß ich das
3264 2092 5273 2383 wicklut sagen. sond ich
3256 2307 5348 2702 es erst heute ab. Wie Sie sehen
3227 2638 5342 2975 ist der Stück nach Manuskript;
