6167 3640
4225 725 4919 909 Von in der Art dieses
4207 848 4923 1005 er, gefördert werden,
4205 939 4907 1124 ###8H Gerechten mehr.
4219 1078 4909 1239 von den Zweiflern
4205 1195 4931 1350 kern aller Parteien,
3873 1310 4870 1451 werde, umse vernehmlicher
3462 1421 4935 1562 fe ich auf die jenigen Leuten die a prior
3500 1537 4917 1674 ich selber einverstanden sind; und wenn
3448 1624 4979 1777 nicht alles trügt, so blasen auch Sie, mein
4475 1721 4691 1799 gleiche
3532 1747 4983 1884 ter Freund, nicht ungern diese Melodie
3593 1844 5013 1991 gen ist ja der „Bernhardi“ kein Tendenz.
3426 1961 4977 2124 Dank und will es nicht sein, weder im Besende.
3343 2075 4959 2192 en noch im Allgemeinen;-soll überhaupt kate-
3426 2176 5019 2319 siert werden, so möchte ich ihn am liebsten,
3593 2309 4870 2426 abterkomödie angesehen wissen, und daß
3629 2394 4929 2563 Dieses Stück auch in Ländern die Wirke
4070 2509 4834 2660 von vornherein für sich
3988 2609 4691 2759 ehe Verhältnisse keine
