6168 3607
3249 473 5372 778 Ull dies scheint Ihnen zu weilen doch ärgerlich zu sein,
1018 479 3178 751 gehe Jahre alten Buch herausgeschrieben ist, - und
991 664 5372 920 ich möchte annehmen, daß das auch der Rede aber ich erinnern mich nicht, dass die sich wen-
991 882 5252 1127 tion der Zeit nicht bekannt war, von der sie, immert dagegen öffentlich verwahrhaben.
1018 1116 5323 1388 übrigens persönlich Nachklären, bekommen sollen. Wäre es nicht doch schön ein gut, wenn
1007 1290 5334 1611 Ich sagte schon sehr im Sommer, daß man Sie das gegentlich einmalthäten nicht
3195 1469 5366 1807 um Ihretwillen - aber um der allgemeine
963 1459 3097 1780 bei uns u. wohl auch in Weitschland keine
980 1649 3184 2008 rechte Vorstellung davon hat, in welcher Art Äber
3222 1665 5317 2003 Bedutung willen, welche Fragen der
3206 1910 5366 2237 literansche, Rechts und des literarische
980 1916 3146 2259 schungen Ihrer Werke verfertigt und in welche
3200 2172 4447 2471 bestimmt zu kommt.
991 2172 3129 2449 Urt sie ausgenutzt werden. Nielach ist sogar
980 2313 5339 2710 die Ansicht vertreitet, daß Sie selbst auch etliche Verfügen Sie jederzeit über mich und sein sie
1001 2580 5285 2944 Urtikel schreibe und manche Ihrer Sache selbst verlednet, dass ich den Künfte an
1012 2879 5383 3146 aus dem Damischen ins deutsche übertragen. dem Umlisen gleich herzlich ergeben bin.
3766 3026 5377 3309 Der Ihre mit vielen Geisten Arth (abwühle)
