6136 3594
1515 390 1785 540 1/1/16
652 462 2707 756 in Sympathie jedenken, was
652 660 2627 909 Sie, wenn verehrtes und liebe
636 893 2734 1074 Fried wir bedeutet – wir schon
617 1066 2729 1267 bedeutet haben, lang et die un
628 1235 2694 1459 meiner Existenz nichstens, der
690 1427 2664 1665 fritley he wohl! My schade
636 1724 2697 1956 daß man sich weit an diesen.
671 1892 2734 2109 wesen à Fühlen muß geringer
663 2119 2739 2373 lassen - und in so vielen nele
647 2322 2731 2550 Jahren immer zusammenreten,
644 2483 2766 2718 hert keine fünfrig Stunden.
673 2793 2763 3025 wit en ander vertracht hat!
845 2910 2785 3220 Ich bin von mit der Proten meiner
2926 382 4952 641 neuere Pragé trouverte "des
2910 620 5003 834 weile Land beschäftigt. Am
2940 770 4995 1032 Sanctes ist die Pommeri zu¬
2902 983 5022 1264 gleich aus Bürpheater, in Berlin
2910 1187 5003 1478 Ministers, Hamburg, Frankfurt
2905 1443 5048 1689 und noch etlicher andern Städten.
2921 1646 5070 1900 Sie werden das Stück in diesen
3351 1796 3870 1930 bekennen.
2937 1844 5035 2093 Tages xyz; hoffentlich werde
2945 2050 5030 2309 die einige Rinde davon haben.
2953 2269 4832 2467 - Der schuarte Raad dieser
2958 2440 5062 2782 Blattes besagt, dass meine
2921 2697 5062 3033 Mutter gestorben ist. Es mir vom
2991 2948 4968 3231 fünf Worten her – nach einer
