6152 3608
1246 401 3108 658 schrieb; wann kamen Sie werde
1232 630 3078 838 zu uns. Sie wieder nicht viel
1242 794 3032 1021 yourportest funrts - Heer Hof.
1230 1026 3048 1237 manie hat mir weil zu seinen
1265 1198 2986 1478 Töchtern einen Sohn bekommen
1290 1380 2997 1612 aber um Ihr begreiflicher
1242 1628 2942 1946 weise noch nichtmal zu er¬
1262 1800 3051 2092 zahlen. Ich werde diesmal
1260 1994 3067 2326 wahrscheinlich sehr bald ins
1262 2265 3055 2548 Zuliezu reisen, und nach man
1204 2485 3011 2733 bei Rhinigkeiten, die ich in der
1242 2701 3095 2974 letzten Zeit gemacht, mich wohl
1265 2930 3085 3157 endlich wieder eines größeren
3150 391 3667 586 21. Schulzler
4162 398 4996 625 Wien, K. E. 801
3271 540 4670 1082 lieber Herr Bronck
3189 943 4897 1269 Paul Goldmann hat und Politikey
3173 1156 4897 1413 mit Ihrem Calike E. A. mit 8
3164 1390 4915 1594 sandt und ich versuchte, dämisch zu
3162 1536 4954 1779 verstehe, was mir ein zum Theil je¬
3176 1721 4924 2006 lavez; die Nach Frau Preffe kam,
3187 1920 5003 2207 mir je Hilfe – und die Können sich
3162 2161 4959 2407 denken, wie sehr ich mit jahrent
3185 2370 4920 2638 habe, als ich nun alter, war sie ehe
3152 2578 4971 2861 mich schrieben, wie auch nur in
3171 2738 4961 3039 über Übersetzung lesen konnte. Lassen
3169 3013 4996 3312 sie mich Ihrer die Herr Drucken- und
