6152 3608
941 511 3072 962 ich habe mich hieher nicht entblieben,
3159 517 5302 919 Der Koff ist mir lang nachge¬
941 750 2974 1191 können, es als Stadt erscheinen
3143 821 5258 1191 gangen, und obwohl man heute
930 1071 2887 1408 zu lassen. Auf dem Theater
3127 1017 5285 1474 des Eindruck gewinnen mag, der
3137 1327 5291 1648 ganze sei eines These zu lieben ge¬
930 1310 2914 1745 macht es zu seinem Meckung; in
3121 1577 5296 1909 schrieben, so ist es mir seinerzeit
957 1631 2991 1979 der Ladure scheint es der ne
3137 1805 5302 2213 doch aus den Leben empössen
903 1909 2980 2251 unangenehm. Ich empfinde aber
3110 2072 5312 2480 en Gegängsgröllen. Und vielleicht
903 2148 2985 2512 umso verdienstlicher, als ich glaats
3148 2300 5334 2719 kommt auch der Ausglücken selbst.
903 2392 3078 2833 dass mir die Komödie in glücklichere
924 2675 5302 3159 Stimmung hätte gelingen müssen, weiter ans etwas sehr letendigem
