6136 3608
1188 491 2968 763 weiter nichts sagen – wie er Ihren
1139 743 2452 937 ja gewähr am liebsten ist.
1173 851 2927 1186 Sie haben hoffentlich meine Rade
1152 1102 2943 1299 aus Rom bekommen und wissen
1175 1272 2997 1598 Ihr auf Ellen Kley kaum jedemal
1191 1458 2979 1757 sich, die mir zu meinem Freude
1182 1648 2954 1947 erzählt, das die den letzten Kleider
1193 1838 2984 2110 in volkommener Gebendheit
1177 2089 2873 2434 verbracht haben. Meinige Tage
1170 2300 2943 2585 nachdem ich Ellen Reiz, oben
1188 2483 3013 2812 Mesen mir nachschaft wohl that
1195 2739 2947 3040 bei Wassermaus keines jätres
1200 2966 2988 3239 Auf ich sie ein zweiter teil und
3074 450 4876 731 Helge Thode, den sie mit brachte
3106 647 4844 942 Ich war kann zwei Mache
3106 872 4804 1080 in Renn, eher jenig, um je
3110 1068 4890 1261 wissen, wie man es ein nächste
3095 1236 4822 1469 Mul anzufangen sei, um
3063 1433 4856 1725 seine Zeit mit auszunitzen.
3095 1600 4876 1915 Thos Rom ging ich wurf Florsch
3092 1856 4867 2175 wo if mit wovon herna
3074 2078 4894 2370 Rendzner Halle – aber it¬
3115 2282 4928 2594 frühling fand ich ungends.
3106 2524 4856 2823 from from him of manner.
3104 2721 4881 2981 Sie waren - aber sind noch? - -
3099 2927 4915 3174 Redin, wie eine Georg Kieschels
