6121 3608
2048 1723 3848 1829 Zializsämtlung, die ich mir drücken, aber nicht
2017 1836 3903 2062 erscheinen lasse, da die Umschheit zu sittlich ist,
2041 2050 2784 2180 um es zu stil aber.
2048 2151 3884 2342 Ich sehen der Truppah herbei; der Winter ist für mich
2060 2297 3827 2493 wie ein Gefängnis. Marien ich nicht in den
2041 2453 3860 2653 Sücke fliehe? Das hat alles in seiner meldenst
2071 2617 3865 2815 auch gar keinen rechten. Ihre Gesundheit hoff ich
2060 2775 3947 2909 ist jetzt vollkommen geschlägt. Von Gegen Ihr Antheilchnickler
