6151 3716
3691 752 5186 980 emark, sowie die andern neutralen Staaten,
3627 939 5211 1091 ehr von dem für Deutschland und Oesterreich
3675 1043 5144 1214 günstigen als von dem Günsteigen zu lesen.
3693 1148 5198 1287 kommt. Wir sind hier jedenfalls immer wieder
3732 1263 5192 1420 Neuem starr über die ungeheuerlichen Lü¬
3726 1370 5221 1525 die in der ausländischen Presse nicht nur
3740 1489 5203 1622 en Ereignissen im Feld, sondern auch von
3693 1586 5186 1744 inneren Zuständen unseres Landes verbrei.
3657 1705 5180 1832 werden. Obwohl ich annehmen kann, dass Sie
3720 1802 5108 1956 ganzen beidlich orientiert sein werden,
3691 1938 5221 2073 öchte ich Ihnen doch jedesfalls mitteilen,
3914 2039 5233 2140 werden, im Gegensatz zu den Gerüchten von
3873 2130 5209 2287 und dergleichen, völlig geordnete Zu-
3697 2241 5227 2410 de herrschen, dass beinahe nirgends nennens
3697 2360 5227 2507 Die Preissteigerungen erfolgt sind, dass die
3912 2461 5144 2610 en Zusammen hier nicht nur nicht
3627 2566 5215 2726 schlechter, sondern besser sind als im vorigen
3663 2675 5192 2845 dass für die Arbeitslosen, deren Zahl, wie
3711 2792 5174 2930 selbst ganz merkwürdig erscheint, in diesen
3758 2893 4794 3053 nicht grösser sein soll als in
3865 3008 4661 3152 tlicher und privater St.
