6184 3624
1022 493 3079 755 meines Schaffens zum Bewußtsein ge¬
989 730 3123 965 kommen. Ich finde nemlich daß nur
989 959 3177 1221 die Uebersigneren meisters nicht übeljelingen;
997 1172 3104 1403 hingegen ist meine Hauptgasse
978 1387 3117 1605 mir irgend wir dem was sehr trau¬
965 1621 3082 1831 riges passirt – und nicht viel mehr. Sie
989 1818 3115 2038 holt ihre Bedeutung aus ihrem Schicksal
965 2030 2281 2251 nicht aus ihrem Wesen;
1011 2240 3041 2458 die Luft von d'Amerace, die Sie mit
981 2450 2657 2709 der Reise gelesen haben, war
989 2698 2951 2954 auch nicht sympathisch. Der aller
976 2908 2883 3164 schien und einige Laodéraus
3232 520 5316 719 dem zu stecken; auch Bildungsmöhs
3262 722 5357 932 eine. Dagegen wäre möglicherweit
3251 929 4777 1183 nichts eingewenden neu
5014 929 5235 1115 ist
3259 1093 5336 1406 genisse künstlerische Schwäche daraus
3235 1371 5273 1646 Hervorgungen. Ein Richter hat gewiss
3267 1600 5243 1848 das Recht zu sagen. Sie sah aus
3243 1785 5243 1984 wie die Marbima von Rehael in
3251 2044 5278 2254 Resolg oder er erinnerte mich
3199 2191 5306 2452 an ein Portracht von Rembrandt;
3224 2395 5278 2665 aber er doch nicht verlangen, daß
3188 2668 5265 2951 ich mir was erstellen soll, wie
3218 2921 5322 3196 er schildert: die hat Hände wie die
