6151 3641
1024 478 3123 771 aber wissen Fis. Auch von Ihrem Streit
1000 718 2999 1002 mit den Mutscher hab ich eben die
1024 943 3150 1182 Zeitung erfahren. Sie sollen erjeres eine
1029 1140 3032 1467 Naturz abgesagt haben, im Seien
1024 1392 3093 1623 Boden straffe aus "polit. Grunde"
1016 1626 3101 1900 Tagen sie Ihren Aulgathien gegen
1029 1862 3032 2142 Herrn und Frankreich im
986 2091 3048 2354 gebröst gegen Achtereich bei. Lesen
1000 2306 3069 2644 pis cnent nul Blenicor Zachwegens
1005 2540 3093 2897 Parlamoner im Gewonterrath
1005 2798 3115 3112 berichte? Es ist staunerswerth, unter¬
1021 3029 3179 3319 war fus tefenieres nie jean Eben; - twee
3217 546 5319 787 ich denk eines, selbst Antiseanten
3255 736 5254 976 müßte es doch auffalte, daß eben
3292 954 5335 1177 Unlisemtismus - von allem ande¬
3284 1148 5372 1416 abgesehen – jedenfalls die sonsteten
3249 1333 5410 1661 kraft hat, die redorgensten Gemein¬
3214 1596 5335 1922 heiten der monthliche Vater zu tage
3238 1833 5367 2139 in Fördern nur sie aufs höchste uns
3230 2080 5375 2327 zulieben. Wie merkenreich, daß sogar
3241 2266 5391 2604 die offenbaren leitigel Tochter, meinet
3244 2502 5292 2841 wegen Verbrechen der Jüdengresse,
3279 2736 5278 3002 die man als so spezisisch jücksch
3271 3007 5388 3284 hieselbe wollte, von der Amtsmelden¬
