6167 3624
898 541 3009 823 noch ein Kind gibt. Über Ihre Aufnahme
887 781 2985 1042 in Rom hatte ich schon irgen das gelesen
874 1015 2932 1242 der ungestörte Fortgang Ihrer Reiß
850 1189 2921 1460 liest auch auch vermuthen, daß
874 1394 3017 1663 die von Hause günstige Untheilungen
893 1663 2884 1887 erhielten, was mir nun durch
903 1842 2870 2092 Ihren Brief erheimlich bestätigt
850 2049 2796 2327 wird. Wir habe auch wie
898 2276 2910 2590 Rosenhagen, Thee Bücher geschickt
887 2513 2889 2774 bekommen; herzlichen Dank dafür
911 2724 2929 2966 den Band aus den Hauptströmungen
903 2993 2932 3265 sab ich schon gekommt, in der früheren
3174 562 5210 847 Ausgabe. Dagegen habe ich Ihre Rede
3094 789 5154 1082 über das Nationalgefühl zu ersten
3102 1002 5165 1306 derl gelesen. Ich glaube, das sie
3150 1242 5048 1458 als ein wahres Rechtes ihres
3153 1455 5226 1711 Galtung gellen kann, da sie
3153 1663 5205 1892 schwungvoll und sachlich zu stich
3094 1911 3361 2151 ist.
3091 2047 5199 2271 die Aufnahme des „Freiwils“, nach der
3129 2252 5183 2500 Sie sich erkundigen, war hier am
3113 2481 5149 2724 ersten Abend eine sch gute; die
3113 2724 5058 2953 Kritik war im gegen wenn
3089 2958 5125 3267 wohlwollend. Sie wissen, daß ich selbst
