6168 3716
1112 841 2569 1012 doch jeder, ob er nun will oder nicht, aus
1270 965 2522 1108 civatexistenz weiter und man gibt
1130 1069 2673 1232 der Zeit auch etwas, indem man sich selber
1224 1165 2638 1319 fahren sucht, so weit es ohne Schadan für
1374 1291 2648 1451 inheit möglich ist. Allzu viele sie
1213 1429 2685 1561 heute, die in einem ins Leere gewandten
1195 1504 2669 1661 tätigungstrieb sich nutzlos verschwenden
1386 1628 2636 1780 gung zeigen sich einem äussern oder
1551 1738 2628 1888 Zu entfremden, innerhalb dessen
1587 1850 2606 2006 der Weiterarbeit, sie die Sachen.
1614 1980 2039 2081 es, wenn auch
3447 892 4971 1069 gesorgt wird, dass alle Theater spielen, die
3447 1022 4980 1185 meisten bei sehr gutem Besuch und dass ein
3478 1126 5091 1270 das ganze Elend des Kriegs eigentlich nur dort
3512 1217 5018 1384 Er Augen tritt, wo die einzigen, bisher unbe-
3530 1346 4992 1488 eifelbaren Resultate desselben zu sehen.
3484 1435 5104 1608 sind, nämlich in den Spitälern, wo die Verwunde.
3490 1559 5120 1701 an liegen. Aber auch von dort bringt man kei-
3602 1691 5055 1815 ge ausschliesslich trübe Eindrücke nach
3500 1783 5114 1884 muse. Denn beim he alle Soldaten und Offizie¬
3616 1866 5018 2004 e vom Kriegsschauplatz nach Hause kom¬
3650 1986 5081 2140 Ich wenn sie sehr Grauenhaftes zu erzäh-
3675 2091 4815 2260 sen, sind von grosser Zuversicht
4927 2100 5126 2272 füllt
3805 2228 4707 2370 den es auch schon zu einer
3860 2321 4726 2476 der Bevölkerung in man
3929 2429 4799 2557 ben übrig liess. Aber auch
3961 2530 4744 2693 zten Wochen, in denen das
