6136 3608
995 606 3147 832 Richard Beer Johann hat zwei Kinder
995 824 3139 1033 Morgen und Voencie und befürst
971 1084 1556 1272 sich wohl
1143 1269 2929 1500 ich grüßte Sie am Herzen als Ihr
1381 1486 2996 1768 Wenn ergebenen Entschriften
1054 1821 1789 2028 Wien 8.5.99
3326 955 5344 1312 Lieber und wünscher Herr Straucke,
3313 1320 5298 1556 zustimmen mit diesem Brief geht wen
3246 1513 5325 1746 neues Stüch an Sieel, das 3 Emaklen
3216 1695 5228 1953 von mir enthält. Sie werde sehr
3235 1913 5314 2184 gemlich viel gegeben und insbesondere
3206 2060 5352 2436 der Kokadie amisirt die Teil sehr. -
3224 2342 5357 2642 - Zeiten kann ich Ihren heute kann, was
3240 2559 5378 2905 sagen. Vor sieben klafen ist das Geschöpf
3235 2843 5247 3125 begenden worten, das ich von alten
