6152 3608
981 519 1898 742 („Frau des Maison:. —
1011 691 3088 1028 Von Ihrem Ausflug nach stabe am Ihren
1014 981 3124 1300 Guepfang haben wir hier zu lesen. Dagegen
979 1226 3059 1539 hab ich von Ihren Gülisten absolut
1006 1422 2980 1767 nichts gerecht? Werde sie sie
957 1675 3097 2042 übersehen lassen? Sind sie schie!
965 1938 3116 2308 haben sie sie gern? Wie viele Stunde
976 2235 3176 2591 hat Ihr Tag? Zu allen haben Sie Zeit!
965 2501 3086 2814 Uns altes bewahren sie auch, das ist
1003 2754 3108 3072 des verweitnungswierde, und dann
3344 503 4309 769 sind sie so reich.
3265 740 5291 990 Ich wünschte, Sie würden seich gehöret
3246 965 5236 1226 reißen werden nach haben, im
3249 1196 5236 1422 bleiben wieder ein paar Tage in
3254 1370 5310 1729 Mim. (in weitere Ihren, war
3260 1661 5212 1982 Ihnen geht, krächst mir jedenfalls
3254 1949 3986 2167 viel Freude.
3436 2080 5106 2474 Häuslich grüßt sie Ihr Ihnen
3733 2441 4535 2664 bruesgaben
3831 2621 5032 3097 Aether Schausl
3317 2955 4078 3192 Mian 12.1.59.
