6136 3625
1324 528 3141 773 Theil vorwahr einge (aber eine zum Theil),
1331 786 3155 979 über die ich nicht jene rech, hauptsächlich
1294 976 3123 1221 ein geordneter Ohrenhausen, an eben ich nie
1292 1189 3132 1397 seit der einhalt Jahre, ununterwahr
1294 1381 3034 1591 laut, mit beginnenden Vorschlechten
1289 1582 3086 1795 der Gehörs - der macht mich natürlich
1301 1818 3105 2012 auch nicht mal froher. Immerhin er¬
1301 2037 3130 2261 habe ich seit einigen Zeit noch als
1283 2263 3105 2485 ja, und mit einer Impfantung – wenn
1287 2483 3100 2668 Sie wiederlich immer Tülk, wie niemals
1260 2702 3034 2899 früher. Ich lie jetzt dann ein Anwald
1305 2888 3036 3112 zu dienen, die vor ein jene Mehr
1299 3112 2945 3340 beendet wurde, schreibe jetzt einigen
3242 533 4982 738 Rheinne und möht im Sommer ein,
3235 693 5005 935 Remunde schreiben. Der Schlänner der Bec¬
4659 853 4986 999 Hoch¬
3192 908 4979 1161 trice wir entscheinlich im Sommer
3198 1134 4927 1347 an den kurz aufgeführt, wo ich eben
3187 1324 4941 1536 mit den neuen Sachen hin soll die
3192 1527 4918 1770 ich ein Kopf habe recht ich nicht recht.
3208 1724 5000 2010 Es wird nämlich kaum möglich sein
3187 1973 4973 2165 in der nächsten Zeit etwas ein¬
3210 2156 4984 2455 marscher zu schreiben, in das nicht
3192 2382 5009 2684 die andisomilische Frage hineinhielt.
3182 2641 4991 2865 und meine Carl dreieben zu denken
3173 2888 4995 3089 wird erst der Christen noch der Sück¬
3155 3107 4986 3342 recht sein. Der neue Weit am Prin¬
