6136 3733
1202 783 2511 972 Sinne entmutigend zu wirken, wie sie
1235 933 2584 1072 Briefe ausdrücken. Was Sie sagen kann,
1265 1024 2611 1209 berhaupt nur auf die Schlussszene des
1263 1144 2641 1309 beziehen und da weise ich vor allem
1269 1267 2433 1434 den, dass der Autor in heiner Weise
1276 1382 2593 1504 che des Hofrats verantwortlich gemacht
1304 1486 2708 1641 sen wünscht. Ich bin mit dem Hofrat nicht
1163 1593 2654 1740 tisch, ja, mit einem leichten Paraden können
1354 1706 2602 1858 pten, dass der Hofamt es nicht ein
1382 1816 2689 1968 selber ist. Sie erinnern sich ja, dass
1358 1923 2741 2098 dem Hefrat auf seine, wenn Sie wollen,
1556 2055 2363 2194 schen Vorhalte erklärt
1517 2140 2237 2298 in der Statt geradse geldt.
1530 2259 2185 2407 Die Hofrat zur Antwort.
1578 2389 2048 2526 d so ein Vier
1680 2515 1855 2619 90
3633 770 4961 1000 Dass Ihnen die „Kemödie der Werte“
3331 929 5076 1109 einiges Vergnügen bereitet hat, freut mich sehr.
3340 1089 5076 1224 Die Einakter werden viel gespielt und haben Ei-
3340 1194 5026 1328 nen ansehnlichen Bühnenerfolg gehabt. Dagegen
3344 1300 5015 1437 werde ich von einem gewissen Teil der Kritik
3333 1413 5065 1552 in einer selbst nach meinen nicht unbedeutenden
3337 1547 5021 1656 Erfahrungen auf diesem Gebiet fast emphatisch
3324 1617 5026 1766 zu nennenden Weise angegriffen. Man hat nämlich
3307 1734 4991 1875 bei uns (in Deutschland und Oesterreich) ein
3333 1831 5011 1962 neues Kritisches Mass für Kunstwerke entdeckt,
3337 1949 4987 2096 möglich den Weltkrieg. Und wie es den Herren
3320 2070 4980 2211 gerade passt, wird man dafür zur Rechenschaft
3327 2161 5032 2339 gezogen, dass das betreffende Werk irgendwie an
3318 2278 5011 2433 den Krieg erinnert oder dass es das nicht tut.
3307 2394 5039 2519 Anlässlich des „Medardus“, der im vorigen Herbst
3327 2515 4980 2658 ein Berlin aufgeführt wurde, wurden es mir sehr
3476 2604 5006 2771 pelt, dass mein Held sich nicht sofort sei-
3435 2717 5026 2849 ursprünglichen Entschluss gemäss, aufmacht,
3413 2841 5045 2999 den Napoléon umzubringen, und sich statt des-
3405 2953 4932 3097 Dann fünf Akte lang durch allerhand Privater-
3303 3066 4963 3186 lebnisse, die für Kritiker selbstverständlich
