6168 3607
1526 360 1795 516 ' / 4: 1:
2602 314 2765 497 P.D.
3190 443 3529 591 Schutzler
4254 468 5071 664 Wien, 27.5.88
828 492 2937 710 eine geringe Meinung von dem Künstl
814 685 2921 941 rischen Werth deses Stücks habe; aber
3185 726 4561 1048 Vorschlafen Herr Brandes,
828 898 2975 1078 davon war wenig die Rede. Dagegen
3115 1029 5098 1295 es war wirklich nicht nothrend
804 1088 2956 1338 Ihm ist bei der Besprechung der angeb¬
3088 1285 5063 1556 uns für etwas zu denken, was
809 1344 2908 1580 lichen Tredung so viel Bemertheil
3037 1457 5071 1758 uns selbst so viel Freude gemacht
774 1543 2908 1819 und Verlogenheit ausgeflogen.
3048 1704 5163 2000 hat wie die Möglichkeit während
828 1787 2884 2026 in Stauwolken, wenn om ga¬
3077 1895 5184 2172 Ihrer Miene Aufenthalts einige
761 1983 2870 2204 lapperendes Ross über die Land¬
3042 2128 5087 2395 Stunden mit Ihnen zu vertringen,
777 2266 2873 2478 straße sagt. Instehende die anlise¬
3048 2368 5052 2639 jedenfalls aber freut mich Ihre
809 2435 2970 2752 mitischen Blätter leisteten unglaublicher
3061 2588 5101 2849 liebe Nachricht aus Sicelien, die
814 2679 2913 2997 in denunciationen. Es ist schließlich
3042 2779 5128 3032 und von Ihrem Wohlbefinden so ange¬
820 2932 2878 3131 so weit gekommen, dass die Vinklion
