6136 3608
1163 477 2882 727 di man konnte sagen nach ein
1149 675 2959 961 Zauf der in Streisen, wie durch
1152 879 2969 1181 man in gewissen Sinne einer
1158 1088 2975 1372 abhänge, ist; wie sie auch keine
1158 1267 2828 1542 unmittelbar leicht über
1133 1588 2121 1794 ewe belitär
1792 1835 2414 2130 U.A.S.
3116 429 4860 779 wagen. Einen ktiven Rinnen
3066 690 4845 961 den ich vorigen Miele schrieb,
3089 872 4883 1190 haben sie wohl schon erhalten.
3082 1054 4849 1376 Die Beatrice ist ein Regauler
3066 1263 4899 1613 einige Clade in Breslau ge¬
3078 1476 4838 1822 hielt worden; ohne besondere
3105 1638 4906 2046 Glück. Auch war die Unstellung
3093 1878 4901 2253 recht schwach. Eine jede Aufsäh¬
3082 2094 4856 2444 müsst dem Stück wohl Ersatz
3112 2305 4888 2648 bringen. Aber der Kirstheater
3112 2564 4581 2864 seit michtiges zu thien. —
3225 2714 4867 3030 Jahm Sie wohl und sein sie
3184 2941 4808 3296 sorglich gegrüßt von Ihrem
3359 3128 4774 3348 theing Oulh. Edw. H
