5752 4569
557 474 2573 624 meisterlich abgelönt. Ich stelle das 1. Nachstück und
544 589 2541 755 die Sinne zwischen den junge Herr und die jungen Er¬
544 723 2514 830 am höchsten. Zufällig sah ich jüngst, mir verwegen,
522 785 2611 967 Sie es Wich Schadhals genutzt haben. Am freundesten
477 892 2629 1092 sind mir Dichte i. Schauszielen geblieben, ich auch des
498 1023 2565 1167 a immer meien Schulmisterlichen Unkamtnis des
522 1141 1831 1296 decadent Schriftstellerthaus liege.
702 1234 2552 1408 Hoffentlich führt, es im Weiler des deutsche
557 1336 2549 1526 zenken zusammen, dem freißes Blut aufs innigste zu
530 1424 2603 1647 müsse ist, da Brahmunculus unsere Bewichtigung seit
527 1518 2627 1700 mein Jahr nur mit abgezielten Hauptmännern und dem
562 1649 1813 1829 flamp Probecandidelen Gerichtet.
862 1706 2536 1869 Nochmals viel Denk! Verehrungsvoll grüsend
2030 1802 2603 1925 Enis hiemit.
1208 1842 1639 1965 b. 11/8 1900.
2967 469 4779 643 Fußstopf des Meiner Ausschusses trete wollte u. dürfte.
2980 600 4983 736 Wenn die mich längerer Pause wieder einmal nach Berlin, so gebe
2959 699 4265 851 Sie mir, litte, Gelegenheit zu einer begrüßung.
3296 803 4581 975 Mit Ost Ertheilungen in ihm zu Gemahlen.
3826 929 4739 1060 wenigesvoll zu ganz ergeben.
2913 964 3569 1138 Berlin W 50 8, Jan. '09.
4316 1034 4892 1189 Euch damit.
