5722 4600
1356 1339 2739 1511 Gemäs mit dem Fähnrich. H. Adlog
1363 1481 2321 1605 es des Jahren Kuhnes werth.
1817 1590 2034 1727 Dixi
1429 1701 2659 1858 Gleute sei auch ja nicht, ich sei gegen
1316 1813 2721 1956 der Junge Medardus gleichgiltig, weil ich
1346 1916 2736 2064 dazu gescheinigen habe. Ich er im letzten Josef
1333 2057 2704 2207 mich zur Läsungsanfüllen in meiner
1352 2160 2608 2319 Am Staatsjahr ein Halbinwalider und
1339 2310 2738 2441 mußte mich auch als Correspondent schmerz,
1326 2391 2835 2561 muß es noch. Sehen wie hin ja leider dieses
1341 2516 2691 2646 bis in die Christ Nebenszei Sprei Legien
1358 2651 2756 2811 belebte eieinreiche Gesamstärt zu unsre
1358 2754 2814 2876 „vielerlandrung“ "dramalischung die Freiheitswege
1339 2863 2704 3000 ist. Gebst, studiert gab' ich es nochmals,
1328 2989 2672 3122 mir gazu Ende mit einigene Topfspukeln.
1568 3111 2685 3242 In alle Verehrung danken und gewesen
3476 3197 3772 3334 le reste de ses
1697 3201 2762 3379 2/n ganz ergeben Einsdemiß.
