5752 4552
2200 824 3618 1127 Auf Schuldt BERLIB W. 35. Derffliegerstr. 21.
3155 937 3515 1066 17/204
2451 1226 3302 1436 Hochverehrter Herr
2351 1481 3640 1650 Es draugt mich, Spier mitten
2212 1642 3660 1784 im labor improbe zu sagen, daß
2223 1797 3700 1970 nur gestern ihre Einsame Wege am
2225 1953 3685 2158 tiefen Eindruck gemacht habe: mit
2239 2107 3731 2314 Ermiederung zweifeln u. mit Zweifel be¬
2236 2275 3688 2442 wundernd. Denn Unterbau u. Aufsau
2258 2464 3607 2628 sind nicht unansichtbar. Aber es ist
2228 2615 3724 2807 ein auf eigänthümliche Probleme gegenwärter,
2241 2758 3694 2969 stimmungse i. gedankten volles Werk, das
