5752 4569
2122 1154 3508 1391 Euch Schmidt Berlin W 50 Augsburger Str. 43
3005 1297 3290 1444 22 XII
2443 1558 3127 1741 Hasverehrte Herr
2303 1781 3584 1943 Sie mögen in jungster Zeit an den
2166 1930 3584 2057 Leisen Berlinern etwas irre geworden sein,
2189 2001 3615 2166 und so eil ich als nordentlich + österreich.
2195 2158 3593 2278 ches Amghilium schwer wenigstens mit
2206 2264 3598 2412 Einem Worte sagen, daß mich Ihre neue
2224 2369 3615 2516 Schöpfung in der vorzüglichen Aufführung eine
2196 2483 3642 2626 erster bis zum letzten Augenblick ganz außer.
2206 2601 3568 2768 ordentlich gesesselt hat. Mei habe all diese
2213 2739 3598 2897 Gestalten, ich glaube er sie, sind das letzte
2195 2829 3655 3002 Druck gerade in seine Unnotwirthheit moli¬
2186 2958 3530 3102 mit und einem auch hiedicht gütig.
2184 3082 3611 3210 im 1. Art verbreitet, jezt übersagt ein
2169 3174 3582 3370 einen strecken Stempel: gegen die Liebschaft
