5735 4585
2954 1028 4369 1193 dem ernsten Zuschauer gegenwärtig sein.
1375 1064 2872 1254 uns zu langem u. herbem Nachstamm
2937 1165 4361 1321 wenn die Cassenanfolge die a Reisen, Je¬
1357 1265 2842 1400 entläßt darüber, wie mich u. ein fern
2913 1306 4363 1486 pfertrück u. Consorten, längst vergesessen
1360 1402 2848 1542 die Menschen einander sind. Bessermann
2937 1528 3146 1639 sind.
1346 1568 2799 1739 Er mich besonders in der beide letzte
3035 1588 4404 1779 Es thut mir sehr leid, das Helentstags¬
2924 1749 4402 1935 mehl Brahmunculi c. und Agezug
1368 1751 2839 1902 Acten trotz seinem unheilbaren »Man¬
2956 1913 4139 2072 mit Ihm versämen zu müssen.
1368 1902 2850 2090 nemer Gedrächze sehr ergriff. Wenn
1366 2072 2865 2217 es nicht besser, wenn Sie den Sohn nicht
3565 2030 4346 2206 Verehrungsvoll gewand
1360 2213 2850 2404 in die Leutnantsunifern gestellt hätten?
3708 2208 4384 2387 Euch dr. mit.
1368 2346 2790 2572 Er haften nun, einmal in den Stand
1372 2538 2857 2771 gerisse forderungen, besonders für Nord¬
1381 2695 2878 2928 den W. Land. Mey ich die Stunde vielleicht
1379 2902 2770 3113 nicht lange halten, so wird es doch
