5752 4569
4435 401 4729 540 * * * x * * *
879 489 1777 692 Hochverehrter Herr
2738 419 3093 674 Schauss
3098 597 3793 771 Hochverehrter Herr
527 689 2306 843 Gelesen und wieder gelesen hab ich Ihre
2870 725 4633 897 2) wie ein vorher lesen, doch ein sehr träge Schreiber.
440 807 2252 985 Contenbande und nur deshalb trotz aller
2736 887 4649 1026 Von meinem dankbaren Interesse für Ihr Schaffen müssen, Sie
432 931 2345 1118 Decanals bedrängnis noch ist gederes, wel¬
2728 987 4723 1108 bei all meiner in die hiesigen Vermühle einigemäßen entschulden.
445 1054 2360 1239 Ihr endlich ein für sellem Mlose erfragte,
2736 1067 4754 1206 ben Rödelin überzeugt sein. Ich habe den Weg ins Freie zweimal,
2772 1167 4703 1355 verbei am eigenen Meiner Erfahrungen zurückgebst u. nun
404 1167 1921 1345 Adresse in Verstoß gerathen“ war.
2754 1288 4649 1409 endlich mein Sprüchlein für die Dkunden niedergeschrieben, wo
563 1283 2278 1460 Was Sie da einer engeren Gemeinde
2751 1406 4646 1540 Sie es im Februar aus März sehr post festen leßen werde. Denn
427 1409 2378 1561 mit vornehmen Zurückhaltung gegenüber den Commis
2733 1468 4726 1646 Sie habe gewiß längst neue Eisen im Feuer, hoffentlich auch zu Gunst
414 1512 2263 1658 vorgegen u. gelüst des profans volges bieten, ist
2754 1579 4693 1718 eines geglagen Schütterpreissecretärs, da dies Mal nicht bloß in die
843 1648 1088 1795 ̃ ̃
2229 1669 2391 1851 Von tämätigsteitet:
2736 1658 4803 1831 Kirjurjallisestoimisesti.
2967 2134 3589 2327 Ausbei 4) 35 14/4°3
1892 2144 2103 2391 Wm Ld
1846 2304 2576 2486 Hochverehrter Herr
1864 2440 3571 2607 Sie müsse eine rhenderhafte Meinung von mir
1736 2551 3561 2695 haben! In der That ist meine Courszudig, seit ich vor
1728 2646 3553 2777 2 Jahren er Capen Würbade palient benkrires Achlein
1712 2751 3530 2844 lüstete, binich geg entschlafen. Doch als Leser hatte ich Wenn
1715 2798 3579 2924 in Treue, auch bi willkammer Gelegenheit der Schauer. Gestern
1702 2882 3561 3032 und ganz ich in selben Stupillen können wie die neuen
1715 2962 3546 3093 Ihm unverzahlen Geistel (hat’ ich auch monsten wollen, aber
1700 3021 3607 3152 was läßt nun nicht alles mothgedegen u diesen ganzen Verkühle!)
1810 3129 3584 3265 u. so soll einigstens ein Gruß c. höchst summarischer
2792 3222 3561 3384 zu keinem Ergeben ist Ihr
1715 3224 2589 3363 denst zu Ihm wenden.
2972 3304 3587 3497 Erich Bmit.
