4994 4697
1723 407 2825 630 Wien, Weihnachten 1927.
1694 551 2640 703 IV. Schönburg etc. 48.
1099 633 2575 879 Venehrter Herr Dollcier, Spt
1266 779 3384 967 Bitte, repuren die diesen Brief nie eine
1046 867 3264 1099 bise und losseidene Stimme, die bis zu
1067 943 3364 1163 seien will. I’s most amen nichts anders
1064 1105 3255 1277 sagen, als daß mich xyz
1067 1169 3314 1377 Bekrücken se tief ergriffen haben, wie
1075 1295 3223 1421 es mir nur noch einmal in Leben
1093 1360 3361 1544 geschehen ist: als ich in meiner Jugend
1055 1430 3349 1653 Nachricht Morguwöre zum erstemate in
1078 1524 3340 1732 die Hand bekomm. damals springen Tören
1075 1661 3299 1814 auf - wie gestern, als ich Ihr Buch las.
1075 1726 3246 1890 Wie schön, dass mein Inpleiden noch
1093 1825 3343 2028 passieren kann! Da ist jedes Wort solebt.
1087 1899 3358 2118 und erfühlt und erblütet. ich dancke das
1078 2033 3419 2206 sehr schlechst aus, obt sie haben ja selbst
1069 2118 3282 2288 von dem Resen geaprochen, so wo dem
1099 2239 3287 2417 der so wahheit Weise seilx, dem Wort.
1081 2370 3197 2511 Ich kann mit ihm nicht einzu¬
1084 2423 3355 2593 bei einem Bozkumpf zwischen ihm
1096 2543 3326 2704 und mir käme nicht viel heraus. Ich
1093 2628 3428 2778 mögte Man mir ganz subjektig danken
1084 2710 3434 2901 für dieses – vielleicht schönste zur Binder.
1061 2822 3320 2997 und ich habe keine andre Berichtigung
1090 2948 3431 3068 dazu, es für tun, als daß ich von Jugend
1069 2986 3235 3220 auf mit schon gestalten gelebt sche
1087 3091 3425 3299 und daß sie und bis zum Seertigen
1105 3249 1887 3419 Tage begleiten.
1459 3416 1717 3572 are.
1805 3548 3446 3762 & General Ris - Andro
