5095 4695
2762 400 3211 532 SORÖNBURGSTRASSE 4s
1005 403 1604 541 THERESE RIE-ANDRO
1784 403 2581 663 F.TrubyKing
1515 467 1686 638 1:10:8
2753 498 3254 733 22/12/29
1399 828 2206 978 Verehrter Herr Doktor,
1524 938 3629 1078 Ich möchte Ihnen nur danken für das bezaubernde Stück Leben
1381 1069 3541 1191 und Athmosphäre, das Sie gestern vor uns haben erstehen lassen.
1378 1173 3724 1320 Es ist wol in jedem Ihrer Stücke so, dass sich einem Selbsterlebtes
1393 1289 3742 1390 zur Allgemeingiltigkeit sublimiert. Oh,wie gut kannte man sie, die-
1387 1408 3697 1549 se stillen Villen, eine Stunde und doch weltenweit von der Stadt,
1390 1521 3599 1653 in deren weichem und etwas feuchtem Grün Frauen und Kinder von
1387 1637 3767 1790 Mai bis September spielten und träumten. Es war nicht immer ein ganz
1399 1744 3611 1909 gutes Träumen, das zeigt Ihr Stück, da mit so zarter Hand einen
1393 1870 3730 1989 Schleier von Gesichtern entfernt, die uns vertraut und im Grunde
1381 1970 3718 2108 doch fremd waren: von denen unserer Mütter. Man war schon rebelli¬
1381 2105 3617 2239 scher, man wollte nicht mehr so pflanzenhaft passiv dahinleben,
1381 2236 3608 2374 man hielt für unlendig, wo nur tiefstes 'erbergen war; man be-
1390 2355 3529 2484 griff urplötzlich hervorquellende Bitterkeiten nicht. Das und
1387 2438 3587 2575 noch so viel anderes lehrt Ihr Stück verstehen- wann hätte ein
1393 2572 3580 2664 Werk von Ihnen einen nicht das Heben besser verstehen gelehrt!
1637 2704 3522 2844 Und Gusti! ich kannte Gusti persönlich; immer war man
1381 2798 3562 2905 Freund Ihrer Gestalten. Gusti war eine heissverehrte Freundin
1399 2948 3779 3049 (bei den Eltern weniger beliebt!) die man still bewunderte, weil sie
1393 3018 3565 3144 so gut konnte, was man selbst nicht fertig brachte, weil ihre
1387 3150 3837 3281 Unternehmungslust nicht von dem Gedanken gehemmt war, dass der Mensch
1381 3275 3755 3425 in einem gewissen Alter doch eigentlich nur aus Ellenbogen und lin¬
1381 3394 3755 3483 ken Füssen besteht. (Das Wort "sex-appeal" war noch nicht erfunden.)
1381 3461 3580 3617 Ich hoffe, Sie haben das junge Fräulein Ullrich, die ich bisher
1378 3617 3522 3745 noch garnicht kannte, ebenso entzückend gefunden wie ich: so
1378 3724 2746 3868 ganz echt und am meisten, wo sie lügt!
1668 3837 3590 3968 Ueberhaupt eine Aufführung, der man anmerkte, dass nicht
1387 3950 3559 4109 nur gewöhnliche Regiearbeit geleistet worden war. Ueber Moissi
