5091 4697
1207 494 2195 744 '̃' ̃.
2928 500 3289 645 Monsieur M.M.
1417 710 3672 812 freilich möchte ich lieber nicht sprechen; er ist Ihnen gewiss
1417 818 3524 917 lieb und auch persönlich ein anziehender Mensch. Aber er ist
1437 946 3260 1025 immer aus Neapel an der Newa- nie aus „esterreich...
1775 1014 3746 1167 Ich habe noch keine Kritiken gelesen und ich denke mir,
1417 1153 3701 1281 es wird einen Ueberfluss an schönen Worten von Seiten der Herren
1417 1281 3587 1392 geben, die ja alles besser wissen. Ich möchte Ihnen, verehrter
1431 1372 3672 1514 Herr Doktor, nur ganz einfach und persönlich sagen, wie ganz mit¬
1431 1494 3658 1650 genommen ich von jeder Szene war, und wie ganz mir Ihr Stück das
1431 1622 3692 1749 Shakespeare’sche Wort zu erfüllen schien: „Sind wir ein Spiel von
1431 1741 3658 1894 jedem Druck der Luft". Denn immer noch sind es die Abenteuer der
1426 1863 2979 1965 Seile, die uns am tiefsten ans Herz rühren!
1693 1960 2712 2104 In Dankbarkeit und Verehrung
2181 2167 2383 2332 me
2352 2394 4070 2630 Thereseth. ( - Andro.
