2127 3635
256 834 1700 948 kungen" scheu ich gewiss nicht zurück:-aber überlege
258 920 1739 1045 nur einmal die Gestaltung unserer äusseren Verhältnis-
263 1032 1719 1133 se, so wirst du bald finden, dass es um eine so durch-
256 1128 1700 1248 greifende Aenderung unseres Haushalts - wie sie vor-
258 1260 1728 1349 läufig noch nicht gebieterisch gefordert wird, wie sie
256 1354 1689 1478 aber im Laufe der Jahre - wenn es nicht bald besser,
263 1441 1619 1551 viel besser wird - notwendig werden müsste - eine
258 1536 1731 1643 weitaus kompliziertere Sache wäre, als in irgend einem
252 1634 1691 1768 für Dich vorstellbaren Fall Deiner näheren oder ent-
252 1724 1719 1866 fernteren Umgebung. Dies sind aber für mich keine an-
258 1857 1693 1956 dern als flüchtigen Gedanken - keineswegs ernstliche
252 1969 1691 2063 Erwägungen - und ebensowenig wie ich verbittert bin,
261 2052 1700 2155 denke ich daran, mich „einzupuppen oder abzuwenden...
247 2156 1649 2289 Lass diese Legende von mir in hir nicht aufkommen.
258 2248 1700 2374 Wenn ich auch in keinem Schützengraben liege - ja es
258 2342 1645 2467 sogar vermeide mich da und dort „zum Weltkrieg zu
252 2444 1726 2604 äussern" - ich sehe mich mit beiden Beinen in unserer
256 2565 1711 2679 Zeit stehen wie irgend einer,- und hab ich auch nicht
261 2662 1621 2795 eben leitartikel- oder feuilletongerechte Gedanken
