2127 3635
251 799 1751 937 über Vaterland, Heldentum und Politik, -es ist mir wahr-
255 925 1723 1046 scheinlich schon Vernünftigeres durch den Kopf gegan-
251 1052 1755 1137 gen, als vielen, die sich lyrisch und essayistisch betä-
257 1129 1777 1245 tigen. Auch hat man wenig Lust sich der Oeffentlichkeit
255 1224 1764 1356 mitzuteilen, wenn die Zensur es (was ich ihr in solchen
251 1332 1666 1445 Zeiten angesichts der Unreife unseres Lesepublikums
257 1451 1719 1541 nicht verwehren will) in der Macht hat - aus den dun-
261 1532 1775 1668 kelsten Ideen ein weisses Blatt zu machen. Du schreibst,
264 1643 1698 1758 „dass die ungeheueren Umwälzungen irgendwie auch auf
261 1740 1734 1868 mich werden wirken müssen“, als wollt ich mich dagegen
261 1868 1726 1972 auflehnen, als würd ich von der Weltgeschichte, die wir
251 1949 1753 2063 miterleben,gewissermassen nichts wissen wollen, als be-
257 2047 1690 2163 deute mir persönlich all das Grosse und Grauenhafte,
264 2136 1696 2268 was sich begibt, eine Störung in egoistisch-literari-
257 2238 1724 2387 schem Sinn-, als hätt ich die Absicht, diese Zeit nicht
257 2346 1709 2478 auf mich wirken zu lassen. Ganz abgesehen davon, dass
266 2470 1728 2595 es ein kindisches Unterfangen wäre von Einem, der sei-
257 2552 1741 2688 nem Beruf nach - nicht ein Spiel, aber doch ein Fühler
