<?xml version="1.0" encoding="UTF-8" standalone="yes"?>
<PcGts xmlns="http://schema.primaresearch.org/PAGE/gts/pagecontent/2013-07-15" xmlns:xsi="http://www.w3.org/2001/XMLSchema-instance" xsi:schemaLocation="http://schema.primaresearch.org/PAGE/gts/pagecontent/2013-07-15 http://schema.primaresearch.org/PAGE/gts/pagecontent/2013-07-15/pagecontent.xsd">
    <Metadata>
        <Creator>prov=READ-COOP:name=TrHtr:version=2.1.0:model_id=51170:date=26_07_2023_10:58</Creator>
        <Created>2023-05-02T08:18:35.231+02:00</Created>
        <LastChange>2023-07-26T10:58:55.940+02:00</LastChange>
        <TranskribusMetadata docId="1416749" pageId="54954015" pageNr="10" tsid="130931251" status="IN_PROGRESS" userId="64420" imgUrl="https://files.transkribus.eu/Get?id=DMSUHZPYNNQOAKBTNTSQQMEU&amp;fileType=view" xmlUrl="https://files.transkribus.eu/Get?id=JEBBICUFJQEKUOBZLXCLTCIB" imageId="44457740"/>
    </Metadata>
    <Page imageFilename="1416749_0010.jpg" imageWidth="2127" imageHeight="3635">
        <ReadingOrder>
            <OrderedGroup id="ro_1711825823865" caption="Regions reading order">
                <RegionRefIndexed index="0" regionRef="tr_1"/>
                <RegionRefIndexed index="1" regionRef="tr_2"/>
            </OrderedGroup>
        </ReadingOrder>
        <TextRegion id="tr_1" custom="readingOrder {index:0;}">
            <Coords points="241,836 1730,836 1730,1821 241,1821"/>
            <TextLine id="tr_1_tl_1" custom="readingOrder {index:0;}">
                <Coords points="246,900 1339,892 1587,929 1684,909 1682,771 1579,829 1438,792 244,823"/>
                <Baseline points="256,886 301,889 346,889 390,889 435,889 480,889 525,892 570,889 614,892 659,892 704,892 749,892 793,892 838,892 883,892 928,892 972,892 1017,895 1062,895 1107,895 1151,895 1196,895 1241,895 1286,892 1331,895 1375,895 1420,895 1465,895 1510,895 1554,895 1599,898 1644,895 1689,898 1692,895"/>
                <TextEquiv>
                    <Unicode>von jedem Druck der Luft ist,-den Orkan überhören zu</Unicode>
                </TextEquiv>
            </TextLine>
            <TextLine id="tr_1_tl_2" custom="readingOrder {index:1;}">
                <Coords points="246,1006 1402,1043 1483,1004 1691,1015 1691,931 680,898 482,937 244,900"/>
                <Baseline points="256,990 301,990 346,993 390,993 435,993 480,993 525,993 570,996 614,993 659,996 704,996 749,996 793,996 838,996 883,996 928,996 972,996 1017,996 1062,996 1107,996 1151,999 1196,999 1241,996 1286,996 1331,996 1375,996 1420,999 1465,999 1510,999 1554,999 1599,999 1644,999 1689,999 1695,999"/>
                <TextEquiv>
                    <Unicode>wollen—;ich stage zu behaupten, dass in manchen der Sa-</Unicode>
                </TextEquiv>
            </TextLine>
            <TextLine id="tr_1_tl_3" custom="readingOrder {index:2;}">
                <Coords points="240,1110 1687,1116 1687,1034 1533,1011 240,1023"/>
                <Baseline points="250,1095 295,1092 340,1095 384,1095 429,1095 474,1095 519,1095 564,1098 608,1098 653,1098 698,1095 743,1098 787,1098 832,1098 877,1098 922,1098 966,1098 1011,1101 1056,1101 1101,1101 1146,1101 1190,1101 1235,1098 1280,1101 1325,1098 1369,1098 1414,1098 1459,1101 1504,1101 1548,1101 1593,1101 1638,1101 1683,1101 1692,1101"/>
                <TextEquiv>
                    <Unicode>chen, die ich schon vor dem Krieg geschrieben und in</Unicode>
                </TextEquiv>
            </TextLine>
            <TextLine id="tr_1_tl_4" custom="readingOrder {index:3;}">
                <Coords points="242,1220 1671,1224 1714,1205 1714,1123 242,1129"/>
                <Baseline points="253,1193 298,1193 343,1196 387,1196 432,1196 477,1199 522,1199 567,1199 611,1199 656,1199 701,1199 746,1199 790,1196 835,1196 880,1196 925,1199 969,1199 1014,1199 1059,1202 1104,1202 1148,1202 1193,1202 1238,1199 1283,1199 1328,1199 1372,1202 1417,1202 1462,1202 1507,1202 1551,1202 1596,1202 1641,1202 1686,1202 1719,1202"/>
                <TextEquiv>
                    <Unicode>fast allen, die ich entworfen (Olga kennt diese Pläne) -</Unicode>
                </TextEquiv>
            </TextLine>
            <TextLine id="tr_1_tl_5" custom="readingOrder {index:4;}">
                <Coords points="250,1330 1285,1304 1566,1339 1725,1324 1725,1212 250,1224"/>
                <Baseline points="259,1292 304,1295 349,1298 393,1298 438,1298 483,1298 528,1301 573,1301 617,1298 662,1298 707,1298 752,1298 796,1298 841,1298 886,1298 931,1301 975,1301 1020,1301 1065,1301 1110,1301 1154,1301 1199,1301 1244,1301 1289,1301 1334,1301 1378,1301 1423,1301 1468,1301 1513,1304 1557,1304 1602,1304 1647,1304 1692,1301 1730,1301"/>
                <TextEquiv>
                    <Unicode>eine Ahnung, oder besser ein Vorverstehen dieser Epoche</Unicode>
                </TextEquiv>
            </TextLine>
            <TextLine id="tr_1_tl_6" custom="readingOrder {index:5;}">
                <Coords points="242,1421 1702,1425 1700,1334 1630,1322 240,1332"/>
                <Baseline points="253,1396 298,1396 343,1396 387,1396 432,1396 477,1396 522,1396 567,1399 611,1399 656,1399 701,1402 746,1399 790,1399 835,1399 880,1399 925,1399 969,1402 1014,1402 1059,1402 1104,1402 1148,1399 1193,1402 1238,1399 1283,1402 1328,1402 1372,1402 1417,1402 1462,1402 1507,1402 1551,1405 1596,1402 1641,1402 1686,1402 1707,1399"/>
                <TextEquiv>
                    <Unicode>herauszuspüren ist;- und in dem, was noch kommen wird-</Unicode>
                </TextEquiv>
            </TextLine>
            <TextLine id="tr_1_tl_7" custom="readingOrder {index:6;}">
                <Coords points="242,1516 1699,1537 1699,1458 1458,1419 242,1421"/>
                <Baseline points="253,1498 298,1498 343,1498 387,1498 432,1498 477,1498 522,1501 567,1504 611,1501 656,1501 701,1504 746,1501 790,1504 835,1501 880,1501 925,1501 969,1501 1014,1501 1059,1504 1104,1501 1148,1501 1193,1504 1238,1501 1283,1504 1328,1504 1372,1504 1417,1504 1462,1504 1507,1507 1551,1507 1596,1507 1641,1507 1686,1510 1704,1510"/>
                <TextEquiv>
                    <Unicode>oder soll - kann ganz natürlicher Weise der Nachklang</Unicode>
                </TextEquiv>
            </TextLine>
            <TextLine id="tr_1_tl_8" custom="readingOrder {index:7;}">
                <Coords points="235,1619 1719,1630 1719,1533 1633,1510 1091,1551 970,1514 235,1524"/>
                <Baseline points="244,1596 289,1596 334,1599 379,1599 423,1602 468,1602 513,1602 558,1599 602,1602 647,1602 692,1602 737,1602 781,1602 826,1602 871,1602 916,1602 960,1602 1005,1605 1050,1602 1095,1605 1140,1602 1184,1602 1229,1602 1274,1602 1319,1602 1363,1605 1408,1605 1453,1605 1498,1605 1542,1608 1587,1605 1632,1608 1677,1608 1721,1614 1724,1614"/>
                <TextEquiv>
                    <Unicode>der Dinge, die wir miterleben, mitleiden - nicht fehlen;</Unicode>
                </TextEquiv>
            </TextLine>
            <TextLine id="tr_1_tl_9" custom="readingOrder {index:8;}">
                <Coords points="231,1719 1177,1710 1483,1753 1687,1719 1687,1637 833,1643 751,1607 603,1648 317,1605 231,1643"/>
                <Baseline points="241,1701 286,1698 331,1701 376,1701 420,1701 465,1701 510,1701 555,1701 599,1704 644,1704 689,1704 734,1707 778,1707 823,1707 868,1704 913,1707 957,1707 1002,1707 1047,1707 1092,1707 1137,1707 1181,1704 1226,1707 1271,1707 1316,1707 1360,1707 1405,1707 1450,1707 1495,1710 1539,1710 1584,1707 1629,1707 1674,1704 1692,1707"/>
                <TextEquiv>
                    <Unicode>wenn er auch nicht jedem gleich deutlich werden dürf-</Unicode>
                </TextEquiv>
            </TextLine>
            <TextLine id="tr_1_tl_10" custom="readingOrder {index:9;}">
                <Coords points="242,1808 788,1851 1177,1810 1693,1835 1693,1741 1626,1728 242,1736"/>
                <Baseline points="253,1796 298,1799 343,1802 387,1802 432,1802 477,1805 522,1802 567,1802 611,1802 656,1802 701,1802 746,1802 790,1805 835,1805 880,1805 925,1805 969,1808 1014,1808 1059,1808 1104,1808 1148,1808 1193,1808 1238,1808 1283,1808 1328,1808 1372,1808 1417,1808 1462,1808 1507,1811 1551,1811 1596,1808 1641,1808 1686,1808 1698,1811"/>
                <TextEquiv>
                    <Unicode>te. Wenn einer nicht mitschiesst, ja nicht einmal mit-</Unicode>
                </TextEquiv>
            </TextLine>
        </TextRegion>
        <TextRegion id="tr_2" custom="readingOrder {index:1;}">
            <Coords points="232,1854 1724,1854 1724,2645 232,2645"/>
            <TextLine id="tr_2_tl_1" custom="readingOrder {index:0;}">
                <Coords points="237,1944 1691,1937 1691,1835 1628,1827 1222,1857 1134,1818 946,1866 237,1822"/>
                <Baseline points="247,1904 292,1904 337,1904 382,1907 426,1907 471,1910 516,1907 561,1907 605,1907 650,1907 695,1907 740,1910 784,1910 829,1910 874,1910 919,1913 963,1913 1008,1910 1053,1913 1098,1910 1143,1910 1187,1913 1232,1913 1277,1913 1322,1910 1366,1913 1411,1913 1456,1913 1501,1915 1545,1915 1590,1915 1635,1913 1680,1915 1695,1913"/>
                <TextEquiv>
                    <Unicode>trommelt, ist er noch kein „Abseitssteher“; das Kriegs-</Unicode>
                </TextEquiv>
            </TextLine>
            <TextLine id="tr_2_tl_2" custom="readingOrder {index:1;}">
                <Coords points="225,2036 1686,2019 1658,1965 1360,1984 1185,1937 633,1972 225,1933"/>
                <Baseline points="235,2011 280,2008 325,2005 370,2005 414,2005 459,2008 504,2008 549,2008 593,2008 638,2008 683,2008 728,2011 772,2011 817,2008 862,2014 907,2011 952,2011 996,2011 1041,2011 1086,2011 1131,2011 1175,2011 1220,2011 1265,2011 1310,2014 1354,2014 1399,2014 1444,2014 1489,2017 1533,2017 1578,2017 1623,2017 1668,2017 1689,2017"/>
                <TextEquiv>
                    <Unicode>geschrei müssen wir uns gefallen lassen - das Kriegs-</Unicode>
                </TextEquiv>
            </TextLine>
            <TextLine id="tr_2_tl_3" custom="readingOrder {index:2;}">
                <Coords points="231,2134 1663,2140 1661,2082 1443,2080 1304,2026 1028,2086 682,2030 535,2079 354,2043 229,2075"/>
                <Baseline points="241,2112 286,2109 331,2109 376,2109 420,2109 465,2109 510,2112 555,2109 599,2112 644,2112 689,2112 734,2112 778,2112 823,2112 868,2112 913,2115 957,2112 1002,2115 1047,2115 1092,2115 1137,2115 1181,2115 1226,2115 1271,2115 1316,2115 1360,2118 1405,2118 1450,2118 1495,2121 1539,2118 1584,2118 1629,2118 1668,2118"/>
                <TextEquiv>
                    <Unicode>geschwätz soll der Teufel holen. Und mit Grillparzer</Unicode>
                </TextEquiv>
            </TextLine>
            <TextLine id="tr_2_tl_4" custom="readingOrder {index:3;}">
                <Coords points="235,2231 1630,2233 1630,2140 1548,2129 235,2140"/>
                <Baseline points="244,2211 289,2211 334,2211 379,2211 423,2211 468,2211 513,2214 558,2214 602,2214 647,2214 692,2214 737,2214 781,2214 826,2214 871,2217 916,2217 960,2217 1005,2220 1050,2217 1095,2220 1140,2217 1184,2217 1229,2217 1274,2217 1319,2217 1363,2220 1408,2223 1453,2223 1498,2223 1542,2223 1587,2223 1632,2223 1635,2223"/>
                <TextEquiv>
                    <Unicode>(der ja viel schönere Sachen gedichtet hat als ich)</Unicode>
                </TextEquiv>
            </TextLine>
            <TextLine id="tr_2_tl_5" custom="readingOrder {index:4;}">
                <Coords points="222,2354 892,2321 1468,2360 1714,2330 1714,2250 624,2255 512,2218 222,2252"/>
                <Baseline points="232,2312 277,2309 322,2312 367,2312 411,2312 456,2312 501,2315 546,2315 590,2315 635,2315 680,2318 725,2318 769,2318 814,2318 859,2318 904,2318 949,2318 993,2318 1038,2321 1083,2318 1128,2321 1172,2318 1217,2321 1262,2321 1307,2321 1351,2324 1396,2324 1441,2327 1486,2327 1530,2327 1575,2324 1620,2324 1665,2324 1710,2327 1719,2327"/>
                <TextEquiv>
                    <Unicode>hab ich im Wesen (so sehr ich ihn liebe) wenig gemein.</Unicode>
                </TextEquiv>
            </TextLine>
            <TextLine id="tr_2_tl_6" custom="readingOrder {index:5;}">
                <Coords points="222,2438 1546,2451 1669,2432 1669,2371 918,2326 797,2364 570,2326 220,2354"/>
                <Baseline points="232,2414 277,2414 322,2414 367,2417 411,2417 456,2417 501,2417 546,2420 590,2417 635,2417 680,2420 725,2420 769,2420 814,2420 859,2420 904,2423 949,2423 993,2423 1038,2423 1083,2420 1128,2423 1172,2423 1217,2426 1262,2426 1307,2426 1351,2426 1396,2426 1441,2429 1486,2426 1530,2429 1575,2429 1620,2426 1665,2426 1674,2423"/>
                <TextEquiv>
                    <Unicode>Er hat wirklich mehr geraunzt als nötig war. Was ist</Unicode>
                </TextEquiv>
            </TextLine>
            <TextLine id="tr_2_tl_7" custom="readingOrder {index:6;}">
                <Coords points="225,2540 1017,2522 1719,2568 1717,2458 224,2445"/>
                <Baseline points="235,2515 280,2515 325,2515 370,2515 414,2515 459,2515 504,2515 549,2518 593,2518 638,2521 683,2521 728,2521 772,2521 817,2524 862,2521 907,2521 952,2524 996,2521 1041,2524 1086,2524 1131,2524 1175,2524 1220,2527 1265,2524 1310,2527 1354,2527 1399,2530 1444,2527 1489,2530 1533,2530 1578,2530 1623,2530 1668,2530 1713,2530 1724,2530"/>
                <TextEquiv>
                    <Unicode>ihm denn so Schlimmes passiert-, Ein Stück, den Ottokar,</Unicode>
                </TextEquiv>
            </TextLine>
            <TextLine id="tr_2_tl_8" custom="readingOrder {index:7;}">
                <Coords points="222,2647 1566,2634 1714,2680 1712,2568 1600,2542 220,2559"/>
                <Baseline points="232,2620 277,2617 322,2620 367,2620 411,2620 456,2620 501,2623 546,2623 590,2623 635,2623 680,2623 725,2623 769,2623 814,2623 859,2626 904,2626 949,2629 993,2629 1038,2626 1083,2626 1128,2626 1172,2629 1217,2632 1262,2629 1307,2629 1351,2629 1396,2632 1441,2632 1486,2632 1530,2635 1575,2632 1620,2632 1665,2632 1710,2632 1719,2632"/>
                <TextEquiv>
                    <Unicode>hat ihm die Zensur verboten - worauf der Kaiser selbst</Unicode>
                </TextEquiv>
            </TextLine>
        </TextRegion>
    </Page>
</PcGts>
