2099 3559
345 830 1895 1029 draussen irgend was Trampeliges oder Plattes ober Schmd-
347 1007 1795 1129 driges hereingeliefert wird? In Oesterreich haben wir
339 1106 1709 1235 uns die Bezeichnung „Echt deutsch“ für alles Edle,
351 1167 532 1233 G.C.F.P.
335 1219 1816 1339 Starke,Schöne aufgespart - (wie die Deutschen selbst)
335 1308 1774 1439 wir verbinden die Worte „echt“ und „deutsch" nur zum
326 1418 1764 1535 Zwecke des Preisens miteinander;- und drüben gerade
335 1512 1770 1647 das Gegenteil. Es geht uns Oesterreichern fast schon
353 1574 472 1639 G.C.F.P.
339 1620 1753 1736 wie uns Juden-, übrigens, mit Beziehung aufs Ausland,
343 1674 483 1736 G.C.F.P
335 1724 1801 1845 könnte man fortsetzen: uns Deutschen - wie uns Oester-
351 1776 445 1830 G.F.P.
532 1778 622 1841 G.F.P.
329 1832 1795 1930 reichern - und uns Juden. Wir werden verkannt. Sonder-
324 1930 1816 2046 bar, dass wir uns in dieser Zeit als alles zugleich füh-
329 2028 1660 2148 len müssen. Ich bin Jude, Oesterreicher, Deutscher.
318 2125 1759 2252 Es muss wohl so sein - denn beleidigt fühle ich mich
329 2229 1653 2360 im Namen des Judentums, des Oesterreichertums und
320 2331 1791 2469 Deutschlands, wenn man einem von den preien was Schlim-
324 2435 703 2577 mes nachsagt.
584 2539 1680 2652 Die Kinder interessieren sich natürlich
318 2610 1774 2768 sehr für den Krieg. Lili besonders, die zu Weihnachten
314 2722 1737 2874 eine uniform bekommen hat, feldgrau, mit Säbel und Pa-
