<?xml version="1.0" encoding="UTF-8" standalone="yes"?>
<PcGts xmlns="http://schema.primaresearch.org/PAGE/gts/pagecontent/2013-07-15" xmlns:xsi="http://www.w3.org/2001/XMLSchema-instance" xsi:schemaLocation="http://schema.primaresearch.org/PAGE/gts/pagecontent/2013-07-15 http://schema.primaresearch.org/PAGE/gts/pagecontent/2013-07-15/pagecontent.xsd">
    <Metadata>
        <Creator>prov=READ-COOP:name=TrHtr:version=2.1.0:model_id=51170:date=26_07_2023_10:58</Creator>
        <Created>2023-05-02T08:18:34.872+02:00</Created>
        <LastChange>2023-07-26T10:58:49.717+02:00</LastChange>
        <TranskribusMetadata docId="1416749" pageId="54954003" pageNr="7" tsid="130931242" status="IN_PROGRESS" userId="64420" imgUrl="https://files.transkribus.eu/Get?id=DWZCCVAORNIKOOQFGBGMCMXK&amp;fileType=view" xmlUrl="https://files.transkribus.eu/Get?id=LHNDDQBJVKXRZDWJHSYYSOYZ" imageId="44457728"/>
    </Metadata>
    <Page imageFilename="1416749_0007.jpg" imageWidth="2127" imageHeight="3635">
        <ReadingOrder>
            <OrderedGroup id="ro_1711825821728" caption="Regions reading order">
                <RegionRefIndexed index="0" regionRef="tr_2"/>
                <RegionRefIndexed index="1" regionRef="tr_1"/>
            </OrderedGroup>
        </ReadingOrder>
        <TextRegion id="tr_2" custom="readingOrder {index:0;}">
            <Coords points="295,869 1754,869 1754,1344 295,1344"/>
            <TextLine id="tr_2_tl_1" custom="readingOrder {index:0;}">
                <Coords points="288,939 1745,952 1727,857 288,844"/>
                <Baseline points="298,919 343,919 387,919 432,922 477,922 522,922 567,922 611,922 656,925 701,922 746,922 790,922 835,922 880,922 925,925 969,925 1014,925 1059,925 1104,925 1148,922 1193,925 1238,925 1283,925 1328,925 1372,925 1417,925 1462,925 1507,925 1551,925 1596,928 1641,925 1686,925 1730,922 1748,925"/>
                <TextEquiv>
                    <Unicode>dass ich eben daran war, Barnowsky telegraphisch abzu-</Unicode>
                </TextEquiv>
            </TextLine>
            <TextLine id="tr_2_tl_2" custom="readingOrder {index:1;}">
                <Coords points="284,1058 1751,1056 1749,961 1550,944 946,985 283,937"/>
                <Baseline points="295,1020 340,1023 384,1023 429,1023 474,1023 519,1023 564,1023 608,1026 653,1026 698,1026 743,1026 787,1026 832,1026 877,1026 922,1026 966,1029 1011,1029 1056,1026 1101,1026 1146,1026 1190,1026 1235,1026 1280,1026 1325,1026 1369,1029 1414,1029 1459,1029 1504,1029 1548,1029 1593,1029 1638,1029 1683,1029 1727,1029 1754,1029"/>
                <TextEquiv>
                    <Unicode>rateh - als die Einladung zu den Proben erfolgte. Die</Unicode>
                </TextEquiv>
            </TextLine>
            <TextLine id="tr_2_tl_3" custom="readingOrder {index:2;}">
                <Coords points="288,1145 1292,1138 1429,1177 1712,1130 1712,1063 1431,1086 810,1035 636,1080 288,1072"/>
                <Baseline points="298,1125 343,1125 387,1125 432,1128 477,1128 522,1128 567,1128 611,1131 656,1128 701,1128 746,1128 790,1128 835,1128 880,1128 925,1128 969,1128 1014,1128 1059,1128 1104,1128 1148,1125 1193,1128 1238,1128 1283,1128 1328,1131 1372,1131 1417,1131 1462,1131 1507,1131 1551,1131 1596,1131 1641,1131 1686,1128 1716,1128"/>
                <TextEquiv>
                    <Unicode>Kritik wäre ja in keinem Fall vernünftiger gewesen -</Unicode>
                </TextEquiv>
            </TextLine>
            <TextLine id="tr_2_tl_4" custom="readingOrder {index:3;}">
                <Coords points="288,1249 1708,1260 1708,1171 288,1180"/>
                <Baseline points="298,1229 343,1226 387,1226 432,1226 477,1229 522,1229 567,1229 611,1229 656,1229 701,1229 746,1229 790,1229 835,1229 880,1229 925,1229 969,1229 1014,1229 1059,1229 1104,1229 1148,1229 1193,1229 1238,1229 1283,1229 1328,1229 1372,1229 1417,1229 1462,1232 1507,1232 1551,1232 1596,1232 1641,1232 1686,1229 1713,1229"/>
                <TextEquiv>
                    <Unicode>aber dem Publikum hätte man das Stück immerhin mund-</Unicode>
                </TextEquiv>
            </TextLine>
            <TextLine id="tr_2_tl_5" custom="readingOrder {index:4;}">
                <Coords points="290,1349 1639,1368 1684,1355 1684,1277 1532,1240 1102,1292 939,1251 589,1288 288,1262"/>
                <Baseline points="301,1328 346,1328 390,1328 435,1331 480,1331 525,1331 570,1331 614,1331 659,1331 704,1331 749,1331 793,1331 838,1331 883,1331 928,1331 972,1331 1017,1331 1062,1331 1107,1331 1151,1331 1196,1331 1241,1334 1286,1334 1331,1331 1375,1331 1420,1331 1465,1331 1510,1334 1554,1334 1599,1334 1644,1331 1689,1331"/>
                <TextEquiv>
                    <Unicode>und ohrgerechter machen können. Nun, hier würden De-</Unicode>
                </TextEquiv>
            </TextLine>
        </TextRegion>
        <TextRegion id="tr_1" custom="readingOrder {index:1;}">
            <Coords points="277,1379 1787,1379 1787,2678 277,2678"/>
            <TextLine id="tr_1_tl_1" custom="readingOrder {index:0;}">
                <Coords points="290,1457 1297,1437 1571,1444 1632,1485 1784,1448 1784,1396 1630,1372 290,1364"/>
                <Baseline points="301,1432 346,1429 390,1429 435,1429 480,1432 525,1432 570,1432 614,1429 659,1429 704,1432 749,1432 793,1432 838,1432 883,1432 928,1432 972,1432 1017,1432 1062,1432 1107,1432 1151,1432 1196,1432 1241,1432 1286,1435 1331,1435 1375,1432 1420,1435 1465,1435 1510,1435 1554,1435 1599,1435 1644,1435 1689,1435 1733,1435 1778,1435 1787,1435"/>
                <TextEquiv>
                    <Unicode>tails ins Unendliche führen. Aber, so sehr ich auf alles</Unicode>
                </TextEquiv>
            </TextLine>
            <TextLine id="tr_1_tl_2" custom="readingOrder {index:1;}">
                <Coords points="279,1561 1671,1556 1671,1480 1571,1468 279,1480"/>
                <Baseline points="289,1533 334,1533 379,1533 423,1533 468,1533 513,1533 558,1533 602,1533 647,1536 692,1536 737,1536 781,1533 826,1533 871,1533 916,1533 960,1533 1005,1536 1050,1536 1095,1536 1140,1536 1184,1536 1229,1536 1274,1536 1319,1536 1363,1536 1408,1536 1453,1536 1498,1536 1542,1536 1587,1533 1632,1536 1674,1536"/>
                <TextEquiv>
                    <Unicode>gefasst war - eine materielle Enttäuschung hat die</Unicode>
                </TextEquiv>
            </TextLine>
            <TextLine id="tr_1_tl_3" custom="readingOrder {index:2;}">
                <Coords points="284,1677 732,1639 801,1677 1091,1641 1658,1675 1678,1565 284,1578"/>
                <Baseline points="295,1635 340,1632 384,1632 429,1632 474,1632 519,1635 564,1635 608,1635 653,1635 698,1635 743,1635 787,1635 832,1635 877,1635 922,1635 966,1635 1011,1635 1056,1635 1101,1635 1146,1635 1190,1635 1235,1635 1280,1635 1325,1635 1369,1638 1414,1638 1459,1638 1504,1638 1548,1638 1593,1638 1638,1638 1683,1638 1686,1635"/>
                <TextEquiv>
                    <Unicode>Ablehnung meines Histörchens doch zur Folge gehabt;</Unicode>
                </TextEquiv>
            </TextLine>
            <TextLine id="tr_1_tl_4" custom="readingOrder {index:3;}">
                <Coords points="284,1757 1660,1775 1660,1664 1582,1695 284,1677"/>
                <Baseline points="295,1733 340,1733 384,1733 429,1733 474,1736 519,1736 564,1736 608,1736 653,1736 698,1736 743,1736 787,1736 832,1736 877,1736 922,1736 966,1739 1011,1736 1056,1736 1101,1736 1146,1739 1190,1739 1235,1739 1280,1739 1325,1739 1369,1739 1414,1739 1459,1739 1504,1739 1548,1739 1593,1739 1638,1739 1665,1739"/>
                <TextEquiv>
                    <Unicode>und was nun diesen Punkt anbelangt, meine kluge und</Unicode>
                </TextEquiv>
            </TextLine>
            <TextLine id="tr_1_tl_5" custom="readingOrder {index:4;}">
                <Coords points="275,1842 409,1896 638,1836 955,1877 1691,1859 1690,1762 1398,1797 275,1781"/>
                <Baseline points="286,1835 331,1835 376,1835 420,1835 465,1835 510,1835 555,1835 599,1835 644,1835 689,1835 734,1838 778,1838 823,1838 868,1838 913,1838 957,1838 1002,1838 1047,1838 1092,1838 1137,1841 1181,1841 1226,1841 1271,1841 1316,1838 1360,1838 1405,1841 1450,1841 1495,1841 1539,1841 1584,1841 1629,1841 1674,1841 1695,1847"/>
                <TextEquiv>
                    <Unicode>liebe Liesl - so fern ich auch von Mutlosigkeit und</Unicode>
                </TextEquiv>
            </TextLine>
            <TextLine id="tr_1_tl_6" custom="readingOrder {index:5;}">
                <Coords points="286,1980 602,1942 1688,1968 1686,1890 1558,1853 1511,1890 600,1857 413,1896 284,1855"/>
                <Baseline points="295,1939 340,1939 384,1939 429,1939 474,1939 519,1939 564,1939 608,1939 653,1939 698,1939 743,1939 787,1939 832,1939 877,1942 922,1942 966,1942 1011,1942 1056,1942 1101,1942 1146,1942 1190,1942 1235,1945 1280,1942 1325,1942 1369,1942 1414,1945 1459,1945 1504,1945 1548,1945 1593,1945 1638,1948 1683,1951 1689,1954"/>
                <TextEquiv>
                    <Unicode>dergleichen mich fühle: das plötzliche Herabsinken,</Unicode>
                </TextEquiv>
            </TextLine>
            <TextLine id="tr_1_tl_7" custom="readingOrder {index:6;}">
                <Coords points="275,2050 1760,2056 1760,1996 1483,1968 1266,2004 777,1961 275,1991"/>
                <Baseline points="286,2044 331,2041 376,2041 420,2041 465,2041 510,2041 555,2041 599,2041 644,2041 689,2041 734,2044 778,2041 823,2041 868,2041 913,2044 957,2044 1002,2044 1047,2044 1092,2044 1137,2044 1181,2044 1226,2044 1271,2044 1316,2044 1360,2044 1405,2044 1450,2047 1495,2047 1539,2047 1584,2047 1629,2050 1674,2050 1719,2050 1763,2053"/>
                <TextEquiv>
                    <Unicode>ja mit einiger Uebertreibung könnte man sagen, Versagen</Unicode>
                </TextEquiv>
            </TextLine>
            <TextLine id="tr_1_tl_8" custom="readingOrder {index:7;}">
                <Coords points="275,2184 1262,2151 1578,2188 1704,2164 1704,2086 275,2093"/>
                <Baseline points="286,2142 331,2142 376,2142 420,2142 465,2142 510,2145 555,2145 599,2145 644,2145 689,2145 734,2148 778,2145 823,2145 868,2145 913,2145 957,2145 1002,2145 1047,2145 1092,2145 1137,2148 1181,2148 1226,2148 1271,2148 1316,2148 1360,2148 1405,2148 1450,2151 1495,2151 1539,2151 1584,2151 1629,2151 1674,2151 1710,2145"/>
                <TextEquiv>
                    <Unicode>meiner Einnahmen,- sowie die - durch das oben gekenn-</Unicode>
                </TextEquiv>
            </TextLine>
            <TextLine id="tr_1_tl_9" custom="readingOrder {index:8;}">
                <Coords points="273,2268 1335,2294 1704,2262 1704,2219 1612,2180 273,2182"/>
                <Baseline points="283,2244 328,2244 373,2244 417,2244 462,2247 507,2247 552,2247 596,2247 641,2247 686,2247 731,2250 775,2250 820,2250 865,2250 910,2250 955,2247 999,2250 1044,2250 1089,2250 1134,2250 1178,2250 1223,2247 1268,2250 1313,2250 1357,2250 1402,2250 1447,2250 1492,2250 1536,2250 1581,2253 1626,2253 1671,2253 1710,2253"/>
                <TextEquiv>
                    <Unicode>zeichnete Zeitungsgeschwätz unterstützte - Publikum-</Unicode>
                </TextEquiv>
            </TextLine>
            <TextLine id="tr_1_tl_10" custom="readingOrder {index:9;}">
                <Coords points="279,2351 1745,2387 1745,2314 1613,2271 494,2312 279,2266"/>
                <Baseline points="289,2345 334,2345 379,2348 423,2348 468,2354 513,2354 558,2351 602,2351 647,2351 692,2351 737,2351 781,2351 826,2351 871,2351 916,2351 960,2351 1005,2351 1050,2351 1095,2351 1140,2354 1184,2354 1229,2354 1274,2354 1319,2354 1363,2354 1408,2354 1453,2354 1498,2354 1542,2357 1587,2357 1632,2357 1677,2357 1721,2360 1748,2360"/>
                <TextEquiv>
                    <Unicode>stimmung gegenüber Produktinnen,wie ich sie zu bieten</Unicode>
                </TextEquiv>
            </TextLine>
            <TextLine id="tr_1_tl_11" custom="readingOrder {index:10;}">
                <Coords points="268,2470 1725,2481 1725,2387 1656,2372 268,2374"/>
                <Baseline points="277,2447 322,2450 367,2450 411,2453 456,2453 501,2453 546,2456 590,2453 635,2453 680,2456 725,2456 769,2453 814,2456 859,2456 904,2456 949,2456 993,2456 1038,2459 1083,2456 1128,2456 1172,2459 1217,2456 1262,2456 1307,2459 1351,2459 1396,2459 1441,2459 1486,2459 1530,2459 1575,2459 1620,2459 1665,2459 1710,2459 1730,2459"/>
                <TextEquiv>
                    <Unicode>vermag, und meine dadurch auf längere Zeit herabgemin-</Unicode>
                </TextEquiv>
            </TextLine>
            <TextLine id="tr_1_tl_12" custom="readingOrder {index:11;}">
                <Coords points="273,2582 1706,2597 1693,2483 273,2522"/>
                <Baseline points="283,2554 328,2551 373,2551 417,2554 462,2554 507,2554 552,2554 596,2554 641,2554 686,2554 731,2554 775,2554 820,2554 865,2557 910,2557 955,2557 999,2560 1044,2560 1089,2560 1134,2557 1178,2557 1223,2560 1268,2560 1313,2560 1357,2560 1402,2560 1447,2560 1492,2560 1536,2560 1581,2560 1626,2560 1671,2560 1710,2560"/>
                <TextEquiv>
                    <Unicode>derten Aussichten vermöchten auch behemigere Naturen</Unicode>
                </TextEquiv>
            </TextLine>
            <TextLine id="tr_1_tl_13" custom="readingOrder {index:12;}">
                <Coords points="275,2699 506,2677 684,2723 777,2677 1072,2665 1333,2716 1667,2706 1723,2699 1723,2613 827,2565 273,2604"/>
                <Baseline points="286,2656 331,2656 376,2656 420,2656 465,2656 510,2659 555,2659 599,2659 644,2659 689,2662 734,2662 778,2659 823,2659 868,2662 913,2662 957,2662 1002,2665 1047,2665 1092,2665 1137,2665 1181,2665 1226,2665 1271,2665 1316,2668 1360,2668 1405,2668 1450,2668 1495,2668 1539,2665 1584,2668 1629,2668 1674,2665 1719,2665 1727,2662"/>
                <TextEquiv>
                    <Unicode>als mich etwas bedenklich zu stimmen, vor „Einschrän-</Unicode>
                </TextEquiv>
            </TextLine>
        </TextRegion>
    </Page>
</PcGts>
