<?xml version="1.0" encoding="UTF-8" standalone="yes"?>
<PcGts xmlns="http://schema.primaresearch.org/PAGE/gts/pagecontent/2013-07-15" xmlns:xsi="http://www.w3.org/2001/XMLSchema-instance" xsi:schemaLocation="http://schema.primaresearch.org/PAGE/gts/pagecontent/2013-07-15 http://schema.primaresearch.org/PAGE/gts/pagecontent/2013-07-15/pagecontent.xsd">
    <Metadata>
        <Creator>prov=READ-COOP:name=TrHtr:version=2.1.0:model_id=51170:date=26_07_2023_10:59</Creator>
        <Created>2023-05-02T08:18:35.742+02:00</Created>
        <LastChange>2023-07-26T10:59:07.252+02:00</LastChange>
        <TranskribusMetadata docId="1416749" pageId="54954025" pageNr="14" tsid="130931273" status="IN_PROGRESS" userId="64420" imgUrl="https://files.transkribus.eu/Get?id=XEFGJPIZXMKICYNMCZIVCQEF&amp;fileType=view" xmlUrl="https://files.transkribus.eu/Get?id=UCZFSMRCNGKGIIHTSJQPLFHU" imageId="44457750"/>
    </Metadata>
    <Page imageFilename="1416749_0014.jpg" imageWidth="2154" imageHeight="3559">
        <ReadingOrder>
            <OrderedGroup id="ro_1711825826690" caption="Regions reading order">
                <RegionRefIndexed index="0" regionRef="tr_1"/>
                <RegionRefIndexed index="1" regionRef="tr_2"/>
            </OrderedGroup>
        </ReadingOrder>
        <TextRegion id="tr_1" custom="readingOrder {index:0;}">
            <Coords points="370,953 1869,953 1869,2034 370,2034"/>
            <TextLine id="tr_1_tl_1" custom="readingOrder {index:0;}">
                <Coords points="375,1059 1192,1012 1457,1061 1541,1018 1789,1042 1789,958 1721,922 1629,962 1446,915 1292,964 1132,919 849,960 750,930 694,968 375,945"/>
                <Baseline points="385,1006 403,1003 447,1006 492,1006 537,1003 582,1003 627,1006 671,1006 716,1006 761,1006 806,1006 850,1006 895,1006 940,1006 985,1003 1030,1003 1074,1003 1119,1003 1164,1003 1209,1003 1254,1003 1298,1003 1343,1003 1388,1003 1433,1003 1477,1003 1522,1003 1567,1003 1612,1003 1657,1003 1701,1003 1746,1003 1791,1003"/>
                <TextEquiv>
                    <Unicode>trontasche; was sie nicht hindert, sich plötzlich den</Unicode>
                </TextEquiv>
            </TextLine>
            <TextLine id="tr_1_tl_2" custom="readingOrder {index:1;}">
                <Coords points="360,1142 1738,1140 1832,1123 1834,1056 362,1065"/>
                <Baseline points="370,1107 415,1107 459,1107 504,1107 549,1107 594,1107 638,1107 683,1107 728,1107 773,1107 818,1107 862,1107 907,1107 952,1107 997,1107 1042,1107 1086,1107 1131,1107 1176,1107 1221,1107 1265,1107 1310,1107 1355,1104 1400,1104 1445,1104 1489,1104 1534,1104 1579,1104 1624,1104 1669,1104 1713,1104 1758,1104 1803,1104 1836,1110"/>
                <TextEquiv>
                    <Unicode>Namen Abraham beizulegen (obwohl das vielleicht ihrer</Unicode>
                </TextEquiv>
            </TextLine>
            <TextLine id="tr_1_tl_3" custom="readingOrder {index:2;}">
                <Coords points="368,1232 1783,1241 1839,1226 1841,1162 1538,1127 1219,1170 908,1142 834,1179 369,1144"/>
                <Baseline points="379,1209 412,1209 456,1209 501,1209 546,1209 591,1209 635,1209 680,1209 725,1209 770,1209 815,1209 859,1209 904,1206 949,1206 994,1209 1039,1209 1083,1206 1128,1206 1173,1206 1218,1206 1262,1206 1307,1203 1352,1203 1397,1203 1442,1203 1486,1206 1531,1206 1576,1206 1621,1206 1666,1206 1710,1206 1755,1206 1800,1203 1845,1206"/>
                <TextEquiv>
                    <Unicode>Carrière schaden könnte). Auch führt sie bei Tisch po-</Unicode>
                </TextEquiv>
            </TextLine>
            <TextLine id="tr_1_tl_4" custom="readingOrder {index:3;}">
                <Coords points="360,1316 669,1365 894,1318 1748,1339 1783,1241 360,1266"/>
                <Baseline points="370,1313 397,1310 441,1310 486,1310 531,1310 576,1310 621,1310 665,1310 710,1310 755,1310 800,1310 844,1310 889,1307 934,1307 979,1310 1024,1310 1068,1310 1113,1310 1158,1310 1203,1307 1248,1307 1292,1307 1337,1307 1382,1307 1427,1307 1471,1307 1516,1307 1561,1307 1606,1307 1651,1307 1695,1307 1740,1307 1785,1310"/>
                <TextEquiv>
                    <Unicode>litische Gespräche und behauptete neulich: „Es leben</Unicode>
                </TextEquiv>
            </TextLine>
            <TextLine id="tr_1_tl_5" custom="readingOrder {index:4;}">
                <Coords points="364,1446 737,1414 930,1466 1072,1419 1539,1453 1778,1419 1779,1372 1432,1374 1279,1314 1028,1371 489,1365 366,1326"/>
                <Baseline points="376,1409 420,1412 465,1412 510,1412 555,1412 600,1412 644,1412 689,1412 734,1412 779,1412 824,1412 868,1412 913,1412 958,1409 1003,1409 1047,1409 1092,1409 1137,1409 1182,1409 1227,1409 1271,1409 1316,1409 1361,1406 1406,1406 1451,1406 1495,1406 1540,1406 1585,1409 1630,1409 1674,1409 1719,1406 1764,1406 1782,1409"/>
                <TextEquiv>
                    <Unicode>wohl noch einige Serben - aber sie existieren nicht</Unicode>
                </TextEquiv>
            </TextLine>
            <TextLine id="tr_1_tl_6" custom="readingOrder {index:5;}">
                <Coords points="362,1552 542,1524 666,1568 1093,1513 1318,1564 1459,1517 1714,1538 1714,1442 864,1489 362,1446"/>
                <Baseline points="373,1516 376,1513 420,1513 465,1513 510,1513 555,1513 600,1513 644,1513 689,1513 734,1516 779,1513 824,1513 868,1513 913,1513 958,1513 1003,1510 1047,1510 1092,1513 1137,1510 1182,1510 1227,1510 1271,1510 1316,1510 1361,1510 1406,1510 1451,1510 1495,1510 1540,1510 1585,1510 1630,1510 1674,1510 1719,1513"/>
                <TextEquiv>
                    <Unicode>mehr“. Leider ist sie erst fünfeinhalb Jahre alt,</Unicode>
                </TextEquiv>
            </TextLine>
            <TextLine id="tr_1_tl_7" custom="readingOrder {index:6;}">
                <Coords points="366,1628 1836,1635 1836,1554 1789,1541 1187,1581 366,1543"/>
                <Baseline points="376,1615 420,1612 465,1615 510,1615 555,1615 600,1612 644,1615 689,1615 734,1615 779,1615 824,1615 868,1615 913,1615 958,1615 1003,1615 1047,1612 1092,1612 1137,1615 1182,1615 1227,1612 1271,1612 1316,1612 1361,1612 1406,1612 1451,1612 1495,1609 1540,1612 1585,1609 1630,1612 1674,1615 1719,1612 1764,1612 1809,1612 1839,1615"/>
                <TextEquiv>
                    <Unicode>sonst wäre ihr ein Kommando gewiss.- Heini ist spezia-</Unicode>
                </TextEquiv>
            </TextLine>
            <TextLine id="tr_1_tl_8" custom="readingOrder {index:7;}">
                <Coords points="362,1723 572,1761 726,1721 1607,1748 1832,1721 1834,1672 364,1656"/>
                <Baseline points="373,1719 403,1716 447,1716 492,1716 537,1713 582,1716 627,1713 671,1713 716,1713 761,1713 806,1713 850,1716 895,1716 940,1716 985,1713 1030,1713 1074,1713 1119,1713 1164,1716 1209,1713 1254,1713 1298,1713 1343,1713 1388,1713 1433,1713 1477,1710 1522,1713 1567,1710 1612,1713 1657,1713 1701,1713 1746,1710 1791,1710 1836,1716"/>
                <TextEquiv>
                    <Unicode>list in Flottenkunde, hat eine ganze Bibliothek dieser</Unicode>
                </TextEquiv>
            </TextLine>
            <TextLine id="tr_1_tl_9" custom="readingOrder {index:8;}">
                <Coords points="360,1849 1704,1847 1864,1830 1864,1748 360,1783"/>
                <Baseline points="370,1818 415,1818 459,1818 504,1818 549,1818 594,1818 638,1818 683,1818 728,1818 773,1818 818,1818 862,1818 907,1818 952,1818 997,1818 1042,1815 1086,1815 1131,1818 1176,1815 1221,1818 1265,1815 1310,1815 1355,1815 1400,1815 1445,1818 1489,1815 1534,1815 1579,1815 1624,1815 1669,1815 1713,1815 1758,1815 1803,1818 1848,1818 1869,1821"/>
                <TextEquiv>
                    <Unicode>Art und zeichnet Schiffe zu Dutzenden (als Geburtstags-</Unicode>
                </TextEquiv>
            </TextLine>
            <TextLine id="tr_1_tl_10" custom="readingOrder {index:9;}">
                <Coords points="360,1942 1009,1965 1245,1929 1556,1972 1755,1933 1755,1888 1541,1838 1067,1892 982,1856 587,1851 472,1888 360,1854"/>
                <Baseline points="370,1919 415,1919 459,1919 504,1922 549,1922 594,1922 638,1919 683,1919 728,1919 773,1919 818,1922 862,1922 907,1922 952,1919 997,1919 1042,1919 1086,1922 1131,1919 1176,1919 1221,1919 1265,1919 1310,1919 1355,1919 1400,1919 1445,1919 1489,1919 1534,1919 1579,1919 1624,1916 1669,1916 1713,1916 1758,1919"/>
                <TextEquiv>
                    <Unicode>und Weihnachtsgeschenke). Gestern hab ich ihn zum</Unicode>
                </TextEquiv>
            </TextLine>
            <TextLine id="tr_1_tl_11" custom="readingOrder {index:10;}">
                <Coords points="362,2036 504,2068 825,2027 1136,2083 1729,2023 1860,2066 1860,1984 1740,1958 1301,1989 1110,1928 765,1988 362,1986"/>
                <Baseline points="373,2021 418,2021 462,2024 507,2024 552,2024 597,2021 641,2021 686,2021 731,2024 776,2021 821,2024 865,2024 910,2024 955,2021 1000,2021 1045,2021 1089,2021 1134,2021 1179,2021 1224,2021 1268,2021 1313,2021 1358,2021 1403,2021 1448,2024 1492,2024 1537,2021 1582,2021 1627,2021 1672,2021 1716,2018 1761,2018 1806,2018 1851,2018 1863,2021"/>
                <TextEquiv>
                    <Unicode>ersten Mal zu den „Meistersingern“ geführt,in die Volks-</Unicode>
                </TextEquiv>
            </TextLine>
        </TextRegion>
        <TextRegion id="tr_2" custom="readingOrder {index:1;}">
            <Coords points="358,2069 1833,2069 1833,2753 358,2753"/>
            <TextLine id="tr_2_tl_1" custom="readingOrder {index:0;}">
                <Coords points="362,2171 673,2126 1721,2166 1796,2143 1796,2066 1620,2092 1436,2038 876,2098 735,2042 362,2091"/>
                <Baseline points="373,2128 412,2125 456,2125 501,2122 546,2122 591,2122 635,2122 680,2122 725,2122 770,2122 815,2122 859,2122 904,2125 949,2122 994,2122 1039,2122 1083,2122 1128,2122 1173,2119 1218,2119 1262,2122 1307,2122 1352,2122 1397,2119 1442,2119 1486,2122 1531,2119 1576,2119 1621,2119 1666,2119 1710,2119 1755,2119 1800,2122"/>
                <TextEquiv>
                    <Unicode>oper. Ueberfülltes Haus, Entzücken überall, und draus-</Unicode>
                </TextEquiv>
            </TextLine>
            <TextLine id="tr_2_tl_2" custom="readingOrder {index:1;}">
                <Coords points="362,2254 1819,2259 1819,2184 1702,2158 1358,2199 1181,2149 941,2192 362,2171"/>
                <Baseline points="373,2230 391,2227 435,2227 480,2230 525,2227 570,2227 615,2227 659,2227 704,2227 749,2227 794,2227 838,2227 883,2227 928,2230 973,2230 1018,2230 1062,2227 1107,2227 1152,2227 1197,2224 1242,2224 1286,2224 1331,2224 1376,2227 1421,2227 1465,2227 1510,2227 1555,2227 1600,2224 1645,2224 1689,2224 1734,2224 1779,2224 1824,2224"/>
                <TextEquiv>
                    <Unicode>sen war der Weltkrieg. Dannversuchte ich verschiedene</Unicode>
                </TextEquiv>
            </TextLine>
            <TextLine id="tr_2_tl_3" custom="readingOrder {index:2;}">
                <Coords points="356,2353 1464,2332 1822,2389 1791,2280 1148,2299 660,2250 570,2289 356,2252"/>
                <Baseline points="367,2331 394,2328 438,2328 483,2328 528,2328 573,2331 618,2331 662,2328 707,2328 752,2328 797,2328 841,2328 886,2331 931,2331 976,2331 1021,2331 1065,2328 1110,2328 1155,2328 1200,2328 1245,2328 1289,2328 1334,2325 1379,2328 1424,2328 1468,2328 1513,2328 1558,2325 1603,2328 1648,2325 1692,2325 1737,2325 1782,2325 1827,2328"/>
                <TextEquiv>
                    <Unicode>Fahrzeuge,die uns begegneten (vor dem Theater standen</Unicode>
                </TextEquiv>
            </TextLine>
            <TextLine id="tr_2_tl_4" custom="readingOrder {index:3;}">
                <Coords points="356,2456 452,2490 698,2439 1058,2479 1198,2443 1708,2490 1826,2460 1794,2374 1598,2362 356,2385"/>
                <Baseline points="367,2433 412,2430 456,2430 501,2433 546,2433 591,2433 635,2433 680,2433 725,2433 770,2433 815,2433 859,2433 904,2433 949,2433 994,2433 1039,2430 1083,2430 1128,2430 1173,2430 1218,2430 1262,2430 1307,2430 1352,2430 1397,2430 1442,2430 1486,2430 1531,2430 1576,2430 1621,2430 1666,2430 1710,2430 1755,2430 1800,2433 1830,2433"/>
                <TextEquiv>
                    <Unicode>keine) zu einer Reise in die Sternwartestrasse zu be-</Unicode>
                </TextEquiv>
            </TextLine>
            <TextLine id="tr_2_tl_5" custom="readingOrder {index:4;}">
                <Coords points="347,2556 971,2584 1448,2535 1688,2593 1828,2550 1817,2460 1468,2499 975,2464 716,2507 347,2460"/>
                <Baseline points="358,2537 403,2534 447,2534 492,2534 537,2537 582,2534 627,2534 671,2531 716,2534 761,2531 806,2531 850,2531 895,2534 940,2534 985,2534 1030,2534 1074,2534 1119,2534 1164,2534 1209,2534 1254,2534 1298,2537 1343,2534 1388,2534 1433,2534 1477,2534 1522,2534 1567,2534 1612,2534 1657,2534 1701,2534 1746,2534 1791,2534 1833,2540"/>
                <TextEquiv>
                    <Unicode>wegen. Da es neblig und spät war, gelang es mir nicht.</Unicode>
                </TextEquiv>
            </TextLine>
            <TextLine id="tr_2_tl_6" custom="readingOrder {index:5;}">
                <Coords points="360,2685 382,2691 420,2664 497,2679 534,2661 592,2670 624,2649 677,2672 724,2664 799,2687 801,2578 711,2578 647,2599 531,2552 488,2569 429,2548 399,2561 362,2548"/>
                <Baseline points="370,2642 403,2639 447,2636 492,2636 537,2639 582,2639 627,2636 671,2636 716,2636 761,2636 806,2636"/>
                <TextEquiv>
                    <Unicode>„Echt-“ Ah so!</Unicode>
                </TextEquiv>
            </TextLine>
            <TextLine id="tr_2_tl_7" custom="readingOrder {index:6;}">
                <Coords points="591,2752 838,2747 994,2801 1222,2754 1348,2816 1601,2747 1828,2754 1828,2692 1059,2691 909,2657 591,2708"/>
                <Baseline points="600,2740 644,2737 689,2740 734,2743 779,2740 824,2740 868,2740 913,2737 958,2740 1003,2740 1047,2737 1092,2740 1137,2740 1182,2740 1227,2740 1271,2740 1316,2740 1361,2740 1406,2743 1451,2743 1495,2740 1540,2740 1585,2740 1630,2740 1674,2740 1719,2740 1764,2740 1809,2740 1833,2743"/>
                <TextEquiv>
                    <Unicode>Nun aber ist’swirklich genug. Du hast gewiss</Unicode>
                </TextEquiv>
            </TextLine>
        </TextRegion>
    </Page>
</PcGts>
