2099 3559
285 856 1831 1025 mensein abwarten müssen, um sich ganz von Herzen und von
278 993 1760 1083 Kopf miteinander aussprechen zu können. Abgesehen von
264 1083 1750 1209 der serbischen Angelegenheit (deren Bedeutung für das
276 1214 1754 1332 grosse Ganze wirklich nicht überschätzt werden sollte)
287 1301 1750 1388 scheint es ja günstig zu stehen,- in Hinsicht auf die
287 1407 1717 1530 voraussichtliche Dauer der - wie sagt der Feuilleto-
281 1500 1690 1635 nist?- grossen Zeit - bin ich (obwohl man es in der
276 1606 1619 1744 grossen Zeit nicht sein darf, wie ich höre) etwas
274 1710 653 1839 skeptisch.
1141 1725 1284 1841 G.C.F.P.P
499 1821 1731 1922 Den Roman von P. kenn ich noch nicht. Aber
276 1889 1739 2035 wie charakteristisch Deine gewiss vollkommen richtige
270 2001 1667 2128 Bemerkung, dass die Sympathie für Oesterreich durch
276 2101 1700 2226 derartige Werke (ich nehme der Einfachheit wegen an,
276 2192 1654 2344 dass dein Urteil zutrifft) - nicht gefördert wird.
272 2311 1715 2427 Oesterreich wird für ein misslungenes oder irgendwie
266 2429 1739 2535 widerwärtiges produkt verantwortlich gemacht! - „Echt
270 2506 1723 2639 österreichisch", sagen sie draussen (trotz aller Bun-
272 2612 1785 2743 destreue), wenn sie etwas missbilligen (bei uns übrigens
285 2712 412 2824 auch)
453 2714 1712 2876 - Sagt aber einer hier „echt deutsch“, wenn von
