2099 3559
333 871 1784 995 ihn fragen liess, was er für eine Entschädigung haben
321 981 1765 1111 wolle. Dann ist (nach 6 Erfolgen etwa) ein Stück
284 1091 1834 1209 „Weh dem, der lügt“ zu unrecht durchgefallen - worauf er
321 1176 1875 1312 durch 30 Jahre seine übrigen Werke, im Pult verschlossen
321 1279 1772 1426 hielt". Wenn ich das getan hätte? Die deutsche Bühne
335 1380 1803 1517 wär mich längst los. Soll ich dem entgegen hier meine
327 1507 1730 1618 offiziellen Erlebnisse aufzeichnen? Du kennst sie -
335 1598 1832 1732 und wirst nicht leugnen, dass ich ein wenig mehr Anlass
323 1705 1796 1821 hätte, (den Unterschied der Begabung immer ausser Acht
331 1794 1817 1950 gelassen), mich über Mitwelt-Mitland- Mitstadt- auf zu-
321 1904 1712 2016 halten, als mein grosser und geliebter verstorbener
319 1997 642 2125 Landsmann.
731 2109 830 2212 G.C.F.P.
1283 2099 1542 2208 26.12.
321 2163 1829 2332 Der Brief ist ein paar Tage liegen geblieben - ich wil
329 2301 1823 2423 ihn nun abschliessen, damit er Dir noch unsere Neujahrs-
323 2419 1794 2546 grüsse und -würsche rechtzeitig bringe. Zu sagen wäre
323 2504 1792 2622 ja noch so viel so unendlich viel - nicht auf unser
317 2595 1749 2752 individuelles Los bezüg ich - sondern ganz im Allge-
321 2701 1765 2864 meinen; aber man wird ja doch ein persönliches Zusam-
