2127 3635
347 826 1757 952 habt;-was mich di esmal so besonders angewidert hat,
347 929 1842 1072 war nur, dass die Leute nun überdies noch den Weltkrieg
351 1046 1778 1155 benützen, um sich gross und den Medardus klein zu ma-
351 1136 1825 1264 chen. Dass sie sich anstellen, als wäre nun mancherlei,
342 1256 1757 1372 was bisher als Kunst gegolten (-und auch weiten-hin
338 1356 1757 1468 gelten wird) - ein für alle Mal erledigt;- als wäre
347 1451 1832 1581 die einfache Linie an sich schon etwas Edleres, als die
351 1568 1791 1665 vielfach gewundene;-als wäre die Kraft an sich etwas
349 1630 1842 1782 Gottgefälligeres als die Zartheit;-als wäre das Pathos
347 1761 1703 1881 der Unbeirrbarkeit von besserem Klang als der Ton
345 1842 1838 1988 zweifelnder Frage - ja, als wär es nicht eben der Zwei-
345 1951 1832 2088 fel, der den Losgänger zum Helden, den Frommen zum Gott-
351 2067 1834 2172 sucher - die Figur (im Leben wie in der Kunst) zur Ge-
347 2159 1857 2285 stalt bildete!- Aber ich geräte ins Allgemeine und will
345 2276 1834 2384 nur noch sagen, dass der Medartins mir weniger Fragezei-
347 2377 1851 2493 chen zu enthalten scheint, als die meisten andern meiner
345 2480 1812 2580 Stücke, dass ich aber nachwie vor lieber Fragezeichen
342 2563 1761 2692 dichten werde, als Ausrufungszeichen. Zum speziellen
349 2681 1832 2786 Fall der Berliner Aufführung will ich noch hinzufügen,
