2127 3635
385 797 1849 953 Kunst darf man ja sagen: Die Gestorbenen haben Recht!
385 932 1863 1069 Und käme heut der Hamlet neu heraus oder gar der Hom¬
383 1021 1645 1158 burg - verlass Dich drauf, wir bekämen all den
378 1125 1870 1246 Blödsinn, den das Recensentenvolk anlässlich des Medar-
389 1239 1801 1370 dus über den Heldenbegriff zu entwickeln für nötig
383 1335 1928 1443 findet, in gleicher Weise aufgetischt; - als wär es wirk-
389 1462 1892 1580 lich und wahrhaftig das Wesen des Helden (-des für das
389 1560 1897 1668 Dprema brauchbaren Helden wohlgemerkt!) schon im ersten
397 1649 1851 1759 Akt zu wissen, was er im letzten Akt für einen Helden-
403 1755 1867 1870 tod sterben wird und sich in der Zwischenzeit wie ein
397 1845 1743 1974 eigensinniger scheuklappiger Narr zu geberden, der
391 1953 1803 2080 nichts vor sich sieht als sein Ziel, während er doch
391 2046 1845 2181 erst dadurch interessant wird, dass er dieses ziel im-
391 2138 1890 2288 mer wieder aus den Augen verliert, daß er zaudert, dass
397 2279 1747 2389 er schwankt, daß er irrt - dass er das Leben mehr
391 2342 1926 2491 liebt als den Tod - dass er also im Sinne germanistisch-
472 2464 1801 2581 Dörterhafter Weltanschauung überhaupt kein „Held“
483 2575 1834 2668 Unter dieser - angeblichen Weltanschauung hätte
509 2652 1851 2822 „Medardus" auch im tiefsten Frieden zu leiden ge-
