3880 4920
492 913 3422 1543 Das End ein ungefürs feindl
529 1206 2984 1858 der Rechte. Aus Ufrecht
710 1525 3252 2213 Ruf. A grefleif Guldenly
587 1832 2589 2513 das ist nicht für Ihm.
532 2046 3288 2821 der der Schrift des Frau B.
659 2401 3270 3165 der sich vertragt, wie siebe ich
789 2777 3234 3560 Yours of... (The Caction is gelt as
731 3147 2709 3813 Rt. for fiell or am Lehrta?)
771 3429 3205 4088 Mie sie hört, wo alles in i
887 3802 2488 4346 k. Bt geschehe.
771 4255 2086 4559 der Neff Nebenwol¬
