6616 4296
118 571 1602 925 Kleinen. Damit nahm
133 856 1606 1119 sie ihn bei der Hand, ent¬
133 1077 1549 1332 ferete sich mit ihm durch
126 1172 3185 1518 die Aller insverschwand sie nächsten sie sich noch ein
1727 1400 3162 1629 mal nach mir eingewandt.
133 1476 1541 1743 bald unter den anderen
141 1682 1590 1941 Spaziergängern. Ich aber
152 1868 1640 2138 blieb stehen wie gebannt:
152 2055 1659 2325 Also sie weitz es gar nicht,
152 2275 1632 2572 dachte ich. Sie hat es nie ge¬
164 2511 1674 2766 wüßt! Er hat es ihr nie ge¬
160 2732 1678 2983 sagt, daß er gese¬
171 2915 1693 3147 hen, wie sie zu meinen
164 3112 1697 3390 Erben gelegen ist - er hat
183 3280 1636 3622 sich damals von der Thür
6084 152 6255 293 17.
4779 491 6324 841 wieder devorgeschlichen
4806 780 6267 1020 und ist erst nach einer
4794 966 6320 1248 Stunde zurückgekommen
4783 1134 6324 1427 und hat ihr nichts gesagt!
4813 1347 6457 1629 Und er hat die ganzen Jah¬
4817 1526 6339 1845 re an ihrer Seite weiter:
4802 1727 6377 2009 gelebt, ohne sich mit einem
4829 1918 6362 2215 Worte zu verrathen – er
4798 2157 6351 2409 hat ihr verziehen, der sie
4813 2351 6130 2618 hat es nicht gewusst!
5175 2553 6415 2850 Uhr wie ich sie jetzt
4848 2728 6468 2937 dort, in einer anderen Aller
4848 2922 6385 3238 auftauchen sah, bebte ich zu¬
4867 3143 6396 3409 sammen und fühlte, dass
