3384 4136
180 297 2464 646 hausehen ich t. vorzulösen. - 30/10
213 672 3033 1061 das kurzen - Schluftcomgniert. - Talhf Versprechte
198 973 3048 1289 die Idee, welche transportirt sein sollte, ist am
206 1146 2839 1564 Währ erst da, wie ein Neagaldsche Sundheit
213 1458 3022 1807 das man verspätigt anzündet. - Der Erlebnis
1627 1785 2967 2134 als etwas leihtiges zugeben.
176 1792 1568 2123 des jungen Burschen ist.
1542 2049 3063 2347 Ehemann und vermehr nicht
169 2049 1517 2358 aber der Humer ist haben
202 2266 3158 2644 in bedeilen.- Der Anfang ist von besonders Langwerde
198 2486 3089 2857 keit der Schluß, ist in einem welcher der Helzier,
228 2776 2075 3151 zwischen ihm und ihr ist trocken
