6536 4248
114 634 1490 859 lag vor mir auf die
712 804 1052 928 und zog
144 872 1581 1055 Kniebe, so daß sie meine
1676 954 2052 1238 herab.
150 1033 1585 1274 Lipp an wieder zu die ihren
144 1212 1559 1464 herabzog. Wir wollten die
131 1461 1477 1679 Sinne vergehen; - ich ver¬
114 1588 1585 1859 stand mit einem Mal, daß
137 1804 1438 2049 diese schöne junge Frau
131 1974 2755 2225 mich liebte und daß ich sie sonsten Tag an
131 2264 1291 2444 ganz gewits immer
131 2418 1585 2666 liebt hatte, ohne es zu ah¬
127 2604 1565 2849 nen. Sie Kößte mich wie¬
150 2833 1595 3068 der als wenn sie mich er¬
141 2973 1562 3232 sticken wollte. Am den
144 3212 1627 3483 Athem nicht zu verlieren,
167 3437 1591 3669 müßte ich mich eine Weile
5980 170 6169 379 7.
4659 523 6192 781 zurücklehnen und schaute
5444 663 5725 866 Sir,
4656 755 6120 1039 zur Decke. a nahm sie
4659 957 6195 1186 meine beiden Hände und
4666 1095 6208 1418 vergrub ihr Gesicht darin.
4673 1349 6166 1572 Der Stift von ihren Haaren
4666 1529 6221 1771 stieg zu mir auf - ich war
4653 1715 6221 1987 berauscht. Ich flüsterte ihren
4650 1947 6208 2225 Namen, ich staunte, wie wur¬
4666 2166 6189 2398 Verschön er war. - In die¬
4656 2336 6218 2621 sem Augenblick – ich glaub¬
4666 2591 6202 2813 te starr vor Schreck zu wer¬
4682 2748 6225 3013 den, öffnete sich die leise
4679 2970 6244 3277 die Thür, die nur angeleh¬
4699 3160 6244 3493 war – der Friederikons Mann
