6536 4264
148 765 1538 1043 das nächste Dorf, mit den
137 983 1590 1197 heiteren Gesprächen zwischen
145 1212 1490 1370 meinem Wirthee und mir
143 1378 1567 1613 Erber Studierung im Zukunfts¬
135 1550 1565 1814 pläne u. er Heimat und El¬
137 1750 1600 2003 tern. Dann müßte ich an den
137 1958 1598 2176 Sommermorgen am Tage
162 2193 1588 2423 nach der Prüfung denken:
187 2388 1598 2610 - wie ich zur Abreise er¬
148 2606 1519 2785 stete, und über alles so
179 2789 1644 3011 froh war, was nun kommen
168 3007 1615 3217 sollte: Ferien, Universität,
172 3200 1633 3392 und das freie, grosze Leben.-
615 3400 1598 3591 Über all des pog
4686 621 6191 821 ße mir vor bei wie etwas
4672 867 6181 1064 blasses und verträumtes;
4701 1035 6212 1243 nur eine Stunde glichte so¬
3207 1070 4466 1343 vom Kund aber fühle falle
3205 1263 4628 1498 wenn i lebhaft in einem
4688 1278 6207 1475 lebhaft in meiner Erinne¬
3209 1403 4537 1717 auf, als lebte ich Ernun¬
4707 1457 6135 1673 rung auf, daß sie mir
3217 1604 4560 1951 Gedachter auf, das ich sie
4701 1673 6183 1874 wieder ganz nahe schien, –
3211 1812 4586 2053 von einem wie etwas gegenwahr
4728 1877 6222 2060 Die Stunde vor meiner Ab¬
5160 1980 6255 2170 die durchlebte ich aufs neue
3202 1989 4645 2273 durchlebte. - Alter an nach herrn
4717 2080 6158 2288 reise Da jetz ich allein
3564 2193 3780 2276 wir
3215 2157 4549 2415 2f solchen auf den kolgenannten
3257 2332 4532 2558 Zammer. d. Rosse waren in
4742 2265 6226 2479 auf meinem kahlgeräumter
3200 2459 4586 2774 der Hof geblefft, rutheuend
4753 2508 6235 2672 Gimmer und wunderte mich,
3753 2625 4614 2810 er war die Münch ein
4728 2672 6203 2918 daß ich die bei den Menschen
3259 2700 3768 2887 24th I
3753 2737 4400 2880 men wird
3288 2833 4574 3055 Und ich es mir auf meinen
4730 2895 6284 3107 mit dem ich ein volles Jahr
3279 3044 4264 3292 kathysäumt immer
4734 3094 6243 3321 gelebt und die ich lieb ge¬
3279 3153 4643 3389 Nur wird wie damand ich ich
4749 3315 6276 3523 worner hatte, so inbekom¬
3338 3346 4601 3566 auf mein kathgern zum
