3416 4104
227 273 1637 493 ich bin entsetzt offen te waren die be¬
190 426 1559 638 till.. I in full servant will
218 622 1456 832 sein kasst mit nur hin.
182 772 1498 982 ergeht – Ich konnte wort. Zu
1685 875 2226 1078 Worten
203 903 1491 1194 Zwälle, ab koffen
197 1127 1583 1417 Bhil - Stunds -. Alds zeh ich
229 1328 1283 1590 auf d. Bah, allein —
224 1473 1386 1730 Was mich in der fern kann,
248 1660 1475 1933 gegeben haben. Ich selbst nicht
463 1910 559 1983 3s50
236 1870 1475 2116 Dich, u/d 24 Stunde enthane
236 2076 884 2253 Dein-Wokler.
248 2240 1503 2441 sont hat ich sei mit ihr zehn xxx
206 2370 1501 2614 noch ein sich hätte - Anbelang
218 2597 1519 2817 Ma zahls.. Er Nacht, ein
262 2735 1534 3046 gesetzt. ich träs auch nicht
245 2983 1540 3184 Plötlich sei. Dank hinauf gern auch
229 3184 1547 3383 Abschirn.  - Ihnen er sich, er in
238 3352 1466 3514 davon zu kei.. Ein sah di nun
224 3500 1581 3775 &c nam erst on fisr hat ne som
325 3757 1538 3960 Tit Cal am tot dem habe in
