3400 4104
271 266 1170 514 er sich nicht gelegt.
240 436 734 608 zu Weise.
240 524 1556 732 Tte Frau übrig es nicht, alle nassau
204 717 1575 889 in leb - wie in i härtig.
182 882 950 1079 sind ich mich ab,
296 1069 1631 1432 Bei sechs anrecht, an je verbre
262 1331 1614 1691 di türlichte nachzusef.
323 1854 1524 2298 Der letzt Beh
587 2373 751 2561 Londres
339 2312 584 2588 A
1886 361 3047 584 bis ist eine Tagebote
1966 560 2670 822 Geldficht gaffert.
1863 770 3020 972 Gehle bin ich sein angekommen
1895 909 2535 1081 habe zuhlaar Frau.
1915 1125 3015 1309 vom Fechter aus seh ich eintrau.
1912 1447 2971 1590 Ieft sehr ich auf ein Rank in
1960 1587 2939 1759 bei verhalt; da zieht ihr mit¬
1954 1730 2974 1897 Bek a 1 gi noch. Ich binst
1944 1851 2932 2014 sie zu erkennen. als sie schon
1948 1978 2944 2123 mich nicht. Erklärter und ein
1948 2109 2784 2258 Geschäft, darauf xxx
1907 2385 2971 2554 hermit a si une a un noch.
1953 2535 2952 2685 is from us -
1929 2637 2819 2811 sehr auf: Ich galt aussi
1963 2792 2911 2933 7 in werde. Ihr sch gu
1903 2940 2739 3102 sonstost ha ich nicht der.
1903 3253 3064 3473 Ich will ihr schon sagen: 4: so w
1891 3425 2778 3599 gefuhr. sind ich zu kosten.
2012 3553 3127 3768 da geht sie weg - u ich wo sein
1796 3654 2205 3861 Ers. et
1839 3797 2642 3934 Aber ich bin ersgereicht.
