3384 4104
1069 175 1964 387 Ein Weiser
2036 313 2646 456 be ich ausleg; in
1888 433 2994 588 Ich kann hier an, sehr brenannte. -
311 362 1519 648 Ich laße in rück. Ein sehr
2674 532 2923 615 gericht.
1869 556 2941 708 Sie ging Frau u an noch.
244 632 1519 846 war sonderbare erlebt. —
1853 698 3098 844 ich erkeisigkeit, obwol ich si sich
1878 830 3038 1000 a tat achtgehet  - u verso t
286 804 1160 1023 Rein Wgängentl. -
1885 963 3107 1122 nil 3 kleit. - Auf ganz mehr
258 970 1634 1196 Wa vor t' sehr in ein kl. französ. N
1849 1097 2547 1236 Gelicht fall in a
2132 1198 2690 1379 bei Geblicht
258 1203 1551 1353 falle er konnte  u vorschien – zu schleit
1860 1325 3123 1503 5 - Kennt mit - u sonst mit -.
217 1360 1553 1558 kein ein Professe der H.J. Kirche. – Einigste
1906 1494 2347 1637 gehört.
235 1545 1551 1733 Frai - lutlich betreib. Glück
214 1711 1639 1915 Ehr.. Wir zu haut. Da nicht d. Absche
208 1916 1538 2125 Hulge Caone –. Gadeh fensti. - ye
224 2070 1606 2275 in a a trois. a Smiss as soe
240 2261 1616 2452 ich alsreich. Da bin ich u in Gem
201 2444 1397 2628 koff. Sandlebha    a p  For
198 2605 1484 2798 Alf in gah hin wirklich So praet
182 2747 1508 2962 einer lieben Erwänkung des
214 2983 1535 3172 an mikulaf byam at ik
187 3149 1457 3333 the written, in the kind
214 3328 1224 3536 bich mehr Lippen auf An¬
226 3517 1487 3759 Slötzlich offent hat d'hier – er ansche
226 3697 1561 3907 Dr. Esqr. to him    -   Gingtells
