6856 4472
3755 214 5993 460 to... 1 kommt.
6319 225 6576 435 "
3755 355 6525 721 Es ist ja kein Grund zu weines. Sie bewor¬
188 416 3045 960 Herrn, zu Beeinig kommt dass er
3734 540 6424 923 der herver. Il m'a un besseur elle
188 757 2886 1126 not zu der Geltiert und kommen
3708 728 6218 1025 Aber da Wien thut notl... Wiedi
3690 985 6236 1224 alte Teugeni In Kontenheim be de
192 949 2868 1372 Jafr ist whosul. for a. d
3654 1119 6087 1427 vom alten Franzosen haben
225 1231 2966 1640 felreichts.  an den ich nicht
3636 1362 6178 1666 and present. In it
840 1434 2886 1818 Cet. geb. c. sch. d
3719 1535 6134 1818 Transport berndet hab, but is on
2365 1622 2930 1952 &c. 5
228 1709 2372 2129 ple.. ol - a den.. Überleg.
3686 1749 6004 2024 Shenl in bei Begehre is
228 1865 2980 2278 est in gros lernenl.
3654 1952 6189 2245 de Gropman.. her one die Berth
2285 2115 2832 2430 Pap
3636 2140 6055 2437 vast heimibes jurist ist....  Mr
221 2281 2238 2622 in Schicksal entstandet.
3628 2426 6084 2654 we doe kleis kind - une Agath
206 2462 2633 2799 Sebickeit sein von doch.
3657 2557 6000 2846 jesterbe ut... .    hod in de Opi
250 2669 3002 3042 de ich enlebende . ... Lieberkesten
3603 2763 6265 3122 he Boheine her de Cowelindan
264 2901 3049 3353 belf wll. Oost Erbesten
3639 2969 5975 3295 mit Wis eit todt   de
369 3205 3060 3628 hilft nicht. Amt tät seit
3527 3223 6051 3505 he is a unir wenig wei ut toel
3538 3400 5834 3705 lin? He Tape... Illies.
351 3491 3093 3817 with order. but I have
3690 3647 6026 3969 -trebuhit in Ilon. Blanc
261 3748 3172 4168 The Jak ...  Tag wt bald
2039 4099 3194 4309 -- - a
