6904 4392
6364 230 6608 495 90
3741 352 5785 593 - Nur einmal mit Hr: Meister -!-
3711 512 5859 691 is to the use : and the from new
3748 657 5971 908 -Elle-cri nous.  qui enverdite (dant-?)
6093 654 6554 908 I will at
6059 844 6703 1061 Bertin de '.
3772 820 5273 1084 Erbet zu ergeregt: allen.
3789 1027 6276 1234 Mullid in all uu Hleicheit ougt voyefli
5358 1145 6642 1376 Ein paar bin zum Leite!
3768 1189 4141 1393 etwas.
5591 1311 6042 1444 cier...
3806 1301 5229 1545 Gang, bös. Lust dazu.
5852 1359 6306 1525 ein and —
5978 1467 6398 1657 Rullin
3846 1440 5727 1708 Ode manfangen, – nur dann – zu Paul
3772 1650 5741 1884 Enseren. Cissez ist es be sent
3789 1816 4856 2030 Atzusetje tmeatl
3795 1925 5812 2162 Und mögen – die fol. Trenntäus.
3826 2077 6249 2311 Une soll wier zurück – at Torble in ihnen –?
3829 2213 6554 2437 Nen, wk welt wich gerne, d sich ist ist.
4253 2423 6520 2589 Ode aus mehr enfert... Il y a été de la
3836 2467 6391 2650 him in -    the man I is in weare? - dort ja
6279 2559 6740 2765 Siter &c.
3961 2596 6184 2857 Ich mone. Friedirt mohls! - es gelt welst
6347 2711 6672 2860 Wohin
4497 2765 5415 2911 Gustilain Will tinn
3900 2772 6544 3023 Abe so I. Trol- and upon them. Abinteurlet
5276 2965 5554 3084 aller
5869 3016 6256 3175 Wibike
3975 2972 5635 3206 Cnotté – Hs T. Gony Secretment
4473 3148 5934 3297 his fault me dass a Blatt Esq
6306 3175 6649 3331 derben.
4036 3223 6225 3457 Ich soll pll. kein. xxx
6303 3280 6645 3399 to dieb
6381 3372 6642 3521 delle
4026 3365 6174 3545 nen – meinen sehr an einen h verdient.
4297 3436 6703 3626 soo weg immituit etwa in a oubte. J.M. kein
4029 3548 6656 3826 It would be in a author – all I will our
6134 3606 6672 3697 Tulls
6035 3741 6412 3900 Theʼs
4026 3751 5805 3941 I am was not a
4493 3904 5042 4144 him to be
