3144 4136
208 333 2793 734 146 seb  in Jan an
391 628 2411 943 we... At..... Forr.. der
292 869 2546 1132 in tenst in hart zu. me-
224 1103 2741 1446 de mégligé? Il veut une
276 1382 2696 1632 auf haben. Da es hört dies
215 1600 2514 1876 froid home. for klan
231 1844 2639 2116 miele... A lui doit
266 2123 2565 2459 a a d Exhe  en ct for ik
208 2392 2482 2661 a a p p p  de p
208 2629 2498 2866 bln. Herr... - he is a
273 2934 2421 3213 will not going. It is a
324 3136 2199 3469 A.A.  S  to    -
279 3331 2257 3633 i ihr einpe T-x les h
305 3549 2305 3851 wint the Geil. I had in
