7096 4312
1618 173 1771 440 r
513 440 3105 738 it die a clere onthill
679 721 3468 1098 int Sie erflehe, will begleich
728 1005 3216 1331 solle? We have to had
762 1331 3326 1625 en un ver gekent? -
710 1563 3326 1902 me [illegible] to -,, And had
710 1885 3458 2190 he went with him in
1095 2076 2169 2325 nured. But
735 2089 3129 2581 Gouverneurttre
745 2367 2994 2734 cent dap. ait du
724 2623 3146 3028 Stadtia cia... fils
783 2945 2845 3288 mark wird. das in
832 3170 3077 3548 weder Verles mit
839 3510 2765 4016 inventer weg -
3863 170 6133 450 5.    à 5 1 10  - he is
3922 371 6570 728 - ich schwer Hne, daß ich die
3860 655 6535 977 unter bezah ree. defich uul
6130 949 6435 1078 nen
3929 953 6514 1268 in Mr Veloup. al. eu his
3915 1168 6130 1538 de stil dif.  Ou de
3954 1462 6590 1840 von. The Seib.... Um
3888 1729 6403 2062 essteht bei Stal an
3905 1996 6629 2349 der Wahl der Prt. dehl
3954 2318 6577 2678 Jany b Hren Wir
3909 2609 6532 2970 St. Ob thei Cinner Esq
3971 2890 6542 3306 in gleich Horber in d the
4186 3240 6486 3531 N. 65.- lerntt so werk
6012 3430 6715 3628 dent he is
4217 3430 6739 3728 quil ferme iz en barreil, de ôt s. l'h.
3985 3562 6559 3919 de Sibereve.  a je cris nées
