7064 4344
1615 195 1777 372 is
537 467 3039 887 (2) R je c'est ungebrag. Od i
625 750 2976 1100 2 wyr trages -. Und I
522 1004 3388 1346 Mans, dein wie nicht... schreib
585 1247 3392 1622 de Brief - scheibt d Brief
714 1490 3344 1832 Er selbe tat uit nicht getreit-
688 1707 3164 2101 I hatt ik y rofertwecke
699 1928 3219 2351 meinen Stile hebt ik
614 2126 3156 2652 da engefe Delt... Oebe is
666 2468 2998 2943 soll Euch nicht glucken -
581 2869 2792 3230 In hart zu sich auf we
563 3086 3186 3528 Mnden Farle Scheitwet
585 3414 3322 3833 will... In hand de ye ex-
813 3705 2903 4017 Alles was in it there.
706 3903 3256 4194 bart at de gevant, est de Vos
6441 254 6699 611 P.
3808 346 6530 769 firibes gedaalt, kp ik lieb
3841 655 6486 975 Aller out was notm els
3774 872 6482 1288 dit in den die Tälge die
3782 1221 6364 1597 beitlich de vertrecken
3822 1494 6530 1814 Veuillere lese lasse..
3796 1799 6559 2215 En Jeune vyb the S. J. Jeune
3808 2093 6401 2479 but do. J. H. i have regl.
3760 2384 6493 2763 alle heut iapus. - der
3796 2730 6751 3223 grople Verttend en grop Arbkel.
4047 3098 6493 3451 du compt tisit in we
3852 3414 6544 3719 dis will in das van avely
3870 3649 6416 4043 [illegible] avril, zi gel
