<?xml version="1.0" encoding="UTF-8" standalone="yes"?>
<PcGts xmlns="http://schema.primaresearch.org/PAGE/gts/pagecontent/2013-07-15" xmlns:xsi="http://www.w3.org/2001/XMLSchema-instance" xsi:schemaLocation="http://schema.primaresearch.org/PAGE/gts/pagecontent/2013-07-15 http://schema.primaresearch.org/PAGE/gts/pagecontent/2013-07-15/pagecontent.xsd">
    <Metadata>
        <Creator>prov=READ-COOP:name=TrHtr:version=2.1.0:model_id=51170:date=14_08_2023_10:13</Creator>
        <Created>2023-05-10T14:11:03.108+02:00</Created>
        <LastChange>2023-08-14T10:13:01.480+02:00</LastChange>
        <TranskribusMetadata docId="1428607" pageId="55416873" pageNr="9" tsid="132788743" status="IN_PROGRESS" userId="64420" imgUrl="https://files.transkribus.eu/Get?id=FCFSPJIIQCTFTEMRUIQHSIZB&amp;fileType=view" xmlUrl="https://files.transkribus.eu/Get?id=PZYEUCVWAOGEZMBBCNIOBSKE" imageId="44690977"/>
    </Metadata>
    <Page imageFilename="1428607_0009.jpg" imageWidth="7096" imageHeight="4328">
        <ReadingOrder>
            <OrderedGroup id="ro_1711788015003" caption="Regions reading order">
                <RegionRefIndexed index="0" regionRef="tr_2"/>
                <RegionRefIndexed index="1" regionRef="tr_1"/>
            </OrderedGroup>
        </ReadingOrder>
        <TextRegion id="tr_2" custom="readingOrder {index:0;}">
            <Coords points="590,421 3492,421 3492,4045 590,4045"/>
            <TextLine id="tr_2_tl_1" custom="readingOrder {index:0;}">
                <Coords points="570,609 1154,527 1340,613 1752,491 2529,505 2687,613 3221,534 3221,408 2884,290 2561,423 2325,279 1369,405 573,287"/>
                <Baseline points="590,501 632,507 722,513 811,501 901,483 990,477 1080,477 1170,471 1259,471 1349,471 1438,477 1528,477 1617,477 1707,477 1796,477 1886,483 1975,483 2065,477 2155,483 2244,483 2334,477 2423,477 2513,477 2602,483 2692,477 2781,477 2871,477 2960,477 3050,477 3140,477 3229,477"/>
                <TextEquiv>
                    <Unicode>Cf eigillut keu Gi</Unicode>
                </TextEquiv>
            </TextLine>
            <TextLine id="tr_2_tl_2" custom="readingOrder {index:1;}">
                <Coords points="1000,831 1720,792 1866,853 2132,763 2368,899 3031,777 3031,641 2913,598 2655,584 2504,681 2232,573 2021,677 1677,516 1343,627 1240,555 1000,591"/>
                <Baseline points="1020,764 1068,752 1158,752 1247,746 1337,746 1426,752 1516,752 1605,752 1695,758 1784,752 1874,758 1964,752 2053,758 2143,758 2232,758 2322,758 2411,758 2501,758 2590,758 2680,758 2769,752 2859,746 2949,740 3038,740"/>
                <TextEquiv>
                    <Unicode>es diesedal</Unicode>
                </TextEquiv>
            </TextLine>
            <TextLine id="tr_2_tl_3" custom="readingOrder {index:2;}">
                <Coords points="1017,1050 2450,1093 2558,1010 2773,1107 3117,992 3479,1039 3479,845 3160,770 2748,946 1017,835"/>
                <Baseline points="1038,1002 1068,1002 1158,990 1247,1002 1337,996 1426,1002 1516,1002 1605,990 1695,990 1784,990 1874,996 1964,996 2053,996 2143,1002 2232,996 2322,996 2411,996 2501,1002 2590,1002 2680,996 2769,996 2859,996 2949,990 3038,984 3128,990 3217,990 3307,990 3396,996 3486,996"/>
                <TextEquiv>
                    <Unicode>wil yu aus seine Grund¬</Unicode>
                </TextEquiv>
            </TextLine>
            <TextLine id="tr_2_tl_4" custom="readingOrder {index:3;}">
                <Coords points="914,1315 1340,1376 1702,1261 2228,1351 2665,1236 3002,1333 3117,1275 3120,1125 2250,1186 2013,1100 1705,1179 1372,1064 917,1171"/>
                <Baseline points="937,1223 979,1223 1068,1235 1158,1247 1247,1247 1337,1247 1426,1247 1516,1253 1605,1253 1695,1247 1784,1247 1874,1253 1964,1247 2053,1241 2143,1235 2232,1229 2322,1229 2411,1223 2501,1223 2590,1229 2680,1223 2769,1217 2859,1217 2949,1217 3038,1211 3128,1211"/>
                <TextEquiv>
                    <Unicode>the pauvey in us</Unicode>
                </TextEquiv>
            </TextLine>
            <TextLine id="tr_2_tl_5" custom="readingOrder {index:4;}">
                <Coords points="1032,1526 2827,1483 2920,1566 3289,1548 3292,1394 3056,1293 2382,1408 1927,1304 1601,1397 1035,1383"/>
                <Baseline points="1050,1498 1062,1498 1152,1504 1241,1498 1331,1498 1420,1498 1510,1492 1599,1492 1689,1492 1778,1492 1868,1486 1958,1486 2047,1486 2137,1480 2226,1474 2316,1462 2405,1462 2495,1456 2584,1456 2674,1450 2763,1456 2853,1450 2943,1450 3032,1456 3122,1462 3211,1462 3301,1468"/>
                <TextEquiv>
                    <Unicode>will will die unjung</Unicode>
                </TextEquiv>
            </TextLine>
            <TextLine id="tr_2_tl_6" custom="readingOrder {index:5;}">
                <Coords points="924,1849 2719,1716 3457,1849 3486,1623 3317,1580 3088,1680 2662,1548 2407,1673 2203,1573 1960,1677 1551,1548 928,1634"/>
                <Baseline points="943,1755 1032,1749 1122,1743 1211,1743 1301,1743 1390,1737 1480,1737 1570,1737 1659,1737 1749,1737 1838,1737 1928,1737 2017,1731 2107,1731 2196,1731 2286,1725 2375,1725 2465,1713 2555,1713 2644,1713 2734,1713 2823,1713 2913,1713 3002,1719 3092,1719 3181,1731 3271,1737 3360,1749 3450,1749 3492,1755"/>
                <TextEquiv>
                    <Unicode>We S.D. in he. Els... also.</Unicode>
                </TextEquiv>
            </TextLine>
            <TextLine id="tr_2_tl_7" custom="readingOrder {index:6;}">
                <Coords points="1304,2038 1634,2107 1766,2046 2293,2096 2493,2013 3199,2099 3206,1884 2991,1798 2784,1866 2658,1809 2472,1917 2142,1852 1795,1970 1533,1859 1308,1888"/>
                <Baseline points="1325,2035 1331,2035 1420,2047 1510,2047 1599,2041 1689,2041 1778,2041 1868,2041 1958,2041 2047,2041 2137,2041 2226,2035 2316,2035 2405,2017 2495,2011 2584,2005 2674,2005 2763,2005 2853,2005 2943,2011 3032,2017 3122,2017 3211,2023"/>
                <TextEquiv>
                    <Unicode>haillen? See Hu</Unicode>
                </TextEquiv>
            </TextLine>
            <TextLine id="tr_2_tl_8" custom="readingOrder {index:7;}">
                <Coords points="842,2321 1942,2332 2508,2225 3274,2232 3278,2142 2823,2060 2153,2214 1709,2128 1308,2221 1064,2078 853,2117"/>
                <Baseline points="865,2292 955,2286 1044,2280 1134,2280 1223,2280 1313,2268 1402,2268 1492,2268 1581,2274 1671,2268 1761,2262 1850,2256 1940,2262 2029,2256 2119,2256 2208,2244 2298,2232 2387,2232 2477,2226 2566,2220 2656,2214 2746,2208 2835,2208 2925,2208 3014,2208 3104,2208 3193,2202 3283,2208"/>
                <TextEquiv>
                    <Unicode>klingt will me id ou a</Unicode>
                </TextEquiv>
            </TextLine>
            <TextLine id="tr_2_tl_9" custom="readingOrder {index:8;}">
                <Coords points="960,2576 1566,2504 1738,2565 2565,2433 3167,2522 3174,2318 2780,2253 2307,2425 1555,2307 1437,2379 967,2375"/>
                <Baseline points="984,2489 1032,2495 1122,2501 1211,2495 1301,2489 1390,2495 1480,2489 1570,2483 1659,2483 1749,2477 1838,2477 1928,2471 2017,2471 2107,2465 2196,2459 2286,2453 2375,2447 2465,2441 2555,2435 2644,2435 2734,2435 2823,2429 2913,2435 3002,2435 3092,2441 3181,2441"/>
                <TextEquiv>
                    <Unicode>to uille tihon...  to coll</Unicode>
                </TextEquiv>
            </TextLine>
            <TextLine id="tr_2_tl_10" custom="readingOrder {index:9;}">
                <Coords points="960,2776 1433,2841 1594,2737 2923,2751 3278,2705 3285,2540 2701,2461 2289,2644 1917,2676 1705,2569 1540,2637 1408,2558 1214,2630 967,2583"/>
                <Baseline points="979,2746 1050,2734 1140,2734 1229,2734 1319,2728 1408,2728 1498,2728 1587,2734 1677,2728 1767,2728 1856,2728 1946,2716 2035,2716 2125,2710 2214,2704 2304,2698 2393,2692 2483,2680 2572,2674 2662,2674 2752,2674 2841,2674 2931,2662 3020,2662 3110,2662 3199,2650 3289,2650"/>
                <TextEquiv>
                    <Unicode>oilt geben. -. -. Un. Elro.</Unicode>
                </TextEquiv>
            </TextLine>
            <TextLine id="tr_2_tl_11" custom="readingOrder {index:10;}">
                <Coords points="1422,2952 1566,2930 1659,2855 1705,2887 1938,2837 2053,2870 2150,2827 2214,2862 2246,2852 2250,2755 2035,2716 1917,2769 1723,2780 1601,2737 1523,2802 1426,2809"/>
                <Baseline points="1444,2835 1534,2835 1623,2841 1713,2835 1802,2835 1892,2835 1981,2835 2071,2829 2161,2817 2250,2817"/>
                <TextEquiv>
                    <Unicode>s.d. rede</Unicode>
                </TextEquiv>
            </TextLine>
            <TextLine id="tr_2_tl_12" custom="readingOrder {index:11;}">
                <Coords points="917,3038 1415,3106 1540,3038 1723,3117 2418,2991 3063,3006 3088,2913 2655,2823 2443,2873 2311,2773 2021,2920 1659,2855 1490,2934 1125,2848 917,2956"/>
                <Baseline points="937,3020 943,3020 1032,3020 1122,3020 1211,3014 1301,3014 1390,3014 1480,3008 1570,3008 1659,3008 1749,3008 1838,3008 1928,3008 2017,3008 2107,3008 2196,3008 2286,3002 2375,2990 2465,2984 2555,2978 2644,2972 2734,2972 2823,2978 2913,2978 3002,2984 3092,2990"/>
                <TextEquiv>
                    <Unicode>&amp;c. 1d al  ull wbawor</Unicode>
                </TextEquiv>
            </TextLine>
            <TextLine id="tr_2_tl_13" custom="readingOrder {index:12;}">
                <Coords points="1139,3375 1587,3353 1738,3428 2160,3299 2343,3389 2687,3249 3378,3314 3350,3095 1146,3135"/>
                <Baseline points="1164,3295 1253,3295 1343,3295 1432,3295 1522,3295 1611,3289 1701,3289 1790,3289 1880,3289 1969,3283 2059,3277 2149,3277 2238,3265 2328,3265 2417,3253 2507,3247 2596,3241 2686,3241 2775,3241 2865,3241 2954,3241 3044,3247 3134,3259 3223,3277 3313,3295 3384,3301"/>
                <TextEquiv>
                    <Unicode>sein 30 les Zeit - haben</Unicode>
                </TextEquiv>
            </TextLine>
            <TextLine id="tr_2_tl_14" custom="readingOrder {index:13;}">
                <Coords points="1372,3633 1648,3615 2300,3769 2547,3708 3070,3765 3067,3382 2862,3321 2712,3339 2372,3554 2160,3489 1369,3514"/>
                <Baseline points="1390,3563 1480,3581 1570,3593 1659,3605 1749,3611 1838,3617 1928,3623 2017,3629 2107,3629 2196,3629 2286,3629 2375,3623 2465,3611 2555,3611 2644,3605 2734,3605 2823,3611 2913,3617 3002,3617 3074,3623"/>
                <TextEquiv>
                    <Unicode>- inte. cen Bertup</Unicode>
                </TextEquiv>
            </TextLine>
            <TextLine id="tr_2_tl_15" custom="readingOrder {index:14;}">
                <Coords points="1125,4113 1326,4088 1519,4012 1752,4037 1806,4005 1960,4009 2010,3991 2021,3855 1906,3901 1863,3866 1712,3862 1677,3826 1569,3883 1426,3891 1329,3848 1143,3880"/>
                <Baseline points="1152,4029 1217,4035 1307,4023 1396,4017 1486,4011 1575,4005 1665,3999 1755,3993 1844,3981 1934,3975 2023,3957"/>
                <TextEquiv>
                    <Unicode>It is</Unicode>
                </TextEquiv>
            </TextLine>
        </TextRegion>
        <TextRegion id="tr_1" custom="readingOrder {index:1;}">
            <Coords points="3862,379 6775,379 6775,3973 3862,3973"/>
            <TextLine id="tr_1_tl_1" custom="readingOrder {index:0;}">
                <Coords points="3959,473 4915,602 5435,534 6714,641 6706,473 6466,548 4439,287 3951,326"/>
                <Baseline points="3975,429 4065,441 4154,453 4244,453 4333,465 4423,471 4513,471 4602,477 4692,477 4781,483 4871,489 4960,501 5050,507 5139,507 5229,513 5318,513 5408,519 5498,525 5587,531 5677,543 5766,543 5856,555 5945,561 6035,561 6124,567 6214,573 6303,579 6393,585 6483,590 6572,602 6662,602 6721,608"/>
                <TextEquiv>
                    <Unicode>Es soll nicht weite sehen – er woll auch</Unicode>
                </TextEquiv>
            </TextLine>
            <TextLine id="tr_1_tl_2" custom="readingOrder {index:1;}">
                <Coords points="4149,745 5105,734 6760,978 6742,716 5943,738 5159,609 4958,674 4607,530 4131,537"/>
                <Baseline points="4160,668 4250,680 4339,680 4429,686 4519,698 4608,704 4698,704 4787,716 4877,716 4966,722 5056,722 5145,728 5235,734 5324,740 5414,752 5504,758 5593,764 5683,776 5772,782 5862,787 5951,799 6041,805 6130,811 6220,817 6309,829 6399,841 6489,853 6578,865 6668,877 6757,883 6763,883"/>
                <TextEquiv>
                    <Unicode>He &amp; Mr... is... if the person for</Unicode>
                </TextEquiv>
            </TextLine>
            <TextLine id="tr_1_tl_3" custom="readingOrder {index:2;}">
                <Coords points="3901,982 6771,1121 6757,974 6291,871 3883,756"/>
                <Baseline points="3910,841 3999,853 4089,859 4178,865 4268,877 4357,889 4447,895 4536,901 4626,907 4716,919 4805,919 4895,931 4984,937 5074,937 5163,943 5253,949 5342,955 5432,961 5521,967 5611,967 5701,973 5790,984 5880,990 5969,996 6059,1002 6148,1008 6238,1020 6327,1032 6417,1044 6506,1056 6596,1068 6686,1080 6775,1092"/>
                <TextEquiv>
                    <Unicode>du foranler, difs wei Valer die Sine</Unicode>
                </TextEquiv>
            </TextLine>
            <TextLine id="tr_1_tl_4" custom="readingOrder {index:3;}">
                <Coords points="3887,1161 6148,1250 6739,1408 6721,1175 6491,1128 5564,1046 5141,1161 4618,1025 3880,1035"/>
                <Baseline points="3904,1104 3993,1104 4083,1110 4172,1122 4262,1128 4351,1140 4441,1152 4530,1158 4620,1164 4710,1164 4799,1170 4889,1176 4978,1181 5068,1181 5157,1193 5247,1199 5336,1199 5426,1205 5515,1205 5605,1205 5695,1217 5784,1223 5874,1223 5963,1229 6053,1235 6142,1247 6232,1253 6321,1265 6411,1283 6500,1295 6590,1313 6680,1331 6739,1343"/>
                <TextEquiv>
                    <Unicode>minderdall in cotale    ai eberte</Unicode>
                </TextEquiv>
            </TextLine>
            <TextLine id="tr_1_tl_5" custom="readingOrder {index:4;}">
                <Coords points="3855,1426 4973,1397 5213,1544 6434,1555 6420,1351 5159,1275 4944,1361 4654,1197 4403,1182 4288,1275 3840,1200"/>
                <Baseline points="3868,1319 3957,1343 4047,1343 4136,1343 4226,1355 4316,1367 4405,1373 4495,1378 4584,1384 4674,1384 4763,1384 4853,1384 4942,1390 5032,1396 5121,1402 5211,1402 5301,1408 5390,1414 5480,1414 5569,1420 5659,1426 5748,1432 5838,1444 5927,1456 6017,1468 6106,1474 6196,1486 6286,1498 6375,1504 6441,1516"/>
                <TextEquiv>
                    <Unicode>de cul R.d jel-esleetend</Unicode>
                </TextEquiv>
            </TextLine>
            <TextLine id="tr_1_tl_6" custom="readingOrder {index:5;}">
                <Coords points="3869,1738 4106,1623 5087,1709 5202,1626 6484,1773 6474,1544 5524,1587 4872,1440 4260,1537 3855,1426"/>
                <Baseline points="3880,1564 3969,1570 4059,1581 4148,1587 4238,1593 4328,1599 4417,1605 4507,1611 4596,1617 4686,1617 4775,1617 4865,1617 4954,1617 5044,1623 5133,1623 5223,1629 5312,1629 5402,1629 5492,1629 5581,1635 5671,1641 5760,1647 5850,1653 5939,1665 6029,1665 6118,1671 6208,1683 6297,1689 6387,1689 6477,1695 6489,1695"/>
                <TextEquiv>
                    <Unicode>Hove erbalt hat.. I</Unicode>
                </TextEquiv>
            </TextLine>
            <TextLine id="tr_1_tl_7" custom="readingOrder {index:6;}">
                <Coords points="3855,1924 4252,1863 5567,1942 6169,2096 6477,2049 6463,1838 6380,1823 5707,1763 5582,1841 5202,1748 5033,1831 4080,1644 3844,1741"/>
                <Baseline points="3868,1826 3957,1826 4047,1820 4136,1826 4226,1832 4316,1838 4405,1850 4495,1856 4584,1862 4674,1862 4763,1862 4853,1868 4942,1868 5032,1874 5121,1874 5211,1880 5301,1886 5390,1886 5480,1886 5569,1898 5659,1904 5748,1910 5838,1916 5927,1922 6017,1934 6106,1940 6196,1946 6286,1946 6375,1958 6465,1952 6477,1952"/>
                <TextEquiv>
                    <Unicode>lede verh. will gesellsbar.</Unicode>
                </TextEquiv>
            </TextLine>
            <TextLine id="tr_1_tl_8" custom="readingOrder {index:7;}">
                <Coords points="3876,2121 6309,2300 6302,2085 5836,2117 5195,1945 3873,1988"/>
                <Baseline points="3892,2077 3981,2077 4071,2083 4160,2089 4250,2095 4339,2101 4429,2107 4519,2113 4608,2119 4698,2119 4787,2113 4877,2113 4966,2113 5056,2113 5145,2107 5235,2113 5324,2119 5414,2125 5504,2131 5593,2131 5683,2143 5772,2143 5862,2155 5951,2155 6041,2155 6130,2161 6220,2166 6309,2172 6315,2172"/>
                <TextEquiv>
                    <Unicode>tan h dus T-l Else. - - - m</Unicode>
                </TextEquiv>
            </TextLine>
            <TextLine id="tr_1_tl_9" custom="readingOrder {index:8;}">
                <Coords points="3909,2382 4804,2397 4933,2486 5069,2400 5671,2440 6112,2536 6108,2289 6026,2264 5585,2336 4940,2192 3905,2239"/>
                <Baseline points="3928,2310 4017,2322 4107,2328 4196,2340 4286,2346 4375,2352 4465,2363 4554,2369 4644,2375 4733,2369 4823,2369 4913,2363 5002,2363 5092,2363 5181,2358 5271,2358 5360,2358 5450,2363 5539,2363 5629,2369 5718,2375 5808,2381 5898,2387 5987,2399 6077,2399 6112,2405"/>
                <TextEquiv>
                    <Unicode>soll meinet sein ein ancla</Unicode>
                </TextEquiv>
            </TextLine>
            <TextLine id="tr_1_tl_10" custom="readingOrder {index:9;}">
                <Coords points="3905,2655 5119,2719 5621,2633 6080,2776 6484,2708 6284,2544 5807,2458 4808,2583 4385,2436 3898,2472"/>
                <Baseline points="3922,2578 4011,2572 4101,2578 4190,2578 4280,2584 4369,2590 4459,2596 4548,2608 4638,2614 4727,2620 4817,2620 4907,2620 4996,2620 5086,2620 5175,2620 5265,2614 5354,2626 5444,2632 5533,2638 5623,2632 5712,2638 5802,2638 5892,2650 5981,2656 6071,2656 6160,2668 6250,2674 6339,2686 6429,2692 6489,2704"/>
                <TextEquiv>
                    <Unicode>jaarh du Juesti-ib</Unicode>
                </TextEquiv>
            </TextLine>
            <TextLine id="tr_1_tl_11" custom="readingOrder {index:10;}">
                <Coords points="3848,2873 4227,2959 4636,2845 5023,2966 5381,2841 5657,2977 5786,2913 5997,3027 6251,2991 6248,2784 5531,2780 5363,2658 4654,2816 4131,2701 3844,2773"/>
                <Baseline points="3862,2841 3951,2841 4041,2841 4131,2841 4220,2841 4310,2841 4399,2847 4489,2841 4578,2841 4668,2841 4757,2841 4847,2841 4936,2847 5026,2847 5115,2841 5205,2829 5295,2823 5384,2835 5474,2835 5563,2841 5653,2841 5742,2847 5832,2853 5921,2859 6011,2871 6100,2883 6190,2889 6262,2883"/>
                <TextEquiv>
                    <Unicode>receive. He is in</Unicode>
                </TextEquiv>
            </TextLine>
            <TextLine id="tr_1_tl_12" custom="readingOrder {index:11;}">
                <Coords points="3844,3181 4206,3253 4693,3185 5105,3274 5342,3199 5571,3278 6026,3138 6026,3027 5804,2977 5599,3070 5263,2938 3844,2999"/>
                <Baseline points="3862,3098 3951,3116 4041,3116 4131,3116 4220,3116 4310,3116 4399,3116 4489,3116 4578,3116 4668,3104 4757,3092 4847,3086 4936,3098 5026,3098 5115,3104 5205,3104 5295,3104 5384,3110 5474,3116 5563,3116 5653,3122 5742,3122 5832,3128 5921,3134 6011,3140 6035,3140"/>
                <TextEquiv>
                    <Unicode>selbt... Lreuille nn</Unicode>
                </TextEquiv>
            </TextLine>
            <TextLine id="tr_1_tl_13" custom="readingOrder {index:12;}">
                <Coords points="3848,3428 4439,3511 4879,3375 5847,3446 6126,3378 6130,3282 5327,3199 5023,3342 4510,3171 4306,3282 4023,3167 3851,3203"/>
                <Baseline points="3868,3366 3957,3366 4047,3366 4136,3366 4226,3372 4316,3372 4405,3372 4495,3372 4584,3372 4674,3372 4763,3372 4853,3372 4942,3372 5032,3372 5121,3372 5211,3372 5301,3372 5390,3366 5480,3360 5569,3360 5659,3360 5748,3366 5838,3366 5927,3366 6017,3366 6106,3366 6136,3366"/>
                <TextEquiv>
                    <Unicode>Neu Klugt... Matriere.</Unicode>
                </TextEquiv>
            </TextLine>
            <TextLine id="tr_1_tl_14" custom="readingOrder {index:13;}">
                <Coords points="3873,3643 4750,3722 5241,3651 5381,3737 5535,3672 5800,3797 6259,3823 6251,3640 5843,3511 5195,3565 4922,3479 4521,3615 3869,3504"/>
                <Baseline points="3892,3605 3981,3617 4071,3623 4160,3635 4250,3635 4339,3635 4429,3635 4519,3641 4608,3635 4698,3641 4787,3641 4877,3641 4966,3635 5056,3635 5145,3641 5235,3641 5324,3641 5414,3647 5504,3647 5593,3653 5683,3659 5772,3665 5862,3671 5951,3677 6041,3689 6130,3695 6220,3701 6262,3701"/>
                <TextEquiv>
                    <Unicode>3ill.... Obeyver de cet j'uis</Unicode>
                </TextEquiv>
            </TextLine>
            <TextLine id="tr_1_tl_15" custom="readingOrder {index:14;}">
                <Coords points="3930,3848 4227,3919 4639,3876 4998,4012 6094,4009 6040,3783 5650,3830 5245,3654 4947,3840 4471,3711 4227,3801 3926,3762"/>
                <Baseline points="3951,3838 4041,3850 4131,3856 4220,3862 4310,3868 4399,3874 4489,3874 4578,3874 4668,3874 4757,3880 4847,3886 4936,3880 5026,3868 5115,3868 5205,3880 5295,3892 5384,3892 5474,3898 5563,3904 5653,3904 5742,3910 5832,3910 5921,3910 6011,3910 6100,3916"/>
                <TextEquiv>
                    <Unicode>verleit. Me hat wert er</Unicode>
                </TextEquiv>
            </TextLine>
            <TextLine id="tr_1_tl_16" custom="readingOrder {index:15;}">
                <Coords points="4152,4005 4224,3973 4306,3980 4342,4002 4396,3973 4550,4009 4571,3987 4614,3984 4614,3876 4482,3909 4446,3887 4417,3905 4353,3891 4274,3909 4260,3894 4231,3919 4184,3883 4152,3891"/>
                <Baseline points="4172,3963 4262,3963 4351,3963 4441,3963 4530,3963 4620,3963"/>
                <TextEquiv>
                    <Unicode>r.</Unicode>
                </TextEquiv>
            </TextLine>
        </TextRegion>
    </Page>
</PcGts>
