<?xml version="1.0" encoding="UTF-8" standalone="yes"?>
<PcGts xmlns="http://schema.primaresearch.org/PAGE/gts/pagecontent/2013-07-15" xmlns:xsi="http://www.w3.org/2001/XMLSchema-instance" xsi:schemaLocation="http://schema.primaresearch.org/PAGE/gts/pagecontent/2013-07-15 http://schema.primaresearch.org/PAGE/gts/pagecontent/2013-07-15/pagecontent.xsd">
    <Metadata>
        <Creator>prov=READ-COOP:name=TrHtr:version=2.1.0:model_id=51170:date=14_08_2023_10:13</Creator>
        <Created>2023-05-10T14:11:03.654+02:00</Created>
        <LastChange>2023-08-14T10:13:02.642+02:00</LastChange>
        <TranskribusMetadata docId="1428607" pageId="55416900" pageNr="13" tsid="132788747" status="IN_PROGRESS" userId="64420" imgUrl="https://files.transkribus.eu/Get?id=YGKHQLPHEPVCAEZZVFKJVDWU&amp;fileType=view" xmlUrl="https://files.transkribus.eu/Get?id=GONTKVGOVJVWHUPHBMWJTLUO" imageId="44691004"/>
    </Metadata>
    <Page imageFilename="1428607_0013.jpg" imageWidth="7096" imageHeight="4328">
        <ReadingOrder>
            <OrderedGroup id="ro_1711788022345" caption="Regions reading order">
                <RegionRefIndexed index="0" regionRef="tr_2"/>
                <RegionRefIndexed index="1" regionRef="tr_1"/>
            </OrderedGroup>
        </ReadingOrder>
        <TextRegion id="tr_2" custom="readingOrder {index:0;}">
            <Coords points="453,260 3354,260 3354,4027 453,4027"/>
            <TextLine id="tr_2_tl_1" custom="readingOrder {index:0;}">
                <Coords points="634,398 671,384 734,424 778,435 826,398 878,424 892,409 914,413 914,203 852,206 808,225 749,210 712,232 634,221"/>
                <Baseline points="656,310 746,310 835,310 925,310"/>
                <TextEquiv>
                    <Unicode>1</Unicode>
                </TextEquiv>
            </TextLine>
            <TextLine id="tr_2_tl_2" custom="readingOrder {index:1;}">
                <Coords points="1597,420 1626,413 1685,439 1740,424 1788,435 1788,225 1693,225 1645,177 1597,184"/>
                <Baseline points="1617,316 1707,310 1796,316"/>
                <TextEquiv>
                    <Unicode>"</Unicode>
                </TextEquiv>
            </TextLine>
            <TextLine id="tr_2_tl_3" custom="readingOrder {index:2;}">
                <Coords points="431,660 800,745 2176,623 3274,686 3278,413 3197,391 2390,468 1862,380 1398,520 435,402"/>
                <Baseline points="453,602 543,602 632,602 722,596 811,602 901,608 990,608 1080,608 1170,608 1259,608 1349,602 1438,602 1528,602 1617,602 1707,596 1796,585 1886,585 1975,585 2065,585 2155,590 2244,585 2334,585 2423,585 2513,585 2602,585 2692,590 2781,596 2871,596 2960,602 3050,602 3140,608 3229,608 3283,614"/>
                <TextEquiv>
                    <Unicode>'T doucs il été deutet jet. Ne</Unicode>
                </TextEquiv>
            </TextLine>
            <TextLine id="tr_2_tl_4" custom="readingOrder {index:3;}">
                <Coords points="450,922 1217,999 1556,889 2699,914 3142,830 3142,715 2131,645 450,741"/>
                <Baseline points="471,835 555,835 644,835 734,835 823,841 913,841 1002,835 1092,835 1181,835 1271,829 1361,835 1450,823 1540,817 1629,811 1719,805 1808,799 1898,805 1987,805 2077,805 2166,811 2256,805 2346,805 2435,811 2525,811 2614,811 2704,811 2793,817 2883,811 2972,811 3062,805 3151,799"/>
                <TextEquiv>
                    <Unicode>jet vil de Hint. Überall.</Unicode>
                </TextEquiv>
            </TextLine>
            <TextLine id="tr_2_tl_5" custom="readingOrder {index:4;}">
                <Coords points="468,1139 1575,1187 2091,1114 2537,1206 3042,1062 3042,944 2898,859 2515,944 472,977"/>
                <Baseline points="489,1098 543,1098 632,1092 722,1086 811,1086 901,1092 990,1092 1080,1092 1170,1086 1259,1092 1349,1086 1438,1086 1528,1080 1617,1074 1707,1068 1796,1062 1886,1062 1975,1062 2065,1062 2155,1068 2244,1068 2334,1068 2423,1062 2513,1062 2602,1050 2692,1044 2781,1044 2871,1038 2960,1038 3050,1038"/>
                <TextEquiv>
                    <Unicode>Werkersee Goll. or Beloesen - he</Unicode>
                </TextEquiv>
            </TextLine>
            <TextLine id="tr_2_tl_6" custom="readingOrder {index:5;}">
                <Coords points="457,1390 1195,1468 2460,1298 3322,1412 3330,1162 2998,1051 2537,1206 2102,1106 1493,1272 1055,1195 461,1287"/>
                <Baseline points="477,1337 561,1355 650,1349 740,1349 829,1349 919,1349 1008,1355 1098,1349 1187,1349 1277,1349 1367,1349 1456,1349 1546,1349 1635,1343 1725,1331 1814,1331 1904,1325 1993,1319 2083,1319 2172,1313 2262,1301 2352,1295 2441,1295 2531,1295 2620,1289 2710,1289 2799,1289 2889,1289 2978,1295 3068,1295 3157,1301 3247,1307 3337,1307"/>
                <TextEquiv>
                    <Unicode>1) dan in geparer in Cinq un Torfeod i</Unicode>
                </TextEquiv>
            </TextLine>
            <TextLine id="tr_2_tl_7" custom="readingOrder {index:6;}">
                <Coords points="490,1652 2404,1578 2600,1656 2873,1538 3208,1564 3216,1390 2732,1427 2401,1305 2142,1339 1943,1512 1670,1401 1007,1493 498,1416"/>
                <Baseline points="513,1599 531,1605 620,1593 710,1599 799,1599 889,1605 979,1599 1068,1605 1158,1599 1247,1593 1337,1587 1426,1587 1516,1581 1605,1575 1695,1575 1784,1570 1874,1564 1964,1570 2053,1564 2143,1558 2232,1546 2322,1534 2411,1534 2501,1534 2590,1534 2680,1534 2769,1534 2859,1534 2949,1540 3038,1546 3128,1546 3217,1552"/>
                <TextEquiv>
                    <Unicode>Il will d Shiftig. Td kau witt.</Unicode>
                </TextEquiv>
            </TextLine>
            <TextLine id="tr_2_tl_8" custom="readingOrder {index:7;}">
                <Coords points="524,1910 1530,1855 1921,2010 2342,1844 3171,1903 3175,1700 2751,1637 2633,1718 1932,1604 1748,1685 531,1711"/>
                <Baseline points="549,1844 585,1856 674,1862 764,1862 853,1868 943,1862 1032,1868 1122,1868 1211,1868 1301,1862 1390,1856 1480,1844 1570,1838 1659,1826 1749,1820 1838,1820 1928,1808 2017,1802 2107,1796 2196,1796 2286,1796 2375,1802 2465,1802 2555,1802 2644,1808 2734,1808 2823,1808 2913,1814 3002,1820 3092,1820 3181,1814"/>
                <TextEquiv>
                    <Unicode>Au nt vielleicht heeft. A voll weg</Unicode>
                </TextEquiv>
            </TextLine>
            <TextLine id="tr_2_tl_9" custom="readingOrder {index:8;}">
                <Coords points="612,2165 2342,2087 3142,2157 3201,1943 2212,1873 1888,2017 1527,1858 1029,2006 616,1991"/>
                <Baseline points="632,2131 698,2125 787,2131 877,2125 967,2125 1056,2125 1146,2119 1235,2113 1325,2113 1414,2107 1504,2101 1593,2095 1683,2089 1772,2083 1862,2077 1952,2071 2041,2071 2131,2065 2220,2059 2310,2059 2399,2059 2489,2059 2578,2059 2668,2059 2757,2059 2847,2059 2937,2065 3026,2065 3116,2065 3205,2065"/>
                <TextEquiv>
                    <Unicode>never.. De volle des schen, we</Unicode>
                </TextEquiv>
            </TextLine>
            <TextLine id="tr_2_tl_10" custom="readingOrder {index:9;}">
                <Coords points="531,2430 2375,2434 3348,2224 2965,2102 2648,2231 1457,2142 985,2308 538,2294"/>
                <Baseline points="555,2411 579,2405 668,2399 758,2393 847,2393 937,2393 1026,2393 1116,2393 1205,2393 1295,2393 1384,2387 1474,2381 1564,2381 1653,2369 1743,2363 1832,2358 1922,2363 2011,2358 2101,2358 2190,2352 2280,2346 2369,2334 2459,2334 2549,2328 2638,2322 2728,2310 2817,2310 2907,2304 2996,2292 3086,2292 3175,2286 3265,2286 3354,2280"/>
                <TextEquiv>
                    <Unicode>es voit weil pieder tragt.</Unicode>
                </TextEquiv>
            </TextLine>
            <TextLine id="tr_2_tl_11" custom="readingOrder {index:10;}">
                <Coords points="516,2721 2968,2581 3153,2662 3337,2626 3345,2401 524,2474"/>
                <Baseline points="537,2680 567,2674 656,2662 746,2662 835,2662 925,2656 1014,2650 1104,2656 1193,2650 1283,2644 1373,2644 1462,2638 1552,2638 1641,2632 1731,2632 1820,2626 1910,2626 1999,2620 2089,2614 2178,2614 2268,2608 2358,2608 2447,2602 2537,2596 2626,2590 2716,2584 2805,2578 2895,2578 2984,2578 3074,2584 3163,2590 3253,2596 3343,2602"/>
                <TextEquiv>
                    <Unicode>Nest tel ick u de Hand. - Sie ut</Unicode>
                </TextEquiv>
            </TextLine>
            <TextLine id="tr_2_tl_12" custom="readingOrder {index:11;}">
                <Coords points="542,2946 2515,2965 2862,2876 3086,2946 3216,2913 3219,2799 2843,2699 2633,2784 2375,2651 1936,2802 1549,2703 889,2858 546,2806"/>
                <Baseline points="561,2919 626,2919 716,2919 805,2919 895,2919 984,2913 1074,2907 1164,2907 1253,2901 1343,2901 1432,2901 1522,2895 1611,2901 1701,2895 1790,2901 1880,2901 1969,2901 2059,2901 2149,2907 2238,2901 2328,2895 2417,2895 2507,2889 2596,2883 2686,2883 2775,2877 2865,2871 2954,2877 3044,2883 3134,2889 3223,2895"/>
                <TextEquiv>
                    <Unicode>and a at weunit Obrill re</Unicode>
                </TextEquiv>
            </TextLine>
            <TextLine id="tr_2_tl_13" custom="readingOrder {index:12;}">
                <Coords points="575,3216 3300,3201 3219,3086 2415,2946 2032,3053 1792,2920 575,3024"/>
                <Baseline points="596,3199 620,3199 710,3199 799,3187 889,3187 979,3175 1068,3169 1158,3163 1247,3163 1337,3157 1426,3157 1516,3157 1605,3157 1695,3157 1784,3163 1874,3163 1964,3163 2053,3169 2143,3169 2232,3169 2322,3163 2411,3163 2501,3157 2590,3151 2680,3151 2769,3151 2859,3151 2949,3157 3038,3157 3128,3157 3217,3157 3307,3163"/>
                <TextEquiv>
                    <Unicode>If he will be... ce wen</Unicode>
                </TextEquiv>
            </TextLine>
            <TextLine id="tr_2_tl_14" custom="readingOrder {index:13;}">
                <Coords points="560,3518 3123,3433 3053,3223 2762,3348 1737,3190 1092,3322 867,3223 568,3263"/>
                <Baseline points="579,3498 620,3492 710,3480 799,3474 889,3474 979,3462 1068,3456 1158,3456 1247,3450 1337,3444 1426,3450 1516,3450 1605,3444 1695,3444 1784,3444 1874,3444 1964,3444 2053,3444 2143,3438 2232,3432 2322,3432 2411,3432 2501,3426 2590,3426 2680,3426 2769,3420 2859,3420 2949,3414 3038,3414 3128,3414"/>
                <TextEquiv>
                    <Unicode>Nei. Sie bei Hei ergeht in the</Unicode>
                </TextEquiv>
            </TextLine>
            <TextLine id="tr_2_tl_15" custom="readingOrder {index:14;}">
                <Coords points="535,3750 844,3721 966,3828 1136,3710 2876,3702 2884,3488 2489,3570 2305,3477 2124,3577 1737,3463 538,3628"/>
                <Baseline points="555,3731 561,3731 650,3725 740,3719 829,3713 919,3713 1008,3707 1098,3707 1187,3707 1277,3707 1367,3707 1456,3701 1546,3707 1635,3701 1725,3707 1814,3701 1904,3695 1993,3689 2083,3683 2172,3671 2262,3671 2352,3665 2441,3665 2531,3653 2620,3665 2710,3665 2799,3659 2889,3659"/>
                <TextEquiv>
                    <Unicode>ein. Jacob in Tho an. Els.</Unicode>
                </TextEquiv>
            </TextLine>
            <TextLine id="tr_2_tl_16" custom="readingOrder {index:15;}">
                <Coords points="505,4060 2898,3997 2935,3721 2496,3813 1836,3713 1552,3813 1272,3706 509,3872"/>
                <Baseline points="525,4011 608,4017 698,4011 787,4011 877,4005 967,3993 1056,3993 1146,3987 1235,3987 1325,3987 1414,3987 1504,3993 1593,3993 1683,3987 1772,3993 1862,3981 1952,3969 2041,3963 2131,3957 2220,3945 2310,3945 2399,3939 2489,3939 2578,3945 2668,3945 2757,3945 2847,3951 2937,3957"/>
                <TextEquiv>
                    <Unicode>do I'm selht will at</Unicode>
                </TextEquiv>
            </TextLine>
        </TextRegion>
        <TextRegion id="tr_1" custom="readingOrder {index:1;}">
            <Coords points="3796,242 6799,242 6799,3908 3796,3908"/>
            <TextLine id="tr_1_tl_1" custom="readingOrder {index:0;}">
                <Coords points="6508,384 6590,398 6645,387 6696,420 6744,409 6774,151 6737,151 6689,181 6660,162 6638,177 6582,136 6531,159"/>
                <Baseline points="6536,316 6590,316 6680,310 6769,292"/>
                <TextEquiv>
                    <Unicode>&amp; 17</Unicode>
                </TextEquiv>
            </TextLine>
            <TextLine id="tr_1_tl_2" custom="readingOrder {index:1;}">
                <Coords points="3850,372 4067,398 4252,354 4377,406 4539,369 4764,439 4901,387 5074,428 5037,229 4879,262 4783,188 4241,148 4182,199 4038,155 3846,214"/>
                <Baseline points="3868,310 3957,316 4047,316 4053,316 4071,316 4160,310 4250,322 4339,316 4429,316 4519,328 4608,328 4698,334 4787,334 4877,334 4966,328 5056,340 5080,334"/>
                <TextEquiv>
                    <Unicode>5.    5 1 10.</Unicode>
                </TextEquiv>
            </TextLine>
            <TextLine id="tr_1_tl_3" custom="readingOrder {index:2;}">
                <Coords points="5222,380 5255,384 5303,413 5317,402 5351,413 5402,380 5424,380 5432,218 5387,218 5376,203 5351,203 5328,184 5295,184 5258,199 5229,195"/>
                <Baseline points="5247,334 5259,334 5348,334 5438,328"/>
                <TextEquiv>
                    <Unicode>P.P.</Unicode>
                </TextEquiv>
            </TextLine>
            <TextLine id="tr_1_tl_4" custom="readingOrder {index:3;}">
                <Coords points="5542,387 5583,380 5627,417 5741,446 5775,428 5959,439 6036,387 6121,413 6158,398 6154,192 6059,229 5922,236 5882,266 5727,192 5598,288 5542,266"/>
                <Baseline points="5563,334 5653,334 5742,340 5832,340 5921,340 6011,346 6100,346 6166,340"/>
                <TextEquiv>
                    <Unicode>he is a</Unicode>
                </TextEquiv>
            </TextLine>
            <TextLine id="tr_1_tl_5" custom="readingOrder {index:4;}">
                <Coords points="3835,686 4528,756 4831,660 5037,789 5432,653 5852,767 6173,675 6652,723 6649,520 6110,431 5926,524 4690,560 4318,387 3831,472"/>
                <Baseline points="3850,620 3939,626 4029,632 4119,632 4208,632 4298,638 4387,638 4477,632 4566,638 4656,644 4745,650 4835,650 4924,650 5014,650 5104,656 5193,656 5283,656 5372,650 5462,650 5551,650 5641,650 5730,650 5820,650 5909,650 5999,650 6089,650 6178,656 6268,656 6357,662 6447,674 6536,680 6626,674 6662,674"/>
                <TextEquiv>
                    <Unicode>tent le mémelas et tat d plegent</Unicode>
                </TextEquiv>
            </TextLine>
            <TextLine id="tr_1_tl_6" custom="readingOrder {index:5;}">
                <Coords points="3802,985 4222,1032 4458,907 4812,900 5439,1069 5988,933 6483,977 6475,693 6191,819 5546,734 5369,841 4886,726 4547,830 3979,682 3798,822"/>
                <Baseline points="3820,889 3910,883 3999,883 4089,889 4178,895 4268,895 4357,889 4447,895 4536,889 4626,889 4716,895 4805,901 4895,907 4984,913 5074,919 5163,925 5253,931 5342,931 5432,931 5521,925 5611,919 5701,919 5790,919 5880,919 5969,919 6059,919 6148,919 6238,919 6327,925 6417,925 6489,913"/>
                <TextEquiv>
                    <Unicode>beten hear fotlenille.</Unicode>
                </TextEquiv>
            </TextLine>
            <TextLine id="tr_1_tl_7" custom="readingOrder {index:6;}">
                <Coords points="4292,1055 4432,1069 4506,1029 4643,1021 4786,1073 5015,1021 5011,922 4974,911 4886,937 4812,907 4772,929 4587,903 4473,966 4447,951 4418,974 4362,937 4289,962"/>
                <Baseline points="4310,1014 4399,1020 4489,1020 4578,1020 4668,1026 4757,1032 4847,1032 4936,1026 5026,1020 5032,1014"/>
                <TextEquiv>
                    <Unicode>en „ Stell“</Unicode>
                </TextEquiv>
            </TextLine>
            <TextLine id="tr_1_tl_8" custom="readingOrder {index:7;}">
                <Coords points="5789,1150 5848,1121 5988,1121 6029,1092 6125,1073 6258,1106 6269,966 6232,948 6084,1025 6055,1003 5985,1025 5952,999 5885,1010 5804,985"/>
                <Baseline points="5814,1092 5820,1092 5909,1092 5999,1086 6089,1074 6178,1068 6268,1062"/>
                <TextEquiv>
                    <Unicode>devient</Unicode>
                </TextEquiv>
            </TextLine>
            <TextLine id="tr_1_tl_9" custom="readingOrder {index:8;}">
                <Coords points="3783,1298 4956,1202 5380,1331 5690,1235 6520,1313 6468,1080 6298,1176 6147,1069 5782,1125 5033,992 4215,1077 3772,944"/>
                <Baseline points="3796,1146 3886,1158 3975,1152 4065,1158 4154,1158 4244,1164 4333,1176 4423,1176 4513,1176 4602,1181 4692,1176 4781,1187 4871,1187 4960,1187 5050,1181 5139,1187 5229,1193 5318,1199 5408,1199 5498,1205 5587,1205 5677,1205 5766,1211 5856,1205 5945,1205 6035,1205 6124,1211 6214,1217 6303,1223 6393,1223 6483,1223 6524,1229"/>
                <TextEquiv>
                    <Unicode>dep as her Beleist ist doe</Unicode>
                </TextEquiv>
            </TextLine>
            <TextLine id="tr_1_tl_10" custom="readingOrder {index:9;}">
                <Coords points="3868,1575 5454,1482 6247,1571 6306,1339 5472,1353 5218,1265 4827,1398 4609,1294 4344,1386 4012,1265 3872,1313"/>
                <Baseline points="3892,1456 3981,1456 4071,1456 4160,1462 4250,1462 4339,1474 4429,1462 4453,1462 4465,1462 4554,1468 4644,1462 4733,1462 4823,1462 4913,1462 5002,1456 5092,1450 5181,1450 5271,1456 5360,1462 5450,1456 5539,1456 5629,1456 5718,1450 5808,1450 5898,1444 5987,1444 6077,1450 6166,1450 6256,1456 6315,1462"/>
                <TextEquiv>
                    <Unicode>St &amp; Jage Cuit 2.e</Unicode>
                </TextEquiv>
            </TextLine>
            <TextLine id="tr_1_tl_11" custom="readingOrder {index:10;}">
                <Coords points="3868,1814 6217,1726 6542,1847 6472,1593 5572,1501 5310,1659 4753,1619 4547,1508 3872,1656"/>
                <Baseline points="3892,1731 3957,1731 4047,1725 4136,1725 4226,1725 4316,1719 4405,1713 4495,1701 4584,1701 4674,1695 4763,1689 4853,1695 4942,1695 5032,1695 5121,1701 5211,1701 5301,1713 5390,1713 5480,1713 5569,1701 5659,1695 5748,1689 5838,1689 5927,1689 6017,1689 6106,1689 6196,1695 6286,1695 6375,1701 6465,1695 6554,1689"/>
                <TextEquiv>
                    <Unicode>in that - so he amt ei</Unicode>
                </TextEquiv>
            </TextLine>
            <TextLine id="tr_1_tl_12" custom="readingOrder {index:11;}">
                <Coords points="3828,2076 4429,2176 4558,2061 5011,2006 5365,2117 5893,1940 6789,2043 6685,1862 6007,1763 5627,1748 5314,1873 5022,1770 4554,1951 3831,1870"/>
                <Baseline points="3850,1993 3934,1999 4023,1999 4113,1999 4202,1993 4292,1987 4381,1987 4471,1981 4560,1981 4650,1969 4739,1969 4829,1969 4918,1964 5008,1964 5098,1958 5187,1958 5277,1958 5366,1952 5456,1952 5545,1952 5635,1946 5724,1940 5814,1934 5903,1940 5993,1940 6083,1946 6172,1946 6262,1952 6351,1952 6441,1958 6530,1952 6620,1958 6709,1964 6799,1964"/>
                <TextEquiv>
                    <Unicode>Aplang zu ouviel absolutnées</Unicode>
                </TextEquiv>
            </TextLine>
            <TextLine id="tr_1_tl_13" custom="readingOrder {index:12;}">
                <Coords points="3820,2353 6508,2235 6542,2036 6088,1969 5930,2080 5480,2124 5008,2006 4834,2135 4576,2054 4436,2172 4130,2069 3831,2109"/>
                <Baseline points="3844,2244 3856,2238 3945,2262 4035,2268 4125,2268 4214,2268 4304,2262 4393,2250 4483,2232 4572,2226 4662,2214 4751,2214 4841,2208 4930,2208 5020,2208 5110,2202 5199,2208 5289,2202 5378,2208 5468,2202 5557,2196 5647,2196 5736,2196 5826,2196 5915,2190 6005,2190 6095,2184 6184,2172 6274,2178 6363,2178 6453,2172 6542,2178"/>
                <TextEquiv>
                    <Unicode>Aber - he will en I</Unicode>
                </TextEquiv>
            </TextLine>
            <TextLine id="tr_1_tl_14" custom="readingOrder {index:13;}">
                <Coords points="6276,2330 6339,2345 6376,2308 6424,2342 6446,2338 6427,2187 6390,2194 6368,2179 6342,2187 6328,2176 6324,2183 6302,2179 6291,2194 6261,2190"/>
                <Baseline points="6292,2292 6381,2298 6453,2310"/>
                <TextEquiv>
                    <Unicode>be</Unicode>
                </TextEquiv>
            </TextLine>
            <TextLine id="tr_1_tl_15" custom="readingOrder {index:14;}">
                <Coords points="3813,2581 4613,2519 5170,2614 5841,2445 6048,2555 6221,2478 6575,2541 6604,2338 6394,2401 6173,2257 5601,2412 5092,2272 3817,2437"/>
                <Baseline points="3832,2537 3922,2531 4011,2525 4101,2525 4190,2519 4280,2519 4369,2513 4459,2507 4548,2501 4638,2495 4727,2483 4817,2483 4907,2477 4996,2477 5086,2465 5175,2465 5265,2465 5354,2465 5444,2465 5533,2459 5623,2453 5712,2453 5802,2447 5892,2447 5981,2447 6071,2441 6160,2441 6250,2441 6339,2447 6429,2453 6518,2459 6608,2459"/>
                <TextEquiv>
                    <Unicode>Als e Herr Verjourz nach). ich</Unicode>
                </TextEquiv>
            </TextLine>
            <TextLine id="tr_1_tl_16" custom="readingOrder {index:15;}">
                <Coords points="3861,2847 4160,2920 4672,2773 5494,2710 5682,2799 6033,2681 6571,2747 6619,2566 6114,2596 5966,2485 5107,2637 4060,2537 3872,2607"/>
                <Baseline points="3881,2805 3939,2793 4029,2781 4119,2781 4208,2769 4298,2769 4387,2769 4477,2763 4566,2757 4656,2752 4745,2752 4835,2746 4924,2740 5014,2728 5104,2722 5193,2716 5283,2710 5372,2698 5462,2692 5551,2680 5641,2680 5730,2680 5820,2680 5909,2674 5999,2674 6089,2674 6178,2680 6268,2680 6357,2680 6447,2680 6536,2680 6626,2686"/>
                <TextEquiv>
                    <Unicode>k. Wei will belft... he</Unicode>
                </TextEquiv>
            </TextLine>
            <TextLine id="tr_1_tl_17" custom="readingOrder {index:16;}">
                <Coords points="3820,3109 5834,2932 6169,3005 6494,2957 6508,2769 5793,2725 5539,2873 4930,2784 4720,2924 4278,2980 3835,2902"/>
                <Baseline points="3844,3056 3910,3062 3999,3056 4089,3050 4178,3044 4268,3044 4357,3038 4447,3032 4536,3026 4626,3026 4716,3014 4805,3008 4895,3002 4984,2990 5074,2984 5163,2978 5253,2966 5342,2960 5432,2954 5521,2943 5611,2943 5701,2931 5790,2931 5880,2925 5969,2919 6059,2919 6148,2919 6238,2919 6327,2925 6417,2931 6506,2943"/>
                <TextEquiv>
                    <Unicode>sir in ee seele stem kundi. hi</Unicode>
                </TextEquiv>
            </TextLine>
            <TextLine id="tr_1_tl_18" custom="readingOrder {index:17;}">
                <Coords points="3794,3374 4440,3426 4974,3238 5310,3223 5435,3311 5904,3171 6402,3278 6442,3016 5823,3057 5605,2946 5107,3164 4624,3086 3806,3252"/>
                <Baseline points="3820,3325 3838,3319 3928,3319 4017,3319 4107,3319 4196,3313 4286,3307 4375,3301 4465,3295 4554,3289 4644,3277 4733,3265 4823,3253 4913,3241 5002,3235 5092,3229 5181,3217 5271,3211 5360,3205 5450,3193 5539,3187 5629,3181 5718,3181 5808,3181 5898,3169 5987,3175 6077,3175 6166,3181 6256,3187 6345,3193 6435,3205"/>
                <TextEquiv>
                    <Unicode>I will am for the</Unicode>
                </TextEquiv>
            </TextLine>
            <TextLine id="tr_1_tl_19" custom="readingOrder {index:18;}">
                <Coords points="4521,3555 5240,3577 5793,3474 6453,3551 6505,3286 6202,3245 5955,3341 5660,3223 5384,3334 5151,3271 4525,3378"/>
                <Baseline points="4542,3522 4626,3522 4716,3522 4805,3516 4895,3510 4984,3504 5074,3498 5163,3492 5253,3492 5342,3474 5432,3468 5521,3468 5611,3468 5701,3468 5790,3474 5880,3468 5969,3468 6059,3474 6148,3468 6238,3468 6327,3474 6417,3480 6506,3486"/>
                <TextEquiv>
                    <Unicode>Dr Neu Erpven</Unicode>
                </TextEquiv>
            </TextLine>
            <TextLine id="tr_1_tl_20" custom="readingOrder {index:19;}">
                <Coords points="3813,3636 5317,3603 5568,3743 5948,3599 6538,3617 6538,3536 5823,3474 4750,3584 4244,3396 3817,3385"/>
                <Baseline points="3832,3605 3856,3605 3945,3605 4035,3605 4125,3611 4214,3611 4304,3623 4393,3629 4483,3629 4572,3629 4662,3629 4751,3629 4841,3623 4930,3617 5020,3617 5110,3611 5199,3599 5289,3599 5378,3599 5468,3599 5557,3599 5647,3599 5736,3593 5826,3593 5915,3593 6005,3593 6095,3593 6184,3587 6274,3587 6363,3587 6453,3587 6542,3599"/>
                <TextEquiv>
                    <Unicode>Sebrf. ich bin in einer bei dem</Unicode>
                </TextEquiv>
            </TextLine>
            <TextLine id="tr_1_tl_21" custom="readingOrder {index:20;}">
                <Coords points="3879,3927 4130,3949 4311,3846 4805,3990 5288,3876 6066,3964 6309,3890 6313,3743 5955,3603 5502,3750 5299,3603 4879,3721 4477,3735 4340,3636 3883,3702"/>
                <Baseline points="3898,3898 3987,3880 4077,3862 4166,3850 4256,3850 4345,3844 4435,3838 4524,3838 4614,3832 4704,3826 4793,3826 4883,3820 4972,3814 5062,3802 5151,3796 5241,3796 5330,3802 5420,3808 5509,3808 5599,3808 5689,3820 5778,3820 5868,3820 5957,3826 6047,3832 6136,3838 6226,3838 6315,3838"/>
                <TextEquiv>
                    <Unicode>Dr Krund ged den großen</Unicode>
                </TextEquiv>
            </TextLine>
        </TextRegion>
    </Page>
</PcGts>
