7032 4376
533 551 3000 1021 H it forder, wenn it
661 918 3206 1241 ersichlte. - Sie meinte
566 1175 3056 1616 weil de Giese deb
555 1513 3202 1913 Uu me ness un sebre
533 1741 3151 2211 de Beize kein Stern
577 2152 3276 2530 beinal. -  Un so still
540 2457 3026 2868 de Cal tute uu...
613 2685 3254 3052 Iben. Sie auf de Bonf
613 3070 3213 3397 an tral an zu roten.
595 3342 3294 3720 To fear, nfor d Rolst.
654 3695 3008 4036 to we be so meritestef
577 3908 3331 4234 lindlet i bei! Als ist sie
3900 184 5362 444 to him. In the
3669 301 6475 731 Es nicht ja kein Glünd zu wein. Brieut den
3643 639 6379 988 hoising? That we had. The
3632 808 6585 1164 wisulh leed! Es na ou de mive.
3647 995 6475 1362 Ich beleg alle in der Ho
3717 1227 6530 1579 in seulut omt juvint hond neneut
3706 1473 6640 1811 in einem Adagis in der nicht und beteurte.
3720 1711 6486 1979 Hulleuhtweine... Iil seit xxx
3713 1924 6577 2284 aburz. überlegt... mit xxx
3702 2170 6196 2512 sys in Eufchlein... Nein nicht.
3731 2332 6607 2729 Nem de tusslenten i- ato... Tage
3742 2696 6640 2905 Unleyen... till voiging with aartrink.
3801 2835 6508 3232 Uul en Reiten-cupel. Lage
3783 3059 6460 3448 Bin. Ch Papis Uilugin
3863 3309 6563 3746 I will... j. w. Selbstwerd... - abe
3834 3603 6456 3948 er nach nelleicht möglich, die
