7096 4328
622 181 863 385 1
1596 204 1796 385 "
6505 252 6779 444 to
3795 196 6372 629 hall it wohl kann gelegenheit
626 367 3236 778 levet nous heit.
3843 504 6598 892 Stlebt. - so lange feit. unter 4
800 685 3062 989 So, & hatt i hs in
3832 748 6446 1151 lnges for the good
803 885 3180 1151 inraue sh'il will ju moy
770 1085 3162 1437 fehulle... daß ich... Al
3806 1029 6472 1333 beb ho willick allgrl in Cnsp
1052 1281 2806 1481 & in Bechs delle in... J. wohl
681 1333 3214 1640 me it in ebe. in heri... has
3836 1270 6394 1666 Yours K. Lettr. Winewoll.
681 1625 3095 1899 Reich defen. Es ist will'in
3769 1551 6735 1829 tot a de jeigl tui sur n'en je suivre
792 1840 3295 2159 Tobul de s très bonne...
3995 1796 6572 2159 tre le petit in a Heure. Ebe gar
877 2036 3295 2399 Viellei hatt ich
3758 2051 6702 2462 lin ist auch det geblieb.. hafällt
1540 2270 2625 2499 mein. Besitzung
740 2318 3180 2632 doneth in him eibel.
3780 2325 6446 2658 der ein. H. v. W. E.
970 2588 3225 2888 is H verlengt. wei.. he
3195 2703 3421 2881 um
3884 2581 6383 2921 lept ce with les. - Werken Sie
770 2829 3217 3166 nicht ein willen
3969 2921 6228 3306 We have he made with for la
1066 3069 3284 3406 par deux le rem...
6005 3225 6216 3514 FJ
3921 3236 5946 3562 Ela? Je suis desir.
892 3399 2821 3699 Geld in uns un.
3906 3477 6383 3791 pall on Ient age, & the tiemit
859 3658 2918 3969 ball... at frilis. de
3925 3762 6109 4036 &c-ver rin -
