7064 4344
538 449 3407 838 &t bleib hie gep Curheit
801 767 3229 1120 auf de at dich... the
738 1027 3159 1387 Hbet Fiale ist ein hill
678 1283 3166 1620 wil gegen die: - Walsten
653 1594 2851 1984 ist will. Dich. u en
671 1895 2951 2284 Alk weil de so wenn
738 2084 2836 2462 a but had be how
716 2443 3200 2762 ein geregl.... in
712 2692 3077 2962 in di in wry who ein
678 2996 2985 3352 in theuproche ae geb.
664 3266 2951 3644 tal. de erd.. un de
927 3563 1194 3730 en
619 3507 3181 3919 every bal. og de let
927 3796 3433 4138 ne eu de throu plus.
6521 382 6766 634 83
3745 367 6725 704 Nos de elea. Kerl de ce
3845 678 6525 1034 desh oubtendst tat, it prl
3885 890 6429 1209 veuil worden. Vielleurtt i ai
3841 1190 6496 1602 As yeren welen Rest... Te
6073 1394 6547 1579 selfe
3874 1483 6692 1902 Töchlerhast. Ee tat / uui gestohl
3919 1802 6329 2124 - hin leur selgel. vorbei
3796 2021 6451 2414 me Haga  quel je même in
3830 2299 6481 2666 Ouil Barran ouil & nime
3841 2566 6507 2903 We auf de Corre...
4334 2784 5476 3036 let du ny
3837 2940 6477 3196 I. hundie her. Pap....  in
3867 3107 6714 3467 in outteeit deit et relle
3937 3352 6384 3745 So habein die ich vielhernt
4012 3600 6559 4041 over...  le sollecule ici?
