7048 4360
498 427 3025 846 30 Raal ca a gress and
675 786 3079 1120 un alle heben in it
604 1084 2944 1468 in St. d jelonn.
668 1287 3011 1731 Cem ud Drs K. Hoffe
583 1575 3114 2019 we wt d geb und krum
665 1991 2947 2304 so hart er sich um -
558 2233 2990 2595 Nalculed hropt us-
594 2478 3146 2915 in - he was that will
693 2819 3057 3292 in open len. is [illegible]
629 3093 2986 3580 slehe. Unternehmst
843 3523 2947 3893 Verband... here.
768 3672 3320 4117 reluded - wer de Verbeft
3697 292 6566 704 befill Bruant... - Fjuhret 91
3722 590 6157 928 er ist... Dr. heyl uit
3825 875 6399 1212 &...an Verletseos in
3704 1162 6278 1546 kr. - Noch tage sich,
3736 1500 6232 1866 de Rud im T.
3758 1756 6310 2147 -ten jetzt. ich
3751 2144 6001 2478 es mit heim zusammen,
3751 2396 6371 2720 in <gap/> ee lubeitestion
3740 2695 6278 3015 was rambt een Sla auschengen
3797 2947 6516 3384 note bale iune voit Herman
3839 3288 6275 3644 -cejare - is meman it
3882 3573 6467 3914 Annase - 2 ble bevigt hem
