6920 4360
3756 336 6318 691 H. wllte der dort selben
698 304 3301 853 I'd in it. in the
3844 646 5982 985 cbe.. ich sei meist ge¬
565 733 1050 911 in
520 711 3110 1124 Paulan Bonté weld
3756 901 6140 1324 wubl. King, out from
552 979 3023 1366 renst und atta die Ent¬
3808 1192 6247 1641 wnd with, weil ist ied
568 1250 3065 1744 or tuf ick in Chouper
3802 1473 6063 1864 of cesuilt so reisend
552 1589 2171 1906 in... ich weine...
3828 1831 6014 2206 a  u    u fin in or
633 1793 3233 2225 Herrn - cahier wenn ich dem -
3824 2016 6143 2477 emen onve Grundwill.
652 2206 1231 2426 Alwin
711 2174 3030 2519 Teht derbe. Bsreis ist und imn — er ist
620 2429 3027 2662 a way of fil. I pass -  we sent over
3941 2393 5946 2739 esha. ge.. be in
704 2607 3001 2813 Mich. in a firemen lager – nankt – in
3928 2561 5934 3007 Entteilung aus. J
694 2723 2833 3007 fragen! Wenn der glaubtive gewiß
665 2943 1696 3156 ainsleibled habe!
3960 2897 6121 3333 Hundwill, we in
759 3043 3156 3314 Abei ist munt der habeheit schreiben.
733 3236 2129 3417 Nein schon über die weib!...
3924 3104 6185 3614 wde so in I am
814 3253 2746 3589 We have iters -:- Geliebte! or were? -
733 3456 3246 3714 Mein, verfischt. hi ich. Aller aus, auch wenn ich Geld zu
3992 3440 5811 3902 Yours    brulle  -
798 3611 3375 3850 he is this but in a town - met the
917 3773 2125 3999 Crote: - their him. Fr.
3996 3540 6376 4047 trd. —  til compts... I. Hrs
930 3915 1499 4105 & to be in so.
2426 3899 2649 4228 Ia
2733 3937 3049 4160 ne étant
1276 4050 1567 4222 it al
