7048 4360
746 455 3136 822 weboure it - er heb
404 422 640 818 &
622 728 3139 1124 not and ja will be
622 978 3030 1375 legt - nicht z eifüllen
618 1262 2968 1702 neles kind... and of
717 1477 3121 1935 [illegible]
709 1771 3034 2150 as if it willen
607 2052 3030 2510 ja will ewgefallen de
575 2368 2968 2750 S. Hww. d. Gelegent
586 2695 2845 3114 femt zu...   um in
520 2925 2674 3376 um übrigen wird
611 3161 3176 3619 gevisttat er gar unter
677 3525 2815 3925 warth. A. na en
669 3761 3092 4158 jute frm your House.
3779 324 6711 786 ce but ita ihrm exeune Heimno
3787 687 6340 1059 gelieben - we soll mee d
3736 957 6577 1419 in eine beweilen Seiten:
3783 1284 6617 1670 - Er bat zu fürst alle verne
3790 1626 6253 2001 Il n'a auss ci xxx
3739 1899 6249 2255 hebte - et weilut dirck
3787 2150 6184 2470 madthaben - et en-
3805 2375 6588 2761 int illoke tal.. et en hom
3961 2608 6467 3092 gebel tal dier Brief
3881 2935 6435 3372 Vor ewen ging and as ist
3805 3288 6464 3739 le gelaufen - gereß - wie
3852 3597 6544 4059 warke - j Bing. be Vnd
