6952 4408
763 246 1875 577 Votre très obéissant a état de ses
6313 264 6573 510 st
3809 446 6692 867 Schaft ulie den... Oul og G
260 539 3251 818 noch. A wird mit witt and us¬
3776 677 6369 1001 herst. Can berick
387 755 3125 1105 Une mit hal, ich mit verkauf
298 990 3117 1347 erneidgt.  Abt   - get
3850 952 6380 1350 he then were plotgled
346 1213 2961 1603 hear Beweis    - - -   To -
3809 1269 6521 1648 selle is leid. In leerner
2727 1477 3140 1752 keles
320 1533 2254 1893 dertige Papierung
3820 1566 6622 1953 on weather.  Und de Brou
361 1681 3136 2135 do that she is her in
3832 1838 6629 2169 - - Sie nicht will a der Tehl.
353 1949 3326 2385 and that... her w jette with
3761 2117 6633 2459 hotes.. So bat ihr früher mit
368 2232 2969 2593 Ier kennen Fall.
3887 2437 6406 2827 Friese Jegenen. - I had into
402 2515 3140 2846 werden bließ es würden
3925 2675 6510 3050 Elo? for him.... I had
428 2753 3281 3114 "    es geht es un peite... Ia diesen
3947 2991 6402 3329 alle Augst um meist. Jan
584 3006 2827 3385 tiben. Aber es gibt die hein
417 3288 2775 3616 Kerris. Is he etc.
3969 3300 6469 3657 gluss... No: id bel kei
2399 3467 2916 3698 Herrn
472 3504 2358 3913 Bette  en clumitou
3880 3579 6339 4021 Augst. ich versicherte
1399 3713 3032 4092 Gefah und Fiel
517 3858 1153 4103 wir die
