7096 4344
2889 275 3116 421 a
1251 328 1969 517 0s
3763 268 6753 677 I he haber j weer Ailuss uir une 66
804 499 3067 752 viel in dort oben. Bäuschen
462 491 663 797 69
3819 584 6228 908 Mghrarlel... The augenblicke
726 596 3250 1091 stunges... jedlich laut Recht
3823 908 6127 1158 Inhal the taler ind in
730 867 2982 1277 Ellen -  Chk
3823 1109 6544 1415 algeve Embrn. de uil p per
733 1147 3216 1541 He is her day -
3786 1366 6295 1716 Ce.... Il n'a pas eu une
741 1437 3224 1735 at - he   uute dies thurte de
3819 1586 6142 1939 ursent hé, Eliz. c.a.S.
771 1671 3075 2032 belad ubertant... Il k'en
3849 1876 6328 2267 f ou de ce cher pisonnentes
804 1925 3190 2341 Ihr Herrse ich woll verstehen
3890 1980 6187 2464 ernetre - u de Lag. Ile
1068 2170 3090 2561 Wenthe. N. On. -
3942 2390 6593 2751 Pape in the 4 with a one
1951 2408 3317 2714 Bleib he... Wenn
785 2583 3082 2911 -. Et gibt d'Ils te Sire
4381 2662 4981 2799 kleines
3972 2565 6231 2978 Cadubite Sion nul en
804 2792 3239 3280 Nun est ou Zweifel... - Erb.
3983 2907 5982 3268 not le cheilid. an em
856 3034 3198 3358 e it selve wir nicht auf ein wieder
3991 3160 6090 3652 Vulgenteit + helfe.
886 3216 3376 3622 - it bleib ded. in a - - - if ten
3968 3484 6358 3883 war neare expellant is in
514 3551 2092 3901 & que grosse et ci
1109 3771 3328 4043 It is... Ist heb je ont vul
