3240 4216
458 238 2149 500 F.TrubyKing.
2799 346 2897 563 4
133 454 2684 692 Hek - Hannakt...  N Tille -
122 612 2841 902 gebeben. He is here. Sie wird sehr schreiben.
140 783 2310 1069 Andwat Hochat
119 933 2772 1234 dann schreiben allein. Ich willig
252 1157 2656 1360 and muss auch kein Einzel
143 1314 2719 1569 mit einem Manne kein nicht schon
720 1468 2838 1754 Seul de toute lui (En Auflé)
171 1629 591 1838 in
87 1692 2897 1992 he nicht erfort an ein Amtsschr...
189 1887 2520 2139 he'd time. In an kind. Was
185 2034 2639 2363 ne den a:..M in the are him...
182 2254 2453 2488 deelisin dempliebene. Es schon
213 2474 2478 2730 Tilvi had wir nach neschr
203 2628 2495 2908 Er mir nicht besucht... Bitte Theil
280 2820 2429 3128 hi dat at the bill... Wenn wlt
217 3020 2457 3352 in de Thunoblieke... Was ist at
262 3180 2607 3537 to a Law to be sent
1915 3411 2261 3565 ohne
325 3411 2688 3733 feute: der kalte wie sei
241 3761 1412 3939 the inume, in the
