7096 4312
1585 176 1850 380 r
592 212 921 488 1 "
2208 237 2409 452 1.
649 398 3370 756 Envent. C be ist thing
667 724 3173 993 naliebst inde. Ich hufen
746 957 3291 1301 Jr 201.-totig zu treten...
728 1154 3155 1538 Thurried to get to
756 1359 3280 1714 so as well that a hillin...
774 1610 3173 2047 En Mon. des iai a bem
767 1861 3234 2248 Où a nef. ent de Hals
796 2076 3212 2499 En bill in due p lorsion
1036 2302 3226 2725 velalter in. Km
857 2585 3180 3047 Recting gibts...- to
864 2857 3341 3252 hicicum intlut en telle
875 3180 3119 3542 him. wllle, at tis je
814 3417 3259 3804 pein sich lea. A d
857 3710 3255 4047 sollen in will ziev. At
6546 118 6808 387 & to
3865 197 5101 409 5.  1 5 1 10
5535 194 6127 445 the 1
4861 362 5758 516 geneque en
6593 355 6862 627 by
3875 441 6733 724 sus heil will ick nen ein. Els.
4614 656 5955 842 Ihr unbezahlt mit
3893 685 6779 997 Ich will he narkt sehr...
3897 911 6743 1258 Mais il a été de nicht en fait
3908 1197 6629 1477 d  d e Schrift..  Al wie Blich ist
3879 1387 6661 1778 schlend er schl, in gericht... Du
3857 1631 6464 1972 Ulld weil woll jet. 2. werde
3800 1879 6639 2248 mands!.. Oh Silbrachn wie ich nach
3836 2108 6543 2449 his... I am Tuhll ed Kla... We
3875 2377 6378 2714 & See secret ist nengst: le ci
3854 2628 6449 2961 so het de Schrift! Heill der
3918 2893 6532 3255 Alber will be ont wen
3922 3173 6514 3492 Nacht soll ich anläßt sollich
3954 3381 6281 3775 sich... herstigbarend.. Soll in
3922 3617 6130 4037 aufleiten. H Il soll etwa
