3800 4392
2892 259 3174 408 in a
3180 378 3436 577 111
494 411 3094 617 He will not dort was
487 600 2908 902 e Knten besch lien, u bont did.
468 793 3137 1078 for endlich. I let to long...
497 1018 2689 1234 he will. we will.... We is
1380 1210 1850 1343 we id
517 1244 2845 1496 but t Ciss... Ici is a gelibt...
2238 1479 3064 1698 is in...
458 1459 2212 1751 feb ere uit nicht u. doa.
454 1681 2663 1980 Seul en cette petite terme.
471 1890 2955 2099 mult [illegible]
504 2093 2845 2361 Décuit en matin...  Da Prof. Stet
541 2345 2749 2567 "   M - p - beid... Wunt den
554 2544 2812 2766 I have in dlei Flügel this reasse.
527 2749 2839 2951 när h - Ln... etc.. die I.. Schulle.
521 2888 2875 3223 Culad... We Wamer! We have
610 3144 2484 3346 Schiede Bahr. I'd not
560 3320 1831 3595 in the big.. in
1884 3356 2550 3565 int de p
544 3522 2421 3810 en Behre... 4 haben auf
633 3747 2474 3976 at de sie die Vergleit
832 3900 3154 4129 Er mit der Worte Süttel
2202 4099 2348 4255 a
1794 4135 1880 4241 12
