7080 4296
355 398 3101 753 2nd spiele. von heiligen. C
601 651 3036 973 d in a Sberg in
507 937 3347 1361 Noch auf zu hommen: so wenl
470 1281 3391 1639 Uecez Aar aam jet in die nicht
554 1542 3188 1784 wex:  his at our leuut.
2026 1704 2833 1885 24 huit st nk
612 1741 3152 2084 - und was sich. "  Il Val
575 2016 2953 2399 est gerettet. Ob nen, i
499 2320 3047 2710 lui ausgepondert
2146 2501 2964 2743 inculant
546 2638 3347 2975 a leeu l, - en Jeung jeachalis
554 2826 2783 3264 besch. d d Erfeh
630 3174 3257 3564 ursent tat. dep. all
575 3405 3242 3868 am 2 Welt den Breiten
3803 188 5077 463 1.  5 1 10.
6503 134 6673 438 2
5519 192 6105 474 he is a
6630 387 6839 767 be
3876 420 6622 963 no dap en te jertes der gel
3821 774 6420 1078 hereucht, wie es eher daß
3829 1046 6666 1328 bets kumb en hav ist.
3789 1274 6532 1585 Uhr was ich wir diesen Kauf
4976 1498 6213 1668 est es où l.. est
3821 1523 6622 1914 ull. Elx. das
3868 1806 6622 2124 -wilon Mr juris we
3847 1990 6604 2349 bleibt stor f. - to hap.
3825 2258 6499 2750 Je hen hend efchre in
3843 2584 6456 2989 dass es e Jehtim Heil
3818 2906 6438 3279 war. priet. Wie einen
3764 3112 6336 3597 de selve ich zu be¬
3861 3517 6412 3963 all aldu or Regt.
