7112 4344
3776 220 6723 554 11 Coe weit, so wohlbeben - 64
1035 275 3340 539 nulleicht mehr des Erst
3769 484 6639 833 blad to een de fils on ous
2903 587 3336 716 Von
1086 514 2822 892 in toal vidt.
3850 738 6621 1105 vielff...  Rill   Euer
1996 719 2602 877 men.
1046 697 3376 1156 it do best. A. toller
3842 910 6621 1354 zugesch en Heure nicht sein. So
1090 954 3296 1336 ne ist 1gl. hem das
3795 1218 6562 1560 coll uit einbringen. Ich wie im
995 1196 3384 1688 geht ja jet cnbt -
3784 1508 6709 1780 auch umbringen.. Es ist xxx
1072 1494 3365 1857 Mit mir für Freil. -
3850 1743 6437 2030 Fo erthein... Eintem.
1009 1714 3314 2070 k- to I.- t- beile M.
3857 1908 6628 2283 I had deese Lebe be
1079 1938 3486 2312 ich darauf. 2) Ist nur gelt ich
1229 2165 3365 2510 auf in d. B. stehr da is
6210 2261 6555 2441 wil
3868 2195 6022 2554 ront  - faul Ose.
1152 2419 3413 2767 a best I) ihr Schalen uit
3949 2518 6338 2892 ne    ces will de de foncier
1097 2705 3501 3053 inweyle. Ich zweit d. Erstel
3868 2789 6569 3138 une Rev... Oh me selve
1857 2892 3479 3090 I shall not be bonate in the
1127 3013 3292 3292 vor wen i.
3934 2973 6279 3531 arregul jeuille lune
1101 3285 3307 3560 f.m with us.
3850 3314 6283 3688 lui when tell. i a just-
1094 3523 3468 3879 Twee d Ullimt delle
3865 3578 6334 3883 wis corzell... An school +c
