6904 4344
657 448 3186 930 in de Recluertrücke... he
558 904 3080 1200 est rechenf qu'il meint, en
528 1135 3175 1466 no mnme, with ei in t
482 1371 2863 1663 Witt d Arblick... 1
543 1603 2958 1929 voulei scheut wil her. I
589 1834 3038 2187 est-il euw de seulle fror
482 2123 2943 2468 sident at wnt her - aben
547 2423 3144 2749 int ouhe freend nicht.... Er
505 2704 2875 3080 todetin at bemelwijn
516 2897 3008 3296 ab wicht eine Dirne. 21,
611 3152 2996 3543 hebt by vereitnet. K
672 3505 2632 3858 & servt.. Sie haben.
801 3752 3144 4128 verleibsel. Oint de Sep
3665 376 6376 767 Ihr bost j. jertst. de unpr
3638 649 6327 1006 es je gedrttales, de keux
3653 908 6456 1367 je lis heure de deux
3619 1192 6562 1618 and H. J. Friday, de best
3577 1466 6418 1918 du Tark.
3608 1827 6554 2115 wirkliche Sache will. I mit
3558 2104 6611 2476 halle nicht telgehenen und selbe
3589 2373 6137 2761 beereine müße. Aber
5392 2605 6190 2863 Tischill
3661 2700 5954 3019 som bequi und wohl:
3680 2996 6163 3368 Pap?... hier in n'en
3630 3270 6179 3611 -tulide frill had in
3539 3577 6517 4037 trouitt was in for delt p spazen
