3902 3705
483 1011 1669 1141 licht - und damit die von der
480 1148 1637 1290 Anklage angenommene Verlesung et
503 1288 1675 1427 Namtsahre begangen war. Diese ich
519 1425 1633 1576 mich entschuldigen würde.
498 1585 1609 1702 meine Umalt geschrieben zu haben.
501 1710 1681 1851 durft wohl von keinem Seite woraus
491 1869 1668 2008 gesetzt worden, und hatt ich mich
507 2033 1665 2157 dazu zerstanden, so wäre meinen
504 2175 1655 2352 Empfertung nach dem - die einzige
1351 2267 1600 2376 jenigen
513 2327 1674 2471 weitliche Verhäng der Standesehre
527 2465 1652 2622 gelegen, die ich überhaupt eines
1014 2568 1339 2650 viel zu thun
513 2623 1643 2765 könne. Das zu sagen, was man
1767 932 2884 1111 für richtig hält. - Was die zweite
1762 1097 2894 1225 Onschuldig anbelangt, ich hätte jegen
1780 1183 2927 1367 die persönliche Begriffe der Feichs¬
1779 1354 2938 1479 mehr Seine Schritte unternommen:
1767 1472 2948 1643 so theile ich Ihnen wil daß ich ver¬
1794 1576 2900 1767 diesen Theil der Anklage erst
1798 1711 2935 1869 - aus dem Martlaut der Urtheils
1788 1866 2926 2020 kenntnis erhielt. Was darüber
1792 1988 2935 2194 zu sagen ist - mögen Sie in Ihrem
1774 2145 2984 2331 eigenen Calitel nachsehen. Ich brauche
1773 2321 2969 2473 Sie wohl nicht zu gesuchen, dass die
1783 2450 2977 2643 Kränkung, die mir durch die Emmen¬
