<?xml version="1.0" encoding="UTF-8" standalone="yes"?>
<PcGts xmlns="http://schema.primaresearch.org/PAGE/gts/pagecontent/2013-07-15" xmlns:xsi="http://www.w3.org/2001/XMLSchema-instance" xsi:schemaLocation="http://schema.primaresearch.org/PAGE/gts/pagecontent/2013-07-15 http://schema.primaresearch.org/PAGE/gts/pagecontent/2013-07-15/pagecontent.xsd">
    <Metadata>
        <Creator>prov=READ-COOP:name=TrHtr:version=2.1.0:model_id=51170:date=26_07_2023_10:33</Creator>
        <Created>2023-05-02T08:16:44.370+02:00</Created>
        <LastChange>2023-07-26T10:33:13.495+02:00</LastChange>
        <TranskribusMetadata docId="1416745" pageId="54953593" pageNr="9" tsid="130930246" status="IN_PROGRESS" userId="64420" imgUrl="https://files.transkribus.eu/Get?id=VRKLTSIPOWDFXIFPNAXKAQWY&amp;fileType=view" xmlUrl="https://files.transkribus.eu/Get?id=TRZMNSGOQTVIMDFPVIMXMSFS" imageId="44457318"/>
    </Metadata>
    <Page imageFilename="1416745_0009.jpg" imageWidth="3861" imageHeight="3767">
        <ReadingOrder>
            <OrderedGroup id="ro_1711825892956" caption="Regions reading order">
                <RegionRefIndexed index="0" regionRef="tr_1"/>
            </OrderedGroup>
        </ReadingOrder>
        <TextRegion id="tr_1" custom="readingOrder {index:0;}">
            <Coords points="531,1075 2934,1075 2934,2800 531,2800"/>
            <TextLine id="tr_1_tl_1" custom="readingOrder {index:0;}">
                <Coords points="1801,1172 1872,1199 1985,1145 2110,1199 2199,1148 2332,1154 2436,1208 2694,1142 2867,1178 2911,1163 2914,1050 2816,1027 2635,1077 2540,1036 2365,1080 2098,1050 2036,1083 1804,1050"/>
                <Baseline points="1817,1137 1844,1140 1889,1143 1934,1140 1979,1140 2023,1140 2068,1143 2113,1143 2158,1143 2202,1140 2247,1140 2292,1140 2337,1140 2381,1140 2426,1137 2471,1137 2516,1131 2561,1131 2605,1131 2650,1131 2695,1128 2740,1128 2784,1125 2829,1125 2874,1125 2919,1125"/>
                <TextEquiv>
                    <Unicode>ist unbegründet; ich weiss ganz</Unicode>
                </TextEquiv>
            </TextLine>
            <TextLine id="tr_1_tl_2" custom="readingOrder {index:1;}">
                <Coords points="540,1205 813,1187 923,1237 985,1199 1436,1217 1567,1154 1712,1187 1718,1071 1424,1071 1326,1030 1246,1077 1122,1033 911,1098 546,1065"/>
                <Baseline points="558,1182 602,1185 647,1185 692,1182 737,1179 782,1179 826,1176 871,1170 916,1167 961,1164 1005,1161 1050,1158 1095,1155 1140,1152 1185,1152 1229,1152 1274,1149 1319,1149 1364,1146 1408,1146 1453,1146 1498,1143 1543,1143 1587,1143 1632,1143 1677,1146 1722,1149"/>
                <TextEquiv>
                    <Unicode>tionen der feindlichen Presse meine</Unicode>
                </TextEquiv>
            </TextLine>
            <TextLine id="tr_1_tl_3" custom="readingOrder {index:2;}">
                <Coords points="513,1356 2733,1309 2896,1285 2899,1169 685,1264 516,1202"/>
                <Baseline points="531,1328 558,1325 602,1322 647,1322 692,1322 737,1319 782,1313 826,1310 871,1307 916,1304 961,1304 1005,1298 1050,1298 1095,1295 1140,1292 1185,1289 1229,1289 1274,1286 1319,1283 1364,1283 1408,1280 1453,1280 1498,1280 1543,1280 1587,1280 1632,1280 1677,1283 1722,1283 1740,1283 1784,1277 1829,1280 1874,1280 1919,1280 1964,1280 2008,1280 2053,1280 2098,1277 2143,1277 2187,1274 2232,1274 2277,1274 2322,1271 2367,1271 2411,1271 2456,1268 2501,1265 2546,1265 2590,1262 2635,1259 2680,1259 2725,1256 2770,1256 2814,1250 2859,1247 2904,1244"/>
                <TextEquiv>
                    <Unicode>sacht mochte sind, eben eben so gut, welchen Leuten ich die Ehre</Unicode>
                </TextEquiv>
            </TextLine>
            <TextLine id="tr_1_tl_4" custom="readingOrder {index:3;}">
                <Coords points="552,1507 2876,1410 2407,1294 1555,1383 1237,1318 923,1413 558,1350"/>
                <Baseline points="570,1474 599,1474 644,1471 689,1471 734,1468 779,1462 823,1459 868,1456 913,1453 958,1453 1002,1447 1047,1447 1092,1444 1137,1444 1182,1441 1226,1435 1271,1432 1316,1426 1361,1420 1405,1414 1450,1411 1495,1411 1540,1411 1585,1411 1629,1417 1674,1417 1719,1423 1764,1426 1808,1429 1853,1426 1898,1423 1943,1423 1987,1420 2032,1420 2077,1417 2122,1414 2167,1414 2211,1414 2256,1414 2301,1411 2346,1408 2390,1408 2435,1405 2480,1402 2525,1402 2570,1402 2614,1399 2659,1396 2704,1399 2749,1396 2793,1393 2838,1390 2883,1393"/>
                <TextEquiv>
                    <Unicode>sich gehen - wie die Freude, die weisen darf, sie zuerst zu</Unicode>
                </TextEquiv>
            </TextLine>
            <TextLine id="tr_1_tl_5" custom="readingOrder {index:4;}">
                <Coords points="552,1641 881,1611 944,1656 1024,1602 1374,1614 1472,1564 1929,1602 2128,1549 2131,1496 1463,1469 1338,1534 1012,1481 849,1576 706,1582 558,1519"/>
                <Baseline points="567,1617 611,1617 656,1617 701,1617 746,1614 791,1608 835,1602 880,1599 925,1599 970,1593 1014,1590 1059,1590 1104,1587 1149,1587 1193,1585 1238,1582 1283,1579 1328,1573 1373,1567 1417,1564 1462,1561 1507,1558 1552,1558 1596,1561 1641,1561 1686,1561 1731,1564 1776,1561 1820,1561 1865,1561 1910,1561 1955,1558 1999,1555 2044,1549 2089,1549 2134,1552"/>
                <TextEquiv>
                    <Unicode>um ein Theil der zu stimmenk grüßen.</Unicode>
                </TextEquiv>
            </TextLine>
            <TextLine id="tr_1_tl_6" custom="readingOrder {index:5;}">
                <Coords points="1867,1697 2039,1724 2146,1694 2240,1739 2513,1691 2662,1721 2831,1671 2920,1703 2923,1597 2822,1576 2552,1620 2306,1546 2151,1623 2012,1579 1947,1620 1870,1608"/>
                <Baseline points="1883,1692 1898,1692 1943,1692 1987,1686 2032,1686 2077,1686 2122,1686 2167,1686 2211,1686 2256,1686 2301,1680 2346,1677 2390,1680 2435,1677 2480,1677 2525,1674 2570,1674 2614,1674 2659,1668 2704,1668 2749,1668 2793,1668 2838,1668 2883,1665 2928,1665"/>
                <TextEquiv>
                    <Unicode>Ueber Sie, gerehrtesten Herren</Unicode>
                </TextEquiv>
            </TextLine>
            <TextLine id="tr_1_tl_7" custom="readingOrder {index:6;}">
                <Coords points="564,1813 632,1795 680,1837 807,1769 1071,1786 1347,1730 1653,1792 1766,1760 1769,1647 1341,1602 1232,1644 1050,1614 861,1700 570,1671"/>
                <Baseline points="579,1761 608,1761 653,1761 698,1758 743,1752 788,1746 832,1743 877,1743 922,1737 967,1734 1011,1734 1056,1734 1101,1734 1146,1731 1190,1728 1235,1728 1280,1728 1325,1725 1370,1722 1414,1722 1459,1719 1504,1716 1549,1713 1593,1713 1638,1710 1683,1710 1728,1710 1773,1716"/>
                <TextEquiv>
                    <Unicode>Præstkundgebungen bereitet hat. Ich</Unicode>
                </TextEquiv>
            </TextLine>
            <TextLine id="tr_1_tl_8" custom="readingOrder {index:7;}">
                <Coords points="1727,1872 2018,1917 2329,1849 2867,1822 2896,1852 2923,1742 2840,1721 2605,1780 2457,1736 2249,1786 2062,1733 1730,1795"/>
                <Baseline points="1743,1853 1764,1853 1808,1853 1853,1847 1898,1844 1943,1841 1987,1835 2032,1838 2077,1832 2122,1832 2167,1832 2211,1832 2256,1829 2301,1826 2346,1826 2390,1823 2435,1820 2480,1820 2525,1817 2570,1817 2614,1817 2659,1817 2704,1814 2749,1817 2793,1814 2838,1808 2883,1805 2928,1802"/>
                <TextEquiv>
                    <Unicode>selbst nahmen wieder dank</Unicode>
                </TextEquiv>
            </TextLine>
            <TextLine id="tr_1_tl_9" custom="readingOrder {index:8;}">
                <Coords points="564,1923 1080,1878 1347,1967 1561,1890 1674,1911 1680,1795 1537,1754 1297,1807 1220,1778 1116,1831 947,1783 804,1843 567,1810"/>
                <Baseline points="579,1898 608,1898 653,1895 698,1892 743,1892 788,1889 832,1886 877,1883 922,1883 967,1880 1011,1877 1056,1874 1101,1874 1146,1871 1190,1871 1235,1871 1280,1868 1325,1868 1370,1865 1414,1862 1459,1862 1504,1859 1549,1859 1593,1856 1638,1856 1683,1859"/>
                <TextEquiv>
                    <Unicode>weiss in Einleicht auf die Ihnen</Unicode>
                </TextEquiv>
            </TextLine>
            <TextLine id="tr_1_tl_10" custom="readingOrder {index:9;}">
                <Coords points="570,2062 2006,2065 2694,1970 2864,2039 2867,1914 2273,1864 1905,1976 573,2000"/>
                <Baseline points="585,2041 591,2041 635,2044 680,2044 725,2041 770,2041 814,2038 859,2038 904,2035 949,2035 993,2032 1038,2029 1083,2023 1128,2020 1173,2017 1217,2017 1262,2014 1307,2014 1352,2014 1396,2011 1441,2011 1486,2008 1531,2008 1576,2008 1620,2008 1665,2005 1710,2005 1755,2005 1799,2008 1844,2008 1889,2008 1934,2008 1979,2008 2023,2005 2068,2002 2113,1996 2158,1993 2202,1993 2247,1990 2292,1990 2337,1987 2381,1984 2426,1979 2471,1979 2516,1970 2561,1970 2605,1967 2650,1967 2695,1964 2740,1967 2784,1964 2829,1964 2874,1967"/>
                <TextEquiv>
                    <Unicode>uns auf die andere, war ich nie und die Versicherung meiner</Unicode>
                </TextEquiv>
            </TextLine>
            <TextLine id="tr_1_tl_11" custom="readingOrder {index:10;}">
                <Coords points="573,2214 1739,2163 2077,2235 2926,2178 2929,2083 2125,2030 1801,2146 1525,2056 1398,2134 576,2113"/>
                <Baseline points="591,2179 605,2181 650,2184 695,2181 740,2181 785,2179 829,2179 874,2176 919,2173 964,2173 1008,2173 1053,2170 1098,2167 1143,2164 1188,2164 1232,2161 1277,2161 1322,2161 1367,2161 1411,2158 1456,2158 1501,2158 1546,2158 1590,2158 1635,2158 1680,2158 1725,2164 1770,2164 1814,2167 1859,2167 1904,2167 1949,2167 1993,2164 2038,2161 2083,2158 2128,2158 2173,2152 2217,2149 2262,2149 2307,2143 2352,2140 2396,2140 2441,2137 2486,2134 2531,2134 2576,2131 2620,2128 2665,2128 2710,2128 2755,2134 2799,2134 2844,2140 2889,2143 2934,2143"/>
                <TextEquiv>
                    <Unicode>ihrer Sachlichkeit von Ungac- unterilig, Anfechtung entgegen,</Unicode>
                </TextEquiv>
            </TextLine>
            <TextLine id="tr_1_tl_12" custom="readingOrder {index:11;}">
                <Coords points="1962,2356 2146,2309 2202,2335 2321,2291 2472,2297 2478,2229 2419,2240 2356,2214 2199,2264 2083,2235 2030,2252 1973,2243"/>
                <Baseline points="1982,2328 1987,2331 2032,2325 2077,2319 2122,2313 2167,2304 2211,2298 2256,2295 2301,2292 2346,2286 2390,2286 2435,2280 2480,2280"/>
                <TextEquiv>
                    <Unicode>Ihr einzelne</Unicode>
                </TextEquiv>
            </TextLine>
            <TextLine id="tr_1_tl_13" custom="readingOrder {index:12;}">
                <Coords points="540,2389 760,2356 864,2386 973,2335 1128,2365 1202,2318 1368,2356 1487,2306 1579,2341 1585,2223 1365,2282 1270,2237 688,2288 546,2237"/>
                <Baseline points="555,2343 599,2349 644,2349 689,2346 734,2343 779,2337 823,2334 868,2328 913,2325 958,2325 1002,2325 1047,2322 1092,2319 1137,2319 1182,2316 1226,2313 1271,2310 1316,2307 1361,2307 1405,2307 1450,2304 1495,2301 1540,2298 1585,2301"/>
                <TextEquiv>
                    <Unicode>beiliefkeit zu halten habe.</Unicode>
                </TextEquiv>
            </TextLine>
            <TextLine id="tr_1_tl_14" custom="readingOrder {index:13;}">
                <Coords points="2107,2472 2205,2496 2300,2478 2445,2519 2549,2469 2769,2573 2876,2558 2878,2392 2665,2368 2600,2327 2448,2371 2294,2300 2110,2380"/>
                <Baseline points="2122,2468 2167,2462 2211,2459 2256,2453 2301,2450 2346,2447 2390,2441 2435,2441 2480,2438 2525,2435 2570,2435 2614,2435 2659,2435 2704,2435 2749,2447 2793,2459 2838,2468 2883,2477"/>
                <TextEquiv>
                    <Unicode>Artbai Schädzler</Unicode>
                </TextEquiv>
            </TextLine>
            <TextLine id="tr_1_tl_15" custom="readingOrder {index:14;}">
                <Coords points="573,2540 668,2546 733,2499 801,2555 872,2525 953,2558 1113,2475 1279,2469 1365,2519 1522,2457 1680,2466 1683,2398 579,2410"/>
                <Baseline points="591,2531 617,2522 656,2498 701,2492 746,2486 791,2483 835,2477 880,2474 925,2471 970,2474 1014,2471 1059,2471 1104,2471 1149,2468 1193,2465 1238,2462 1283,2462 1328,2462 1373,2459 1417,2459 1462,2456 1507,2456 1552,2456 1596,2453 1641,2453 1686,2456"/>
                <TextEquiv>
                    <Unicode>Ihre Gesuchung, daß es jetzt am</Unicode>
                </TextEquiv>
            </TextLine>
            <TextLine id="tr_1_tl_16" custom="readingOrder {index:15;}">
                <Coords points="1822,2641 1959,2668 2048,2617 2110,2620 2169,2656 2324,2597 2424,2611 2433,2499 2261,2505 2184,2558 2143,2528 2074,2555 2056,2537 1828,2540"/>
                <Baseline points="1838,2626 1853,2626 1898,2623 1943,2620 1987,2617 2032,2617 2077,2611 2122,2611 2167,2608 2211,2602 2256,2599 2301,2593 2346,2587 2390,2584 2435,2578"/>
                <TextEquiv>
                    <Unicode>Mein 10.10.201</Unicode>
                </TextEquiv>
            </TextLine>
            <TextLine id="tr_1_tl_17" custom="readingOrder {index:16;}">
                <Coords points="582,2703 709,2709 822,2632 1015,2668 1249,2608 1671,2626 1754,2608 1757,2564 1588,2519 1350,2573 1249,2513 1050,2567 869,2528 585,2576"/>
                <Baseline points="602,2641 638,2638 683,2635 728,2629 773,2626 817,2620 862,2617 907,2614 952,2611 996,2608 1041,2605 1086,2605 1131,2602 1176,2599 1220,2599 1265,2596 1310,2596 1355,2596 1399,2596 1444,2593 1489,2596 1534,2593 1579,2593 1623,2593 1668,2596 1713,2596 1758,2599"/>
                <TextEquiv>
                    <Unicode>(nach Leute geben könnte, die mir</Unicode>
                </TextEquiv>
            </TextLine>
            <TextLine id="tr_1_tl_18" custom="readingOrder {index:17;}">
                <Coords points="534,2843 878,2786 920,2825 1104,2789 1683,2804 1686,2712 1564,2686 1469,2730 1306,2680 1178,2709 956,2671 849,2742 540,2700"/>
                <Baseline points="552,2790 570,2787 614,2781 659,2781 704,2778 749,2778 793,2775 838,2773 883,2770 928,2767 973,2767 1017,2764 1062,2761 1107,2761 1152,2758 1196,2758 1241,2758 1286,2758 1331,2758 1376,2758 1420,2758 1465,2758 1510,2758 1555,2755 1599,2758 1644,2758 1689,2755"/>
                <TextEquiv>
                    <Unicode>meinen Glichs nicht erweiten,</Unicode>
                </TextEquiv>
            </TextLine>
        </TextRegion>
    </Page>
</PcGts>
