3902 3705
574 979 1716 1153 Sie wird ich bin ich. Heugegen mehr
596 1138 1705 1261 ich, was Sie vielleicht vorraschen
568 1250 1675 1447 wird, den Ehrenrath, der mit
593 1378 1758 1539 schuld gesprochen, in Schutz nehmen.
599 1529 1691 1679 In den Urtheil heißt es klar wird
586 1651 1748 1807 dentlich, daß ich die Standes ehr
577 1806 1767 1950 verletzt, indem ich doch
586 1916 1721 2052 meine Urselle der Ansehe noch
595 2079 1794 2235 die Ehre der Oesterreichisch-ungarische
596 2202 1758 2371 Armee geschächst und herabge¬
602 2351 1697 2509 setzt habe. Hatten die Herren
624 2499 1761 2642 gehände, daß ich die Raubsehre
1807 957 2935 1088 dadurch vordetzt habe, daß ich noch
1795 1080 2877 1247 persönlich vor I ihnen erschienen
1795 1216 2944 1375 bin, so hätte sie das selbst
1818 1359 2938 1499 verständlich erwähnt, und es
1800 1508 2983 1658 geht kann an, ihnen zu zumuthen,
1813 1643 2917 1794 dass sie durch mein gesönliches
1831 1781 2952 1967 Erscheinen bestimmet meriter wären,
1807 1909 2944 2050 ein anderes Urtheil zu halten als
1842 2056 2941 2213 sie nach dem Stücken meine
1843 2180 2967 2342 Novelle zu älte für richtig fiel.
1797 2321 2953 2479 ten, da ja diese Marielle um
1807 2481 2998 2631 einmal geschrieben und veröffenti¬
