3902 3705
2070 919 2216 1009 5469
2086 998 2172 1092 20
2201 1012 2368 1110 1263er
1292 1098 2190 1289 Sehr geehrter Herr von Sosenosky,
1213 1262 2299 1426 ich denke Ihnen verhindlichst für die
1220 1408 2295 1581 Übersenden Ihrer Calikat über den
1205 1514 2362 1700 Lieutenant Zustl. das literari¬
1196 1676 2374 1840 sche Leben wäre wahrlich eine enge¬
1208 1815 2380 2000 erhen und reinliche Sache, wenn
1232 1947 2385 2135 man mir mit so gornehmen Gegnern
1225 2128 2381 2287 zu thun hätte wir Sie einer sind.
1219 2284 2345 2402 Über die Unverlde selbst malte mir
1205 2414 2403 2540 nicht mehr reiten; hier ist eine Ver¬
1229 2572 2405 2756 ständigung unmerlich – dem Sie sel
