<?xml version="1.0" encoding="UTF-8" standalone="yes"?>
<PcGts xmlns="http://schema.primaresearch.org/PAGE/gts/pagecontent/2013-07-15" xmlns:xsi="http://www.w3.org/2001/XMLSchema-instance" xsi:schemaLocation="http://schema.primaresearch.org/PAGE/gts/pagecontent/2013-07-15 http://schema.primaresearch.org/PAGE/gts/pagecontent/2013-07-15/pagecontent.xsd">
    <Metadata>
        <Creator>prov=READ-COOP:name=TrHtr:version=2.1.0:model_id=51170:date=01_08_2023_06:41</Creator>
        <Created>2023-05-10T11:30:06.815+02:00</Created>
        <LastChange>2023-08-01T06:41:44.537+02:00</LastChange>
        <TranskribusMetadata docId="1428157" pageId="55387767" pageNr="20" tsid="131652514" status="IN_PROGRESS" userId="64420" imgUrl="https://files.transkribus.eu/Get?id=GALZAARTWFSAETGHFGXHMCNN&amp;fileType=view" xmlUrl="https://files.transkribus.eu/Get?id=FHIDQNISHOLPGLWMWWBLWRLX" imageId="44662662"/>
    </Metadata>
    <Page imageFilename="1428157_0020.jpg" imageWidth="6782" imageHeight="4312">
        <ReadingOrder>
            <OrderedGroup id="ro_1711819715877" caption="Regions reading order">
                <RegionRefIndexed index="0" regionRef="tr_2"/>
                <RegionRefIndexed index="1" regionRef="tr_1"/>
            </OrderedGroup>
        </ReadingOrder>
        <TextRegion id="tr_2" custom="readingOrder {index:0;}">
            <Coords points="173,212 1033,212 1033,290 173,290"/>
            <TextLine id="tr_2_tl_1" custom="readingOrder {index:0;}">
                <Coords points="151,303 220,310 267,288 361,321 404,310 462,350 573,307 617,343 736,314 786,328 786,231 754,224 599,234 548,198 426,188 151,227"/>
                <Baseline points="173,262 262,262 352,268 400,268 465,274 525,274 615,268 704,268 794,268"/>
                <TextEquiv>
                    <Unicode>auch die wäre wiederholt erwärtigen</Unicode>
                </TextEquiv>
            </TextLine>
            <TextLine id="tr_2_tl_2" custom="readingOrder {index:1;}">
                <Coords points="797,325 833,321 851,339 876,339 894,325 909,328 930,307 959,328 988,310 1006,325 1028,321 1024,169 941,177 912,166 855,227 793,227"/>
                <Baseline points="818,274 907,274 997,280 1033,280"/>
                <TextEquiv>
                    <Unicode>roate</Unicode>
                </TextEquiv>
            </TextLine>
        </TextRegion>
        <TextRegion id="tr_1" custom="readingOrder {index:1;}">
            <Coords points="3350,535 6288,535 6288,4059 3350,4059"/>
            <TextLine id="tr_1_tl_1" custom="readingOrder {index:0;}">
                <Coords points="3332,660 4447,718 5658,595 6149,678 6156,332 5301,559 4890,487 4620,581 4241,404 3336,462"/>
                <Baseline points="3356,621 3380,621 3469,621 3559,627 3649,627 3738,627 3828,633 3917,639 4007,633 4096,627 4186,627 4276,633 4365,633 4455,633 4544,633 4634,639 4724,633 4813,633 4903,633 4992,627 5082,621 5172,621 5261,615 5351,609 5440,609 5530,603 5619,597 5709,591 5799,585 5888,597 5978,609 6067,591 6163,592"/>
                <TextEquiv>
                    <Unicode>a there. Ouf man, der overlung so sehr</Unicode>
                </TextEquiv>
            </TextLine>
            <TextLine id="tr_1_tl_2" custom="readingOrder {index:1;}">
                <Coords points="4955,765 5135,775 5193,833 5294,801 5312,826 5362,786 5424,826 5554,761 5673,811 5763,790 5784,588 5683,627 5637,595 5381,602 5272,660 5063,624 4966,653"/>
                <Baseline points="4974,764 5064,758 5154,746 5243,740 5333,734 5422,734 5512,728 5602,722 5691,680 5781,668"/>
                <TextEquiv>
                    <Unicode>naismits</Unicode>
                </TextEquiv>
            </TextLine>
            <TextLine id="tr_1_tl_3" custom="readingOrder {index:2;}">
                <Coords points="3379,981 4237,1057 5070,938 5283,1024 5766,847 6123,862 6127,678 5215,840 4912,725 4385,761 4241,649 3981,761 3386,739"/>
                <Baseline points="3398,901 3446,901 3535,901 3625,901 3714,895 3804,895 3893,889 3983,889 4073,889 4162,895 4252,895 4341,889 4431,889 4521,883 4610,883 4700,883 4789,883 4879,877 4968,877 5058,877 5148,871 5237,865 5327,860 5416,860 5506,860 5596,854 5685,848 5775,836 5864,830 5954,824 6043,824 6133,824"/>
                <TextEquiv>
                    <Unicode>sviel zu thun. Zeit sei ja ja den</Unicode>
                </TextEquiv>
            </TextLine>
            <TextLine id="tr_1_tl_4" custom="readingOrder {index:3;}">
                <Coords points="3336,1172 3686,1230 3877,1179 3999,1255 4302,1291 4468,1186 4775,1158 4778,945 4627,930 4241,1053 4046,1013 3913,1082 3805,988 3339,995"/>
                <Baseline points="3356,1164 3440,1164 3529,1152 3619,1152 3708,1146 3798,1146 3887,1152 3977,1152 4067,1152 4156,1152 4246,1152 4335,1146 4425,1146 4515,1146 4604,1146 4694,1140 4783,1134"/>
                <TextEquiv>
                    <Unicode>Stunden zu geben!</Unicode>
                </TextEquiv>
            </TextLine>
            <TextLine id="tr_1_tl_5" custom="readingOrder {index:4;}">
                <Coords points="3375,1525 5038,1399 5579,1540 5918,1417 6159,1507 6199,1165 5197,1118 4176,1309 3862,1201 3386,1233"/>
                <Baseline points="3398,1403 3428,1397 3517,1391 3607,1391 3696,1385 3786,1379 3876,1379 3965,1367 4055,1367 4144,1361 4234,1361 4323,1355 4413,1349 4503,1349 4592,1343 4682,1343 4771,1343 4861,1337 4951,1337 5040,1337 5130,1337 5219,1325 5309,1325 5398,1325 5488,1319 5578,1313 5667,1307 5757,1301 5846,1290 5936,1284 6026,1284 6115,1278 6205,1272"/>
                <TextEquiv>
                    <Unicode>Wandel. Das ist wirklich schwerlich. Sieh</Unicode>
                </TextEquiv>
            </TextLine>
            <TextLine id="tr_1_tl_6" custom="readingOrder {index:5;}">
                <Coords points="3390,1724 3498,1691 3718,1789 4374,1652 4594,1756 4832,1655 5031,1677 5034,1533 4739,1428 4284,1562 4122,1500 4014,1554 3815,1453 3397,1511"/>
                <Baseline points="3410,1654 3428,1648 3517,1636 3607,1642 3696,1642 3786,1636 3876,1630 3965,1630 4055,1612 4144,1612 4234,1606 4323,1606 4413,1606 4503,1606 4592,1600 4682,1594 4771,1588 4861,1588 4951,1582 5040,1582"/>
                <TextEquiv>
                    <Unicode>s. plage zu müssen.</Unicode>
                </TextEquiv>
            </TextLine>
            <TextLine id="tr_1_tl_7" custom="readingOrder {index:6;}">
                <Coords points="3361,1973 3595,2034 3970,1955 4122,2063 4735,1933 4822,1991 5121,1843 5445,1904 5453,1630 4825,1655 4602,1756 4367,1655 3823,1803 3368,1706"/>
                <Baseline points="3386,1875 3398,1869 3487,1869 3577,1875 3666,1875 3756,1875 3846,1875 3935,1869 4025,1869 4114,1863 4204,1857 4294,1857 4383,1857 4473,1863 4562,1857 4652,1851 4742,1851 4831,1845 4921,1839 5010,1833 5100,1827 5189,1821 5279,1815 5369,1803 5458,1791"/>
                <TextEquiv>
                    <Unicode>Fannung. Ich glag mit einer</Unicode>
                </TextEquiv>
            </TextLine>
            <TextLine id="tr_1_tl_8" custom="readingOrder {index:7;}">
                <Coords points="3329,2149 4627,2214 5381,2066 5954,2117 6156,1987 5824,1857 4706,1940 4501,2074 4364,1973 4162,2084 3336,1951"/>
                <Baseline points="3350,2144 3386,2144 3475,2144 3565,2144 3655,2150 3744,2150 3834,2144 3923,2144 4013,2138 4102,2144 4192,2138 4282,2132 4371,2132 4461,2126 4550,2120 4640,2120 4730,2102 4819,2096 4909,2090 4998,2084 5088,2078 5177,2072 5267,2066 5357,2066 5446,2060 5536,2060 5625,2054 5715,2042 5805,2042 5894,2036 5984,2036 6073,2036 6163,2030"/>
                <TextEquiv>
                    <Unicode>wandel.. Nun ja; aber die gibt er</Unicode>
                </TextEquiv>
            </TextLine>
            <TextLine id="tr_1_tl_9" custom="readingOrder {index:8;}">
                <Coords points="5683,2333 5745,2358 5784,2340 5795,2351 5835,2355 5860,2333 5885,2337 5885,2102 5849,2102 5820,2131 5795,2113 5752,2131 5730,2120 5683,2128"/>
                <Baseline points="5703,2299 5793,2299 5882,2299 5894,2299"/>
                <TextEquiv>
                    <Unicode>—</Unicode>
                </TextEquiv>
            </TextLine>
            <TextLine id="tr_1_tl_10" custom="readingOrder {index:9;}">
                <Coords points="3383,2604 4778,2384 5020,2496 5312,2431 5528,2510 5554,2131 5132,2120 4818,2322 4472,2348 4317,2272 4097,2333 3750,2229 3401,2326"/>
                <Baseline points="3410,2466 3487,2460 3577,2448 3666,2442 3756,2436 3846,2442 3935,2436 4025,2430 4114,2430 4204,2418 4294,2412 4383,2406 4473,2394 4562,2388 4652,2388 4742,2382 4831,2371 4921,2359 5010,2347 5100,2341 5189,2341 5279,2341 5369,2341 5458,2335 5548,2329"/>
                <TextEquiv>
                    <Unicode>doch wenigstens im Erfolg</Unicode>
                </TextEquiv>
            </TextLine>
            <TextLine id="tr_1_tl_11" custom="readingOrder {index:10;}">
                <Coords points="3375,2863 4259,2683 5099,2770 5427,2633 6224,2773 6282,2474 6058,2420 5579,2560 5135,2459 4879,2575 4032,2499 3844,2625 3386,2604"/>
                <Baseline points="3404,2687 3422,2687 3511,2687 3601,2681 3690,2681 3780,2687 3870,2687 3959,2687 4049,2687 4138,2681 4228,2681 4317,2675 4407,2669 4497,2669 4586,2669 4676,2669 4765,2669 4855,2657 4945,2657 5034,2651 5124,2639 5213,2627 5303,2627 5392,2627 5482,2627 5572,2621 5661,2621 5751,2615 5840,2615 5930,2615 6020,2621 6109,2627 6199,2633 6288,2627"/>
                <TextEquiv>
                    <Unicode>Fanny. Mai tis nū miff una no shig</Unicode>
                </TextEquiv>
            </TextLine>
            <TextLine id="tr_1_tl_12" custom="readingOrder {index:11;}">
                <Coords points="3350,3101 4454,2946 5243,3123 5651,2910 5655,2762 4537,2813 4291,2726 3357,2856"/>
                <Baseline points="3374,2962 3422,2968 3511,2962 3601,2950 3690,2944 3780,2944 3870,2944 3959,2944 4049,2944 4138,2944 4228,2944 4317,2944 4407,2944 4497,2938 4586,2938 4676,2932 4765,2932 4855,2932 4945,2920 5034,2920 5124,2908 5213,2908 5303,2908 5392,2902 5482,2896 5572,2890 5661,2890"/>
                <TextEquiv>
                    <Unicode>spräche, die Sie nicht verstehen</Unicode>
                </TextEquiv>
            </TextLine>
            <TextLine id="tr_1_tl_13" custom="readingOrder {index:12;}">
                <Coords points="3437,3242 4183,3336 5427,3206 5637,3311 6127,3253 6131,3101 5586,2993 5164,3123 4800,3008 3440,3073"/>
                <Baseline points="3457,3201 3541,3201 3631,3207 3720,3207 3810,3207 3899,3201 3989,3201 4079,3201 4168,3195 4258,3207 4347,3219 4437,3219 4527,3219 4616,3213 4706,3213 4795,3207 4885,3195 4974,3183 5064,3183 5154,3183 5243,3177 5333,3177 5422,3171 5512,3165 5602,3165 5691,3153 5781,3153 5870,3153 5960,3153 6049,3159 6139,3159"/>
                <TextEquiv>
                    <Unicode>Vandel. Of, ich litt un und im</Unicode>
                </TextEquiv>
            </TextLine>
            <TextLine id="tr_1_tl_14" custom="readingOrder {index:13;}">
                <Coords points="3375,3617 3440,3639 3523,3606 3758,3686 3967,3570 4057,3646 4219,3516 4349,3523 4353,3412 4288,3433 4165,3383 3960,3242 3801,3282 3689,3228 3512,3282 3383,3264"/>
                <Baseline points="3398,3499 3487,3511 3577,3523 3666,3523 3756,3517 3846,3511 3935,3505 4025,3505 4114,3499 4204,3505 4294,3499 4353,3499"/>
                <TextEquiv>
                    <Unicode>Entschuldigen</Unicode>
                </TextEquiv>
            </TextLine>
            <TextLine id="tr_1_tl_15" custom="readingOrder {index:14;}">
                <Coords points="3419,3837 4165,3787 4479,3902 5110,3848 5218,3927 5615,3830 5608,3538 5042,3732 4472,3567 4169,3711 3967,3570 3758,3686 3412,3639"/>
                <Baseline points="3434,3774 3523,3774 3613,3774 3702,3780 3792,3774 3881,3768 3971,3774 4061,3774 4150,3786 4240,3786 4329,3792 4419,3792 4509,3798 4598,3804 4688,3810 4777,3810 4867,3810 4957,3810 5046,3822 5136,3828 5225,3822 5315,3828 5404,3828 5494,3828 5584,3822 5619,3810"/>
                <TextEquiv>
                    <Unicode>Frau there. Asselt, zu schon¬</Unicode>
                </TextEquiv>
            </TextLine>
            <TextLine id="tr_1_tl_16" custom="readingOrder {index:15;}">
                <Coords points="3520,4108 6163,4064 6257,4035 6257,3650 5215,3927 5114,3848 4479,3906 4140,3790 3520,3797"/>
                <Baseline points="3541,4037 3577,4037 3666,4037 3756,4037 3846,4043 3935,4037 4025,4037 4114,4037 4204,4037 4294,4043 4383,4043 4473,4037 4562,4037 4652,4037 4742,4037 4831,4037 4921,4043 5010,4043 5100,4049 5189,4049 5279,4043 5369,4043 5458,4043 5548,4037 5637,4031 5727,4031 5817,4025 5906,4019 5996,4025 6085,4031 6175,4031 6264,4025"/>
                <TextEquiv>
                    <Unicode>beide viel. Und ich schonlich auch</Unicode>
                </TextEquiv>
            </TextLine>
        </TextRegion>
    </Page>
</PcGts>
