6663 4360
3972 276 5299 599 dellen Auftritt.
5894 255 6148 491 13
3270 276 3639 595 14.70
3929 455 5732 821 Fanny. Frau Hern.
3789 663 5428 972 mit zunig, als nicht heftig.
3356 749 6112 1165 Tannung. Manne jetzt das die eigentlich einig
3320 1018 6152 1405 laden? – Ich mich schon sollen, wenn wie
3341 1226 6224 1585 einzelnd haben. Wenn du dich so wen
3356 1499 5639 1825 nur nicht kümmern möchtestes
4306 1595 6034 1957 mach sich im Eine zu gelassen
3348 1789 5611 2122 him then. Ich sind doch sintim¬
3356 1950 6206 2402 Tanny. Intim. - Ein Collegen ist sie.
3373 2194 6220 2553 Frau Hery. Die Fakn unten hat sich
3424 2506 4764 2925 auf sie gemachtet. -
3399 2674 6141 3133 tannig. (Sein Fenster.) da zeigt sie ein. -
3381 2907 6134 3377 Frau Herrn. das ist doch sehr schon
3391 3255 5553 3650 no ist mit der Schmuck.
3452 3560 6231 3875 Samen. Ohne die ist ein seelangete
3474 3771 5973 4001 Müdel. — W — (geht zu dem Schreibtes)
