6344 4088
3076 239 5997 759 Agathe Für die Rolle... war. nach die
3172 623 4351 961 Auf angrehen?
3135 707 5975 1164 Fanny. Nun, in erste Abt, das weit
3135 991 5172 1429 Kleid, das ich neulich¬
3135 1264 6012 1687 Agath. Nicht die Deich, wenn ich Sie
3168 1474 6086 1945 ausser nemlich unbedingt Schimmt haben
3220 1798 6097 2126 im dort Akt. Ihm das Citt
3209 1982 6174 2420 seitenfalls ich seit, auf ein zweiten
3256 2273 6214 2741 Und schon, wenn Sie mirs nicht eher
3260 2542 6192 3083 nehmen – ich sich Ihre mit Vergnüg
3341 2988 4546 3374 zu Verfügen
3323 3220 5297 3617 Fanny Ale leibe Fräulois
3319 3437 6170 3945 begatte. Sein Sie mein Zullenblatten
