6751 4296
3478 503 3966 778 Vu de
4133 485 6279 868 W, clegi fut - mot
3445 796 6043 1216 noch Zeit. - glücklich erweig
3369 1057 6206 1505 Alf. nun drei ich bess noch
3412 1350 6022 1809 mals die Stöwen zu entschuldigen.
3655 1704 6184 2102 Sich hab in kurz Zeit wieder
3344 1940 6257 2327 des Ehren.   O/ Citt hlt (da to the
5642 2157 6163 2421 crit juin
3373 2215 5985 2631 Frau Thun.  Of ich nach sein F.
3438 2577 6246 2960 Nogmüer... Ich Sie (nimmt deßen
3774 2783 6268 3293 Herr, sie sie mitgebracht sei) die
3402 3166 6195 3622 mich ich noch herrichten, Herr
3409 3503 6195 3843 wendet und wie sie für für seine
3376 3753 3923 4028 können
4418 3792 5942 4096 mit Wandel
3803 3825 4306 4205 Cents per
