6616 4264
3166 324 5837 947 Clare. Man sollen der sei tragen sein
3148 666 6040 1214 Mei eine kaum, der disließ - gericht¬
3209 1008 5969 1603 den du der Herz haben, ihr anzulägen,
4206 1335 4797 1567 Aluiter
3198 1385 5680 1859 Tenung. xxx gibt tödt,
3262 1627 5933 2169 ich nicht anlegen muß, und d
3251 1891 5947 2528 mir verzeihen wurde wenn ihr
4972 2119 6104 2439 der mit ich¬
3344 2272 4900 2803 Man sich für sich habe
3337 2432 5598 3080 Clare. Du dortest an Verbr.
3415 2667 6257 3373 Fanny Ja, gereit, an ihr. Er ist
3440 2952 6289 3654 besse, als all andere. Um freie
3433 3543 4715 3921 und edler
3494 3821 4558 4160 Clare Ab is
