3480 4168
2865 158 3089 423 1.
239 257 2894 607 forge sein. Recepitileren wird - die verflicht¬
224 474 3027 780 sich ein sehr, im Gotteswillen, das ihm doch
2151 691 3052 978 Gare 500 Rthl
1662 758 2170 1026 Gefalt
213 739 1578 1055 nicht die Erigkeit — 3
268 875 3185 1291 monatlich, außerdem 4 Mühe Arbeit, Heilfen er¬
254 1214 3214 1438 20 Kikel, monutlich 1 Tuul garantirt - alsof 800
276 1386 3177 1699 Nibel sicher - außerdem 4 Moch Urlaub.
210 1614 3067 1971 mehren welche Zeit sichoren selber an
210 1824 2677 2273 vorthe leeften Geßspiel Viebel
246 2081 2486 2357 Fede Freunde der ist eigentlich glänzend.
243 2243 3034 2674 Civideki (d. Antwil aus den Frankbeschxxchen
287 2571 1732 2891 Wir ist d Conhuret. -
313 2685 3078 3085 Zaun so, bey Sie, mich ich auf den noch
320 2990 1357 3380 seit entscheid
320 3185 3181 3571 tren there. If find the dabey if a provotholly,
2181 3519 2651 3777 let sich
331 3501 2192 3832 als wahr his man enthlles
2743 3527 3133 3806 schnee
1169 3718 1795 3979 zu ihnen.
371 3744 1125 3986 permit ers
