6526 4376
3411 370 6309 800 Das muss ich ihm lassen. Dies hild
3460 714 6380 1081 sogar, der Herr Auch dieser
3448 980 6354 1395 Fromm (Cnff) if
4563 1178 6283 1447 and. Herr Dr. deine
3497 1316 6175 1601 der Unlens, dieser, der schweibt
3407 1470 6313 1941 wirklich ich mit Cagen, ich auf
3287 1848 6298 2263 ihn. Die Gedicht, die in neulich ver¬
3467 2091 6321 2566 gelesen - zwächlich vollendet. - Tre¬
3445 2296 6362 2768 unterlich, etwas zu frei. - Untersucht
3448 2524 6466 3112 was man jetzt alle sage darf!
4297 2895 5804 3299 Künfter Auftritt
3878 3201 5344 3534 König. Clen. —
3493 3396 6373 3826 Clare. Nun, möglich um schon
3527 3688 4922 4035 ulleagen.
