6690 4216
3352 202 6319 770 ein jaar jüng tönte, die wir von Willen her 11
5160 484 6194 796 Fremundin
3374 631 4317 921 Herrn un, und
3502 700 5259 1005 in the bekendt of your
3378 759 6117 1196 voy to me. Een, umher immer
3392 965 6176 1482 wie sie Zeit haben, müsse die dabei
3458 1423 6297 1922 Frau Thüre. Ja auf ein I belast Thee.
4559 1801 6110 2307 sich gern Alt
3451 1867 4485 2256 Gath. 6/9
3458 2061 6154 2578 to Mr. Amors. Also was to
3532 2465 4771 2872 Spielen   über
4669 2545 4995 2751 jale
3572 2564 6337 3099 Tann. Durch no geh bis zwölf.
3532 2967 6337 3414 Geh Alt sehen, da kann a) einen
3601 3227 6359 3752 gangen gewiss — Als Ihm, ging h
5050 3605 6370 3921 Mollkomorge
3701 3616 4808 4005 Goll, Fauny
