6677 4312
5027 126 5714 414 o xxx
3430 336 6184 798 Ef bitt bis, daß mich lernen.. (Hollert)
3434 651 4047 1016 (geklagt)
3474 806 6217 1235 Frau Wern, die komt heut einen logi¬
3386 1127 6025 1478 das ich sehe sehe ein Besuch. - Ferein¬
4199 1331 5681 1704 Wieder Aufhitt.
3766 1556 6199 1981 Tanny. Trei Hern. Herr Handel. -
4946 1804 5367 2088 doch nicht
3393 1885 6369 2233 herr trandel. Bf, ich pön... Gut Aber an dem
3478 2129 4979 2532 Freithlg. your Mandl
3526 2410 5260 2791 Tanns. Ihr s. früh! -
3408 2635 6284 3035 sen Wandel. Ich fürchst kannst, wenn
3456 2990 6306 3371 Frau Lein. Ich verschwertigleich weiter
3515 3282 6365 3637 Ich habe die Erben gebracht, im itung
3508 3541 5944 3907 Fraulein blen ersucht. Zw.
6066 3685 6232 3807 " "
4654 3800 6339 4114 so noch nicht zu Haaf
3534 3796 4421 4070 Troule Clap
