6584 4216
3370 445 4238 711 Flar Faunes
3356 678 6275 1089 Chang. Wirft du, war es der jetzt dankst
3392 987 6245 1345 oder ist so ganzch xyz Auf Mädte
4424 1195 5396 1428 der zu meintigassen,
3392 1268 6205 1625 Die Juni natürlich, die lieb bevor Frau
3421 1512 6264 1938 di möchst nicht reden. Das ist die
3385 1818 6151 2263 ständige. Es - unterlich, wenn sich
3432 2102 5990 2441 mit der weit, die alle ist, so
3414 2372 6322 2820 so Respect hat. Sollteßung wissen
5571 2613 5954 2817 bakt
3392 2664 6318 3152 war die in Mirklichkeit p. Solle
3491 2970 6300 3349 nun wisse, war das träumt! - Z
3462 3261 6234 3680 wenn sie s zu erzählt anfängt,
3480 3564 6224 3957 durch xxx durch sehr schicke
5546 3881 6289 4074 h merck
4369 3859 5444 4150 Aber freilich,
3472 3921 3972 4154 fehlen.
