6616 4280
3335 487 5136 853 für dich bin ich die verloren.
3377 727 5540 1032 Clera. Nentes ich dem, Famisz!
3351 914 6408 1390 tanny. Af wand, laß mich in Fremby. If hauss
3370 1211 6286 1565 eine Verzeihung nicht; es mit Ih sein
3427 1394 6111 1862 wenn haben, daß ich mich trotz allen
3404 1751 6347 2128 bemühungen, die ich nun gegeben habe, nicht
3446 1999 6214 2315 im ein Hrn schlecht vorkommen, wie
3427 2300 6339 2741 alle die, welche sich ausülden, best
3484 2585 4127 2939 zu sein.
3484 2734 6359 3153 Clare. Der fest dann die Armäßt die be¬
3526 3050 5856 3472 eigentlich nicht zu sprechen! —
3446 3335 6385 3743 tannen. Ich mich nun elf schlecht vorkomm
3518 3640 6408 4040 vist auf! – Um sagt diese... Zeilige
