6648 4360
3334 350 6019 798 Dieb kommt ich so rein, s rein,
3352 652 6089 1122 wahr, so treu – wie – nein, Cla¬
3298 973 6016 1450 ichte kein verloren. Es um
3418 1137 6366 1745 doch nicht eine sein Wiede andre¬
5116 1468 6373 1789 (Febr, wie es er währe)
3338 1665 3553 1844 1814
3440 1753 6315 2084 Clara Aber, hat ich sie die war gelegt. Un¬
3443 1953 6249 2281 wirß da ja kann bleiben, und wird alle
3596 2314 3790 2507 in the
3472 2460 6063 2849 Panny... him wirft etc. ja from
3451 2777 5856 3137 bleiben.. im er wird aller gut.
3451 3043 6129 3447 Wie du es doch ersiehst, mich mit jertem
3451 3330 6271 3687 Mort zu vermeisten — „ —“
3491 3585 6282 3986 daß nichts mehr gut wird.
