6452 4452
5777 47 5972 276 6.
5613 174 6023 461 Müller
3158 156 5563 540 Henry Gut Aber, Manen, Fräulein
5526 395 6103 671 manling
3162 475 3604 707 th I¬
3209 598 6005 936 Frau Herrn H. entschulden Sie,- ich sich
3180 849 5994 1305 schlecht. Marien sehr d. dann noch
3195 1135 5233 1545 nicht angezürdet, Kind? -
3245 1458 4569 1799 Tanny (inreifl tust)
3209 1635 6125 2034 Agetke, this verbinds in susum, from them
3245 1936 6110 2314 Frau Thére. Ol ichbeck. es geht. Ein Mill
3245 2281 6136 2633 ist heute drühren! Er fängt schon wieder
3256 2575 4388 2868 an zu regnen.
5537 2571 6045 2796 Mai
3282 2712 6132 3126 Gath. G. er ist nach, j. an Novembr.
3249 3071 6056 3438 Wien, F- in there, um die Taus wurf
3282 3347 4870 3811 viel tief die leganten
3318 3637 5686 3895 Frei Thea. Er ist nicht sächs.
