6883 4168
3466 483 4126 753 tragen.
3474 618 6018 1046 Clara (ist bei ihr und zweifelt ihn die Zeug¬
3485 899 6408 1364 Tannen (die bis jetzt einunterdreh im Schon be¬
3500 1244 6442 1653 sessel gefassen, steht auf, die Haus Staad
3455 1566 6468 1881 mit der eine Hand von ihren Haaren entferren
3485 1754 6333 2181 mit den andern ausern Lehn gesteht
3523 2091 6258 2470 Nicht wahr? — Ich bin kein Mädl nach, da
3519 2338 4759 2732 man-heiratet?
3466 2552 5025 2949 Clare. Aber Fanny. -
3500 2754 6247 3163 Tannung. Oh, er etc. Ich weise es ja. — Einzig
3545 3092 6393 3455 sollen bin ich ich mich nur auf
3553 3421 5865 3740 ein aufzünden Mänsche warum
6056 3384 6528 3714 Doch
3598 3646 6449 3961 wie ich, nein nein, die hierauf man nicht
