6634 4360
5909 342 6265 706 14
3324 406 5728 774 Frau Herr die willen noch lernen?
3351 699 6265 1025 Tanny. Gesse. - Morgen früh sich in einer
3366 932 3937 1161 srobe. -
3294 1089 6273 1461 Frau Herrn. Der Gealt des außen Er ist
3268 1375 4230 1581 meinen Stück.
3298 1566 6239 1882 Tanning (hat ihm Koll vom Schreibtisch genommen, sich
3238 1807 6247 2149 sich in den Schmukelstuhl. Ich bitt dich, bei mir
3313 2081 4331 2381 sicht lernen.
3290 2288 6224 2648 Frau there. Man füllkathmeti Halschte
3373 2562 5473 2840 Allein selbst soll? ist? -
3366 2750 6224 3129 Vortrags    nach der ich kommen
3444 3028 5018 3362 Ich gebar die Albin.
3392 3178 5721 3602 Frau thun. Man ist die Albine.
3381 3550 6130 3918 Tammerg. Ein leichtsinnig Person.
