6696 4248
4847 334 5318 573 "Zweck"
3324 315 6246 877 Aber das ist mir sehr zuwider. Ich lass mir
3313 721 5673 1254 das nicht gefallen. Die Hütte
3350 1019 5938 1479 Mann jetzt du mich übrigen be¬
3389 1251 6275 1787 Aug gelassen. Ich war im milder¬
3426 1548 6141 2066 untandly die. Cesin Nahm
3469 1809 6326 2400 bin ich die deswegen gemein? Ah
3505 2233 6192 2686 des ik in Gemeinheit  ƒ eine
3531 2490 6039 3016 in dermädige Mensch hervielen
3473 2788 6217 3234 weil er ein versorg kann,
3560 3074 6289 3549 Nur darin. Um doch wird sich
3665 3331 6199 3821 kenn gekommen, wenn die mit ihr
5452 3647 6155 4027 zu sagen:
3672 3687 5401 4093 vor der Alle will
5927 3933 6275 4104 with
