3387 4424
32 396 2895 895 Aswas. Wenn man einmal vom Thealer ist
29 695 2635 1241 Ich braucht nun xxx
103 998 2777 1430 tit und best, wie sie zeggel werden
32 1291 2791 1779 A gueron Fruyer gaf. - The Tauns
57 1544 2895 1971 konnte ein Fürger, und ich eine davon
18 1900 2741 2278 Claus. – Gehen Sie etwa darum zu tiefes
592 2135 1740 2414 Mrs Tully Spivak
29 2189 2891 2577 Ennui etc. darum. -. Aber man sich
50 2463 2848 2856 go alle tage. — Fusall Fall will in
64 2795 2831 3184 zuerstein große Schausgedern werden
32 3016 2702 3497 Taimi. Stilip in Kind, j où Kind
1825 3476 2007 3597 —
57 3365 1765 3740 Nachfahr zu sammen
75 3554 2545 3979 Eumie.- Nun, ist iti da eine
1390 3818 2841 4139 von mir sehr aner Märk
809 3918 938 4164 P.
