6143 4136
2910 198 5718 824 Heinrich. Ich bin gleich hinaus, 5/6
2893 484 5746 994 für der Conferentokten weg – un¬
2896 831 5082 1227 es seit in nichts geschickt.
2921 990 5725 1506 Tanny. Aber Sie hier froh, daß ich
2985 1351 5096 1860 heute durch d. sind
2978 1673 5831 2118 Agathe. Wie ja, aber ich nur um
4074 1888 4749 2175 glayli
3002 1903 5835 2383 sor nichts viel dann unterh., wie
2967 2178 5817 2691 sie aus zu kommen. Ma lernt sein
3023 2444 5700 2886 kennen, daß nur Menschen im
3038 2825 5686 3246 ob verschiedenes. Ja an ja
3130 3144 5906 3603 Jahren Sprech wir sehr drüber
4070 3384 5159 3681 reil buftrit
3073 3473 5789 3886 Frau Thea (mitzentlich in ih Grund)
3236 3816 4095 4031 get Abend.
