6512 4361
3296 254 6083 725 Und dann schreiben. So wir habe
3248 659 4706 1002 nicht, nicht auf
4927 777 5487 1237 fahrein sich
3241 880 4736 1259 Tann, Nämissen ja,
3237 1068 6076 1532 Agethe. Also, Sie gelieb ich Sache
3303 1366 6205 1804 bei mir noch vor jh Iremien, wie
3292 1572 6264 2066 wiederte wernt sie aussehen! - Und diese
3340 1878 6271 2412 sung frisch Gesichtl dazu - Equelle
3384 2162 6172 2725 geschlöger nicht zu der Roll — Er
3358 2475 6271 2891 bischen älle muss Sie sich jedenfalls
3388 2887 4408 3215 schniraten.
3443 2998 6367 3469 Fanny pass' ich überhängigt zu d. Rohe
3414 3307 6205 3793 Geilk. Ob Sie mit Ihre Talent
3392 3620 6334 3981 Nun nein wirklich. Unte unser
