6568 4344
6182 392 6386 723 28
5022 505 5896 893 mich ihm
3492 497 4822 882 nicht entgehen lassen
3451 769 4868 1164 den Sie zu bringen
3428 931 6228 1383 Claus. Man dir wieder ein Fällt. Aber, Re¬
3417 1270 5776 1628 in Ernst. war beducht der auch
3417 1496 6303 1827 tanny. Mich ists in mir dass
3421 1733 6039 2208 Clav. 91ma doch nicht gegeben,
3432 2065 6201 2456 Fanny. Wie je; das Kauf ja nicht an¬
3440 2328 6280 2754 ander sprechen. Da sich ja auch A.
3387 2645 4517 2939 Clerc. Fanny
3406 2863 6397 3255 Tann. Auf, sodann, weil hilf.
3387 3112 6420 3451 keit er zu nicht führen. Ich bin ja sie keine
3387 3398 6171 3741 mit dem es zu nichts führte daß
3417 3583 6356 4122 Mr Clara - Saghin. Of ik als an
