6416 4184
3136 161 6023 733 jüngere sind in weil an die begebtest
3162 476 6089 1059 Es ist seh oermünftig vom strekte, daß
3107 714 6020 1238 es Sie endlichen sein großer Polle
3151 1004 6107 1469 hinausstellt.  J.. ist das mah, daß
3158 1242 6001 1638 Ihr Sie ein Antrag auf Anwerk
3184 1561 4426 1861 Enterebung haben.
3198 1682 5294 2147 Fanny. Das wissen sei sehr?
3165 1901 6064 2400 legette. Freilich. Dès un peu de
3195 2125 6151 2653 you I shall be, I am so for him.
3176 2521 4521 2927 b gut mich
3220 2737 5946 3191 Famey. Jage aber die Gemüth
3253 2960 5968 3525 Ogath. Art Gott, lieber Kind, wenn
5529 3253 6056 3492 auf
3290 3334 5965 3858 man bei der Bühne ist, ob
5206 3532 6214 3788 nichts may
3286 3660 5767 4063 man das Geschichte aufgeb
