6691 4392
6001 169 6258 348 17
3429 220 6038 773 schlitt k, zwar von Vandel, wie ko¬
3400 594 5155 942 Nach im Hause ist! -
3349 865 5118 1220 Hr. v. Handel.
3451 971 6166 1513 Fanny - tun, es ist das mit ihr
5902 1352 6294 1605 e.
3470 1422 5745 1773 notar? - hollt sich ein. Sie
3415 1616 6276 2037 zu v traudel (seine gut u sein Schirm Daneben)
3503 1828 6199 2319 hier sind sie. Es sind auch anhäng¬
3492 2242 4019 2535 debi.
3492 2308 6379 2770 Fanny. Lagen Sie sie uns auf wäre
3451 2704 6408 3136 Hrn Wandel. Ihreiß er... daß man die Noh¬
3448 2990 6360 3400 nuß Clavier legt... (legt sie auf Clivien)
3514 3191 6133 3675 Frau them (stift Fauns sonfend an)
3547 3594 6298 3942 8. Könn aan den Amt, Herr von Brandel,
