6680 4248
3521 288 6362 895 ein Schwester der möglichste thun, ob
3575 680 6473 1201 lrief kann befreut.  für ich, und
3549 989 6355 1417 wenn ich dich sehr schön bitte.. weiß ich mir
3618 1183 6398 1723 vielleicht verzeihen, dass ich I. gebenbe
4344 1395 4517 1492 un
3607 1661 4963 2046 bin, nach war.
3657 1791 6531 2230 kennen. Ich hat der nicht weh thun wollen.. Nei
3654 2100 6376 2539 Clerc. ist jetzt er ehe ungereistere gelie¬
3895 2399 6434 2823 Ich bin aber kein Kärstlerunter
3690 2686 6232 3175 Fanny, Car. - Ich bittlich - Aus¬
3722 2949 6160 3413 auch nicht für sein fühlt
3787 3226 6261 3737 Wie nicht, das nach dem cullen
3888 3567 6477 4096 zur Vergreifung bringt.
