3512 4216
2348 227 2445 392 b
2507 223 2863 453 18
1737 234 2205 457 II. Alt
291 345 1676 698 & ifs ye roll August
1726 406 3165 698 wenn man so zurückderts.
367 586 2233 802 wären sollt nach, nicht gern sch
255 593 3140 1007 An die neulich lehendt, an die wilde Nächte. Uns
277 917 3053 1334 die Zärtlichkeiten, die sist Schmeichelmorl.
302 1234 2899 1582 Nun sich so ein selbst die die Arm immer
327 1557 3039 1877 Zal schlingt. Wenn geliebter - wenn erngehabt
313 1744 3053 2097 .... meine höchter Engersl.    Freitel of aber
1697 2046 2945 2323 on im die Freunde
288 2075 1723 2420 schön... aber es ist ab
263 2302 2863 2762 with in most it Comons worth.
