6600 4360
6015 194 6232 485 2.
3327 358 6336 814 f체r 8. Wandel. Ja wohl.... Arbeit, nur 체ster
5522 560 5929 706 augent
3424 653 6239 989 ... das Amt, ja je, das ist schleit
5433 788 6108 971 Cultivateur
3413 870 6321 1303 Auch kein Vergangen. x - - Gute Abend!
3357 1120 6265 1561 Frai Thun. Mir, Sie liefer sehr wieder?
3368 1411 6329 2016 Hr. v. Landel. Ja, ersterer mitt ich nicht
3405 1800 6392 2405 Fanny. Und zweitens kommen Sie wich
3398 1904 3909 2136 sioren
3383 2158 6359 2651 Hertrandel.. Ach Dr. heute Aben.
3476 2617 4529 3002 richten rechten
3454 2741 6381 3323 Tanny. Jetzt thut er als wenn nur
3435 3136 4902 3588 vergesse h채tte.
3446 3327 6318 3805 Er "V채uvel", ohnein; vergeflich, der bin
3603 3678 5444 4077 ich nun eigentlich nicht.
