6440 4393
5775 162 5962 470 83
3110 327 3708 683 Auchrof
3124 396 5184 951 Fanny. Cela haurig ists.
3132 690 6054 1237 Frau Herr. Nie, was ich Ihm schon da.
3502 910 5991 1472 Sie soll je Geweten können
3190 1366 5176 1770 Tany Hbitte til, manin.
3194 1491 6157 1993 Thos then him je vouser mehr ist. - An
3198 1913 4912 2427 sicht bemensirt sie
3723 2133 4413 2357 (ablerkt)
3242 2049 6116 2588 Tanny. I think it's, manner, [illegible]
3668 2320 6138 2867 gut und leiht mir für die Albine
3267 2588 3635 2911 1.
3337 2827 4350 3146 for Scremit.
3385 2919 6186 3337 Drei Herrn Dt. des Ehrf schön; mir waren
3337 3286 6146 3752 wirklich in Verlegenheit gewesen
3378 3590 6149 4027 klagelt. Aber ich hatten Sie? ich sehe ich
