6696 4296
3597 322 6251 916 gut. zu ich ersorgen? Am Zegel¬
4804 624 6139 983 verworfe. xxx
3402 748 4703 1077 und ich bin
4378 879 5100 1155 art soll
3447 819 6341 1391 bünissen. Und dabei noch
3387 1241 6416 1806 mit dir!... Aber, schon, Cleven, mach
3455 1525 6360 2142 mal scheint er mir die Kehl zu seinen
3492 1869 6322 2404 Und mich ihr Verzweiflung kei ich
3473 2056 6427 2752 nun herum, wenn ich mir selbst,
3582 2404 6371 3092 erkler tems A liß ny
3686 2871 6098 3413 s. Dnnd - dabeßgut, sich
3473 3107 6333 3713 Oer, ich bin ein seerlyck
3686 3410 6449 3974 Mündl, und  auch soll, ließ
