3496 4184
148 296 2887 629 Fanny. Mer bleibst du die nicht bei dem Brintzig
215 526 2920 840 Clen. Ich muß aber sein, wie dient Moritzki
211 788 596 1025 Yours
215 914 2509 1196 Flillig. Nachlass mich gern weg sehen, die
252 1144 2546 1414 Claus. Ich muß mit der reiten, – gartenfalls -
226 1325 3039 1614 können. Es war der's... du knuft und zu nichts befunden
259 1521 2236 1751 gros vor... seit du doch dazu entschlossen –
437 1695 1988 1995 Sie sehe wieder ihr anders
289 1902 3054 2147 demisch. Ich Sie, Fräulein, ich hat mir dem erlaubt
322 2091 3057 2369 Ihre Frei Mann die Vortheile Flucht aus einem
270 2313 3109 2606 zuschon – Ihre kes ich kann nach sagen, als
607 2513 1255 2835 den wissen.
296 2535 588 2843 Sir W
311 2720 3065 3042 Cahay.. Und his kinge ains pf main anpift.
873 2909 3187 3253 Ihnen zum gehört Mal - ich fuh mich nicht
618 3002 888 3220 Noch
304 3020 529 3213 25
274 3183 3250 3509 auf für die Stellung, die doch wird mit einer
333 3438 1632 3749 Entteilung nicht.
296 3675 885 4001 holds
899 3638 3235 3979 schlitt tis, Familen, lasse Sie der meinten
