6751 4392
3311 265 6143 798 Fanny. Je vrift, inoncle subo dis qui
4003 725 4196 845 My
3322 660 6045 1026 no foyentlich vorleih t gegenkt
3343 885 4732 1215 mit ihm Wollals
3318 1019 6157 1509 Bei Theu. Mir, mit dem Malam, hat er
5385 1237 6132 1585 sehen werts
3372 1476 4098 1802 zugreikt.
3314 1545 6067 2045 Wanvel & sehen Sie, Frau thun mit hef
3336 1839 6146 2314 pungen haubon, d'est un anneul si
5305 2074 6114 2303 gut mich
3340 2110 6263 2567 Ich vertrage noch nicht schon in vermeisten beziehungen
3354 2368 6263 2868 ihnen. Ich denk. aber anders¬
3376 2618 6103 3032 Man ist eben ältre als die Juny
3372 2876 6252 3336 teute, nun hat doch auch erlebt
3365 3148 6259 3608 und hat ein Recht besucht zu haben.
3358 3430 6114 3884 Fanny. Und die junge hant haben
3507 3731 5867 4094 kein Recht, das gesuchte zu sehen
