6616 4216
3357 373 6323 944 Bruny Of, das hoch. Freilam (Nachricht
3442 701 6197 1191 Soll ich vielleicht auf die Ruhe seit
3408 1103 5924 1424 vor ils.  Noch wenig nie
3401 1324 6134 1826 daß ist etwas so besonders an
3353 1704 5732 2136 ständiges, wenn die Ich
6005 1656 6212 2328 be
3427 1988 5902 2479 heiratest, diesen Wacht¬
3434 2317 6249 2800 Ihm dir ja eigentlich
5279 2630 6127 2885 zurück ist
3445 2711 5474 3165 Clarc. Lills, Tanning
3538 2984 6127 3434 - him - hill, Faunes.. it
3504 3405 6216 3818 nem Ernf. Ob ich will mich
3490 3707 5979 4117 nicht tasse mache als ich be¬
