6600 4312
2782 189 2990 430 be
6210 471 6436 719 30
3479 552 6410 986 Das muss je wach sein.. Die eigen Schwester
3464 793 6287 1145 denkt sich zum Af. (Mund in der Dessel,
3472 1082 6336 1478 die Hände über Gesicht geschlagen). Marien
3479 1441 6310 1767 wed’st du nichts? -  Je freilich. - nieben ich
3468 1615 6399 2012 verloren sie mein ganzer Leben. Acht mehr,
3486 1919 5884 2327 für einige Zeile mich ich dußen.
3479 2201 6428 2560 Clerc.  Mas sollen die alle Geschichte, Faunes
3486 2490 5828 2760 bin ich vielleicht zu streng mit der
3435 2734 6410 3086 Tannen. Nach auswissen, meinen. Zum
5987 3008 6336 3194 kind.
4691 2990 5206 3194 déguerité.
3438 3034 6391 3412 die Sünden, der mir vergriffen wir eine
3475 3234 6358 3642 überhauptverzeist. Aber auch damit ists
3449 3572 6399 3898 niemanden ernst. Glaub etc etc
3572 3831 6313 4164 Hast mir verzeich?- Kein Idee! An
