6829 4312
3314 412 6190 828 Du wirst ein guten En, und jetzt soll wieder
3325 661 6147 1127 t ein deren Idee in deinem Kopf fahren!
3375 965 5937 1305 Tanny, sehr stift werde aller a
3375 1200 6299 1756 Spiel. Sages kannst die ihm besucht
3346 1489 6031 1915 und anliegen dürfte doch auch nicht
3393 1807 6082 2251 Fanny - Alfred... ausgefroßen
3408 2114 6205 2551 Min? - Und wenn mich früh aus
3462 2400 6371 2891 in meiner Fak wurde die vermitt¬
5291 2660 6328 3130 Maugebuh
3588 2746 5150 3144 Ihr anwünscht ein.
3494 3108 5945 3668 so mich ich entwort entsagt
3549 3448 3856 3776 vrt
3552 3664 4355 3925 Clene Oct.
4532 3740 6476 4105 was glaubst d. Anregenheit
3625 3957 4051 4131 Tann
