6528 4527
3217 215 6030 751 Geilke. zu dem Peterburger Engganer
3265 521 5466 966 sollten Sie Ihr zureden —
3217 743 6103 1264 Frau Herrn (die unterdesen ihn Päckchen)
3254 1100 6147 1505 ben seite gedagt hat, ihre Zeit und die
3272 1355 6173 1833 Mantille abgedegt) Um je ab sie
3349 1753 4504 2124 H f og nahmen
3312 1964 6194 2456 Ugath. I am that must man ab mal
3899 2266 5794 2649 mann; und geht nicht sieblich
3341 2412 3742 2784 Yours
3330 2445 6278 3024 Fanny. No ist eigentlich sun & klar
3374 2882 6100 3330 Dank Sie doch. wege ein Jan Geld
3440 3137 6326 3589 meh, und man soll gleich heran
3531 3447 4602 3822 in die Mall.
3451 3564 6264 4045 Agethe bei je, der guht ha wiss
