3737 4248
2807 566 3067 832 = the
1330 660 2666 966 Das neue Geschlecht.
850 966 2895 1275 Und sitzen mir beim nächtigen Gelege,
431 1159 520 1293 G.C.P.
804 1137 3152 1452 Da tört der Hofe der Wünschen unsere Tage
783 1302 2660 1596 Der Zegenwart und ihrem Jdaal
792 1440 3161 1761 Doch früge man noch unserer Zukunft Traumen,
774 1581 3140 1908 Da wird es todienstill in meißen Stauern
761 1752 2920 2107 Und unsere Hippen münden leichrefahl.
3097 1798 3186 1990 4.
1792 1957 2119 2143 G.C.H.F.P
725 2079 3189 2425 Wir tünster jubelen auf das Wahl der Frauen,
758 2266 3171 2623 Die sich das Neß für eenige Monde kaum
774 2409 2969 2776 Und sich ergebere freier Hiebe Drang.
746 2547 3064 2935 Doch frühe man ob uns das Weib bestückter
731 2703 3002 3088 Das früher einen andern schon erzückte
752 2886 3073 3278 Da fühlte unser Herz sich leer und krank
