3768 4215
1387 687 2618 1033 Glühende Rohlen.
797 960 3192 1237 O glaub nicht an das Märchen von den Kohlen
728 1136 3095 1425 Den sühenden, die ob den Häuptern man
813 1287 3079 1573 von Schreken, die des Herzblut uns gestohlen,
775 1453 2919 1745 Auf daß sie Schein erfasse, sammelt an.
728 1764 3098 2059 Sie mönnen sich die Hände nur am Feuer¬
734 1915 3029 2219 Am Licht sich lebend und vermeidend plut
744 2053 2863 2385 Und zu einleichten des Zwissers Steuer
3057 2116 3208 2342 2
766 2207 3038 2558 Erwägen sei: wie kommals, daß er dies thut
697 2489 3233 2881 Wer tief vedelst mord, der giebt keine Spende
3302 2583 3431 2728 F.T.S.
725 2699 2828 3019 Und darum ists zweiß und offenbar,
697 2841 3101 3167 Daß er nun nun eingesehen hat am Ende
3346 2869 3459 3089 G.C.P.
725 3051 3092 3371 Wie kriegen nöthig um sein Heyblus ver¬
596 3892 687 4096 P.
