3677 4407
1866 858 3329 1195 Du dürftest dann doch diesen
134 1014 1419 1301 ieder dieses Monates 100 fl
1693 1024 3329 1317 Betrag bei irgend mein bestimmen
102 1173 1433 1467 Wenn ich Dir schiebe, daß ich
1734 1173 3301 1539 und ich versichere Dich, um etwas
112 1272 1467 1604 dies Geld zu Einlösung eines
1758 1337 3319 1628 kleines werde ich die keine
100 1386 1591 1746 gehülschten Accaztes brauche - Du
1750 1421 3272 1805 Unannehmlichkeiten bereiten.
100 1561 1528 1852 würdest es (ich weiß es) irgendwo
2238 1608 3232 1923 Mit besten Grüssen
110 1744 862 1996 für mich auf sie bin
110 1789 1571 2118 Wun, so peinlich ist es nicht. Aber ich
2457 1841 2772 2067 Leo
120 1953 1608 2256 muß in längster 14 Tagen einen
1791 1862 3276 2358 per Wresse: Woocat Dr. Allerhand
102 2049 1638 2346 Reife antreten von der unendlich
1888 2171 3264 2390 Cvernowith, Hormunakigasse.
132 2169 1624 2490 viel für mich abhängt. Ich brauchte
112 2287 1553 2606 in zähltig zu jener Reise mehr.
126 2398 1766 2758 dieser Betrag aber läßt sie mich machen
1827 2612 2091 2801 13/2/95
154 2661 884 2880 oder aufgeben.
179 2732 1695 3004 2) kann hier das Geld morgend
193 2850 1703 3130 bestommen, absolut nicht bestommen.
197 2933 1756 3319 Es ist so traurig etwas „absolut“ nicht
232 3106 1659 3404 bestorben u können und noch dazu
234 3234 1498 3543 wenn dies etwas Geld ist.
