3737 4248
768 541 2789 917 Wie preisen laut die düßere Gestalten
759 743 3015 1063 Die durch Furoge der Geistörung halten
780 880 3099 1259 Mit Zist und Delch und Deparit und Strick.
787 1045 3103 1396 Dach brächte einen man aus jenem Kreise,
780 1222 3006 1539 alleß mir ihr grüßen brüderlicher Weise.
787 1349 3109 1756 Die suchte schon die Erde jeder Blick.
762 1632 3149 2027 Wir werfen unsere Gläser mild zu Schreiben
774 1859 2981 2179 Und in ihm drehend: möge so erderben
821 2011 2798 2381 Gesetz und Glaube und des Vaterland
755 2129 3270 2531 Kleihe von uns zu: auf denn x zum Streiten
762 2294 3047 2683 Den Unterzug der Ordnung zu bereiten,
755 2400 3084 2820 Da säcke schlaff herein oder neh’n Hand.
731 2748 3103 3112 Wir lei den viel und nennen unsre Schmerzen
727 2928 3053 3258 des Frühlings Weber um die Zeit des Mützen,
749 3071 2630 3333 alg u beyreichen Sommer einst gebiert
765 3152 2782 3472 doch unsre Wesen, unser tiefen Quelen
787 3249 3019 3566 Auführen Vorzug als ein Hrelß sich er aber,
793 3444 2705 3740 der sich in Winterstreben bald verliert.
2583 3914 2711 4104 P.P.
