3723 4248
192 813 1729 1073 sechs Stunden im Tage vernünftig
172 948 1739 1225 für ein weitere 8 zehn Stunden
182 1100 1598 1362 wohnsinnig für zu dürfen.
226 1241 1701 1495 ¼ werde und Mühe geben nicht
163 1423 1649 1647 Hilchen wäre man meinen
236 1483 1651 1760 Ernst ernst nehmen wird. Du
212 1584 1721 1909 kurf die Geschichte von dem beiden
188 1709 1755 1945 Äußeren. In lebten wahrschein¬
167 1891 1140 2092 lich vom Weissagen.
264 1937 1649 2201 Hein das dh keine Aemtion
174 2054 1703 2345 Das ist Heidenschaft für die Knecht
151 2212 1689 2494 mene ich die sage, daß ich liebes
161 2337 1647 2585 an einem Proceffe, gebiete als
143 2468 1711 2722 from Dr Hothar von 4-6 eerdern
230 2591 1423 2877 8 - 3/49 bezeißet zu sein.
234 2722 1651 2996 Man Brief druckt nicht gön¬
232 2768 1780 3162 deichlich uns, was ich sagen müste.
216 2942 1626 3285 Aber erschreibe ihn zu er dies.
276 3087 1643 3426 Ich hat die Verhältnisse
2801 519 2950 672 G:A:S:
2086 559 2567 696 C spome ee
1869 737 3422 1061 meiner eins, reich, vor Herzen
1877 956 3388 1148 noch wohlhabernd zu erfernen En¬
1933 1063 3454 1303 wilie in daselbigtem Zustanden
1875 1233 3473 1465 gefunden. Ich nun schon es wegen
1911 1314 3444 1588 Herbst nach Wien zurückgekommen,
1891 1465 3374 1677 wenn es mir erst an den
1933 1594 3459 1840 grireiliester Mitteln gewon¬
1925 1723 3410 1937 gelt hätte. Als ich nie hier einige
1927 1796 3479 2074 so oder schulden leihen wollte, er¬
1921 1921 3438 2228 hielt ich sie ein. Man wollte mir
1903 2066 3444 2331 ner mehr geben. Statt einige
1897 2159 3350 2466 hieder, viele taufen – aber
1895 2280 3396 2583 zu den letzten eine Frau.
1858 2450 3444 2698 Das aber geht nicht zu meinem
3493 2486 3586 2595 G. F.
1909 2522 3398 2867 Friedhof. Mit rechtig mich ein.
3503 2607 3662 2740 G.C.F.P.
1909 2639 3467 2952 Aus und schrift kein hiebessehnen
3511 2762 3664 2871 0200
1915 2809 3497 3059 2/6in u dieses Beziehung geht gesund.
1919 2936 3442 3202 Mein letzter Normann hat die erch
3511 3033 3650 3126 G.C.F.P.
1899 3047 3495 3281 eine vorhanden gewesenen subpelien
1929 3196 2892 3430 Nehte total verbrannt.
3069 3701 3164 3900 G.F.P.
