3732 4343
2071 840 3616 1061 ich allein damit - als wäre
2133 964 3483 1233 wol selbstverständlich
446 990 1543 1272 Derschaft getreten ist. -
2167 1107 3574 1440 Wien ich appellier an Deine
494 1165 1732 1382 Ich wurden vielleicht - in
2101 1266 3521 1569 Größe und sie die: schweige
299 1358 1814 1599 den nächsten Marielm eines
2089 1376 3515 1691 die selbst darüber. Dürfe
317 1478 1836 1802 Marschen bedürfen, der ein
2097 1621 2756 1798 nicht aus.
323 1643 1778 1922 Erinnern und ein Kneßler ist
2167 1613 3586 1924 sich hätte es als nicht mitge¬
2057 1756 3624 2083 theils. Gereiffe Dinge sieben und
341 1810 1143 2021 alu bis bei des.
2069 1918 3600 2169 als thalsiehen auch. Aber es mag
398 1866 1944 2222 Es handelt sich um Hemmsgabe
2055 2035 3485 2348 genen Bitte wegen. Zwar ich
366 2059 1940 2320 meines litemrischen Inzemahles.
2057 2093 3632 2425 war Deiner Zusage sicher über
428 2210 1884 2477 Sollte es dahin kommen, so er¬
2035 2244 3660 2563 Du - der tiefe Mauer der menschlichen
410 2328 1920 2635 hülſt ali die Regium eingefordi¬
2059 2374 3592 2692 Seule - nicht begreifen, daß man
2063 2477 3688 2852 ein Gefühl, von dessen Kochverdersein
484 2505 1898 2764 Ich appellire in Deine Zuhn
2095 2619 3676 2963 man überzeugt ist, was der Person
378 2686 1878 2985 als bis, einen der meinigen
2111 2790 3620 3112 bei der man es erwus sezt, doch
402 2784 1961 3146 Marscher, ein etwas Anlignes
2159 2907 3624 3268 gegenwaer gesprochen hört. Die Heh¬
1665 2987 1997 3160 genüber
426 3041 1026 3276 an sich haben.
2157 3093 3628 3379 glücklich gewalt, sie lag in Deinem
661 3089 2015 3318 Nicht, daß als nedem
2179 3188 3672 3417 armen und doch willich die noch ihr
476 3242 1973 3503 darüber schweigen selbst, wenn
