3699 4249
923 541 3000 977 Bist De so stolz, weil Jahre Du gelitten?
949 773 3232 1091 Es wird das Recht auf Wehmut auch erstritten
773 728 921 960 1"
952 966 1850 1215 In Stunden schon.
935 1051 2966 1382 Und leseht Du denn nie in alten Sagen,
932 1209 3189 1515 Daß meines gleichen einmal nur kann klagen
1872 1405 2005 1538 11 4
952 1428 1830 1742 Zu Gottes Thron
940 1623 3141 1991 Und hörteß du denn nie von jener Kunde,
991 1801 3204 2158 Daß meinesgleichen schon an erster Wunde¬
1042 2082 1779 2320 Vorgehen muß;
1028 2130 3076 2473 Daß einmal nur sich unser Auge nüssel,
1028 2255 3243 2629 deß erste Laut, den uns das Weherpresset
2039 2493 2167 2612 11 4
1170 2495 2011 2821 in Abschiedsgruß?
1003 2705 3260 3056 „ Zu neuem Sein will ich Dich nicht erwuten,
1116 2855 3317 3155 Das Sterben nur, ich will es Dir umfluten
2144 3028 2249 3119 11¼
1110 3051 2107 3328 Mit Schwanerlied.
1119 3051 3368 3464 Er spärb mit letztem Fluch aus wilder Kehle,
1096 3238 3053 3575 Ain ersten Stünzer ihrer holden Seele
1093 3436 2130 3779 Die Frau verschied
2093 3756 2221 3849 G.H.F.P.
3439 2603 3541 2753 G.F.P.
3529 2866 3623 2977 F
