<?xml version="1.0" encoding="UTF-8" standalone="yes"?>
<PcGts xmlns="http://schema.primaresearch.org/PAGE/gts/pagecontent/2013-07-15" xmlns:xsi="http://www.w3.org/2001/XMLSchema-instance" xsi:schemaLocation="http://schema.primaresearch.org/PAGE/gts/pagecontent/2013-07-15 http://schema.primaresearch.org/PAGE/gts/pagecontent/2013-07-15/pagecontent.xsd">
    <Metadata>
        <Creator>prov=READ-COOP:name=TrHtr:version=2.1.0:model_id=51170:date=25_07_2023_00:25</Creator>
        <Created>2023-05-01T21:53:28.349+02:00</Created>
        <LastChange>2023-07-25T00:25:22.337+02:00</LastChange>
        <TranskribusMetadata docId="1416422" pageId="54945631" pageNr="16" tsid="130577963" status="IN_PROGRESS" userId="64420" imgUrl="https://files.transkribus.eu/Get?id=CGBPNMODJVFHDAAYVPVAYKKW&amp;fileType=view" xmlUrl="https://files.transkribus.eu/Get?id=CKKMDIIQJHEMINDKBRJEZSVD" imageId="44449716"/>
    </Metadata>
    <Page imageFilename="1416422_0016.jpg" imageWidth="3768" imageHeight="4215">
        <ReadingOrder>
            <OrderedGroup id="ro_1711832256930" caption="Regions reading order">
                <RegionRefIndexed index="0" regionRef="tr_1"/>
            </OrderedGroup>
        </ReadingOrder>
        <TextRegion id="tr_1" custom="readingOrder {index:0;}">
            <Coords points="847,905 3274,905 3274,3819 847,3819"/>
            <TextLine id="tr_1_tl_1" custom="readingOrder {index:0;}">
                <Coords points="1473,1012 1674,1057 1997,1027 2123,1084 2455,979 2667,997 2670,754 2359,859 2105,757 1895,856 1632,808 1473,877"/>
                <Baseline points="1489,991 1507,991 1552,982 1597,979 1641,976 1686,973 1731,973 1776,973 1820,973 1865,973 1910,973 1955,973 2000,973 2044,973 2089,973 2134,973 2179,973 2223,973 2268,976 2313,976 2358,973 2403,970 2447,967 2492,967 2537,964 2582,958 2626,955 2671,958"/>
                <TextEquiv>
                    <Unicode>zwei Lebensmüde</Unicode>
                </TextEquiv>
            </TextLine>
            <TextLine id="tr_1_tl_2" custom="readingOrder {index:1;}">
                <Coords points="955,1341 1305,1266 1542,1323 1760,1245 2117,1299 2263,1236 2566,1317 2772,1227 2991,1260 2994,1096 2548,1045 2093,1165 1679,1075 1171,1150 961,1084"/>
                <Baseline points="970,1271 979,1268 1023,1268 1068,1265 1113,1262 1158,1259 1203,1259 1247,1256 1292,1256 1337,1253 1382,1250 1426,1250 1471,1247 1516,1247 1561,1244 1605,1241 1650,1241 1695,1241 1740,1238 1785,1241 1829,1241 1874,1241 1919,1241 1964,1241 2008,1238 2053,1238 2098,1235 2143,1238 2188,1235 2232,1232 2277,1229 2322,1232 2367,1226 2411,1223 2456,1223 2501,1226 2546,1226 2591,1226 2635,1223 2680,1220 2725,1223 2770,1223 2814,1223 2859,1223 2904,1220 2949,1223 2994,1220"/>
                <TextEquiv>
                    <Unicode>Ein lichter Schwan kam sie dahergezogen</Unicode>
                </TextEquiv>
            </TextLine>
            <TextLine id="tr_1_tl_3" custom="readingOrder {index:2;}">
                <Coords points="907,1470 1982,1392 2254,1488 2679,1419 3051,1503 3081,1266 2880,1242 2655,1353 2263,1236 2120,1299 1763,1242 1485,1383 1138,1269 910,1371"/>
                <Baseline points="928,1429 937,1429 982,1426 1026,1420 1071,1417 1116,1417 1161,1414 1205,1417 1250,1414 1295,1414 1340,1414 1385,1414 1429,1411 1474,1411 1519,1411 1564,1408 1608,1405 1653,1405 1698,1400 1743,1400 1788,1400 1832,1397 1877,1397 1922,1391 1967,1391 2011,1391 2056,1388 2101,1388 2146,1388 2191,1385 2235,1379 2280,1382 2325,1382 2370,1382 2414,1385 2459,1385 2504,1385 2549,1385 2594,1382 2638,1382 2683,1382 2728,1379 2773,1379 2817,1376 2862,1379 2907,1379 2952,1376 2997,1376 3041,1373 3086,1376"/>
                <TextEquiv>
                    <Unicode>Auf seines Lebens dunkelschweren Wagen,</Unicode>
                </TextEquiv>
            </TextLine>
            <TextLine id="tr_1_tl_4" custom="readingOrder {index:3;}">
                <Coords points="901,1679 1015,1623 1147,1665 1272,1599 1335,1599 1446,1703 1503,1665 1650,1662 1715,1632 1724,1410 1392,1467 1302,1416 1117,1533 910,1473"/>
                <Baseline points="922,1591 964,1582 1008,1579 1053,1576 1098,1576 1143,1573 1188,1576 1232,1576 1277,1576 1322,1576 1367,1573 1411,1570 1456,1570 1501,1567 1546,1561 1591,1555 1635,1552 1680,1549 1725,1546"/>
                <TextEquiv>
                    <Unicode>Er sagte: „Elrich!</Unicode>
                </TextEquiv>
            </TextLine>
            <TextLine id="tr_1_tl_5" custom="readingOrder {index:4;}">
                <Coords points="865,1814 1868,1706 2188,1760 2341,1685 3137,1751 3146,1500 2703,1611 2087,1518 1443,1703 1299,1596 871,1700"/>
                <Baseline points="886,1758 910,1755 955,1752 1000,1755 1044,1752 1089,1749 1134,1749 1179,1746 1223,1740 1268,1740 1313,1737 1358,1734 1403,1731 1447,1728 1492,1728 1537,1725 1582,1722 1626,1719 1671,1716 1716,1713 1761,1707 1806,1707 1850,1704 1895,1704 1940,1701 1985,1698 2029,1698 2074,1695 2119,1695 2164,1692 2208,1692 2253,1692 2298,1686 2343,1683 2388,1683 2432,1680 2477,1680 2522,1680 2567,1677 2611,1680 2656,1680 2701,1677 2746,1677 2791,1677 2835,1674 2880,1671 2925,1671 2970,1671 3014,1671 3059,1671 3104,1674 3149,1674"/>
                <TextEquiv>
                    <Unicode>Du wirst das reine Kleid sie um verderben,</Unicode>
                </TextEquiv>
            </TextLine>
            <TextLine id="tr_1_tl_6" custom="readingOrder {index:5;}">
                <Coords points="883,1937 1694,1853 1871,1940 2012,1868 2191,1961 2308,1892 2551,1931 2820,1826 3039,1847 3045,1715 2341,1685 2188,1760 1961,1700 1826,1781 1314,1733 1209,1826 1051,1754 886,1823"/>
                <Baseline points="901,1892 943,1892 988,1889 1032,1886 1077,1883 1122,1880 1167,1877 1211,1874 1256,1871 1301,1868 1346,1865 1391,1862 1435,1862 1480,1859 1525,1859 1570,1856 1614,1853 1659,1850 1704,1847 1749,1844 1794,1844 1838,1844 1883,1838 1928,1838 1973,1835 2017,1838 2062,1838 2107,1835 2152,1835 2197,1838 2241,1838 2286,1832 2331,1826 2376,1823 2420,1823 2465,1820 2510,1817 2555,1817 2600,1817 2644,1820 2689,1820 2734,1820 2779,1820 2823,1820 2868,1820 2913,1820 2958,1820 3003,1826 3047,1826"/>
                <TextEquiv>
                    <Unicode>Doch diese trüben Eluten hell zu färben</Unicode>
                </TextEquiv>
            </TextLine>
            <TextLine id="tr_1_tl_7" custom="readingOrder {index:6;}">
                <Coords points="907,2099 991,2108 1048,2075 1224,2147 1428,2033 1632,2006 1748,2039 1775,2033 1784,1913 1656,1955 1476,1877 1353,1916 1329,1892 1186,1967 1087,1883 1033,1919 922,1904"/>
                <Baseline points="929,2043 934,2044 979,2041 1023,2038 1068,2038 1113,2035 1158,2032 1203,2029 1247,2026 1292,2026 1337,2023 1382,2017 1426,2011 1471,2006 1516,2000 1561,2000 1605,1997 1650,1994 1695,1994 1740,1991 1785,1991"/>
                <TextEquiv>
                    <Unicode>Vermagst Du um</Unicode>
                </TextEquiv>
            </TextLine>
            <TextLine id="tr_1_tl_8" custom="readingOrder {index:7;}">
                <Coords points="826,2410 1245,2350 1572,2410 1739,2308 2093,2398 2248,2329 2380,2398 2521,2305 2667,2374 3185,2335 3191,2147 2353,2194 2135,2069 1446,2251 835,2236"/>
                <Baseline points="847,2376 868,2373 913,2370 958,2364 1003,2361 1047,2355 1092,2352 1137,2349 1182,2346 1226,2346 1271,2343 1316,2337 1361,2334 1405,2331 1450,2325 1495,2322 1540,2319 1585,2316 1629,2313 1674,2310 1719,2307 1764,2307 1808,2304 1853,2304 1898,2301 1943,2301 1988,2298 2032,2295 2077,2292 2122,2295 2167,2289 2211,2289 2256,2286 2301,2286 2346,2277 2391,2274 2435,2274 2480,2271 2525,2271 2570,2271 2614,2268 2659,2268 2704,2268 2749,2265 2794,2265 2838,2268 2883,2268 2928,2268 2973,2268 3017,2265 3062,2265 3107,2265 3152,2268 3197,2271"/>
                <TextEquiv>
                    <Unicode>„Mir kann auf Erden, Mädchen, nichts mehr frommen,</Unicode>
                </TextEquiv>
            </TextLine>
            <TextLine id="tr_1_tl_9" custom="readingOrder {index:8;}">
                <Coords points="862,2566 1919,2470 2251,2560 2518,2443 2898,2470 2928,2371 2521,2296 2380,2401 2242,2326 1644,2446 1500,2371 868,2386"/>
                <Baseline points="880,2519 916,2513 961,2510 1005,2510 1050,2507 1095,2501 1140,2501 1185,2495 1229,2495 1274,2495 1319,2492 1364,2489 1408,2486 1453,2483 1498,2483 1543,2480 1588,2477 1632,2477 1677,2474 1722,2471 1767,2471 1811,2468 1856,2468 1901,2465 1946,2465 1991,2462 2035,2465 2080,2459 2125,2459 2170,2453 2214,2447 2259,2447 2304,2441 2349,2441 2394,2441 2438,2441 2483,2438 2528,2435 2573,2435 2617,2435 2662,2429 2707,2429 2752,2429 2797,2426 2841,2426 2886,2423 2931,2429"/>
                <TextEquiv>
                    <Unicode>Du aber wirst in meinem Sumpf verkommen</Unicode>
                </TextEquiv>
            </TextLine>
            <TextLine id="tr_1_tl_10" custom="readingOrder {index:9;}">
                <Coords points="853,2685 1033,2721 1111,2784 1278,2694 1410,2748 1488,2715 1524,2739 1674,2643 1820,2658 1826,2569 1754,2587 1530,2506 1437,2551 1269,2518 1129,2557 1081,2536 994,2584 973,2557 859,2578"/>
                <Baseline points="871,2680 892,2677 937,2674 982,2671 1026,2665 1071,2662 1116,2659 1161,2659 1205,2656 1250,2653 1295,2653 1340,2653 1385,2653 1429,2647 1474,2644 1519,2638 1564,2635 1608,2635 1653,2632 1698,2629 1743,2632 1788,2635 1832,2635"/>
                <TextEquiv>
                    <Unicode>Und scheinst so jung</Unicode>
                </TextEquiv>
            </TextLine>
            <TextLine id="tr_1_tl_11" custom="readingOrder {index:10;}">
                <Coords points="859,2880 3146,2790 3266,2739 3272,2590 1697,2637 1108,2787 871,2688"/>
                <Baseline points="880,2847 901,2853 946,2850 991,2841 1035,2838 1080,2835 1125,2829 1170,2829 1214,2826 1259,2829 1304,2829 1349,2823 1394,2823 1438,2820 1483,2814 1528,2809 1573,2806 1617,2800 1662,2797 1707,2791 1752,2791 1797,2788 1841,2788 1886,2785 1931,2785 1976,2782 2020,2779 2065,2776 2110,2773 2155,2770 2200,2770 2244,2767 2289,2767 2334,2764 2379,2761 2423,2761 2468,2761 2513,2758 2558,2755 2603,2758 2647,2755 2692,2749 2737,2749 2782,2746 2826,2740 2871,2737 2916,2734 2961,2734 3006,2731 3050,2728 3095,2725 3140,2725 3185,2728 3229,2725 3274,2728"/>
                <TextEquiv>
                    <Unicode>Sie sprach: „ „ Es täuscht mein Haupt, das Kindlichschlanke</Unicode>
                </TextEquiv>
            </TextLine>
            <TextLine id="tr_1_tl_12" custom="readingOrder {index:11;}">
                <Coords points="838,3018 1811,3096 2287,2997 2856,3027 3018,2982 3027,2826 2874,2745 2158,2892 2000,2793 1820,2880 1230,2823 1048,2919 847,2892"/>
                <Baseline points="856,3009 883,3011 928,3011 973,3014 1017,3011 1062,3009 1107,3006 1152,3006 1197,3003 1241,2997 1286,2991 1331,2988 1376,2988 1420,2982 1465,2979 1510,2973 1555,2970 1600,2967 1644,2964 1689,2964 1734,2958 1779,2955 1823,2955 1868,2952 1913,2946 1958,2943 2003,2943 2047,2943 2092,2946 2137,2946 2182,2946 2226,2946 2271,2943 2316,2940 2361,2937 2406,2934 2450,2937 2495,2931 2540,2928 2585,2922 2629,2919 2674,2913 2719,2910 2764,2904 2809,2901 2853,2898 2898,2895 2943,2886 2988,2883 3032,2877"/>
                <TextEquiv>
                    <Unicode>Und krank ist mir im Haupt schon der Gedanke,</Unicode>
                </TextEquiv>
            </TextLine>
            <TextLine id="tr_1_tl_13" custom="readingOrder {index:12;}">
                <Coords points="907,3287 1784,3251 1805,3006 1623,3045 1467,3033 1383,3075 1272,3015 1066,3009 925,3075"/>
                <Baseline points="937,3173 955,3170 1000,3170 1044,3167 1089,3164 1134,3164 1179,3161 1223,3155 1268,3155 1313,3149 1358,3146 1403,3146 1447,3137 1492,3131 1537,3128 1582,3125 1626,3119 1671,3116 1716,3110 1761,3107 1806,3104"/>
                <TextEquiv>
                    <Unicode>Hab schon genug!</Unicode>
                </TextEquiv>
            </TextLine>
            <TextLine id="tr_1_tl_14" custom="readingOrder {index:13;}">
                <Coords points="2144,3823 2179,3826 2200,3814 2224,3814 2227,3712 2212,3712 2200,3718 2191,3715 2185,3706 2161,3724 2144,3724"/>
                <Baseline points="2161,3809 2206,3806 2232,3809"/>
                <TextEquiv>
                    <Unicode>G.F.P.</Unicode>
                </TextEquiv>
            </TextLine>
        </TextRegion>
    </Page>
</PcGts>
