<?xml version="1.0" encoding="UTF-8" standalone="yes"?>
<PcGts xmlns="http://schema.primaresearch.org/PAGE/gts/pagecontent/2013-07-15" xmlns:xsi="http://www.w3.org/2001/XMLSchema-instance" xsi:schemaLocation="http://schema.primaresearch.org/PAGE/gts/pagecontent/2013-07-15 http://schema.primaresearch.org/PAGE/gts/pagecontent/2013-07-15/pagecontent.xsd">
    <Metadata>
        <Creator>prov=READ-COOP:name=TrHtr:version=2.1.0:model_id=51170:date=25_07_2023_00:25</Creator>
        <Created>2023-05-01T21:53:29.037+02:00</Created>
        <LastChange>2023-07-25T00:25:26.021+02:00</LastChange>
        <TranskribusMetadata docId="1416422" pageId="54945648" pageNr="20" tsid="130577967" status="IN_PROGRESS" userId="64420" imgUrl="https://files.transkribus.eu/Get?id=FBVIZYVNKLBXTYXHHWEHJQAV&amp;fileType=view" xmlUrl="https://files.transkribus.eu/Get?id=WJWTFQBXTPYLDGNYZEUNKIRF" imageId="44449733"/>
    </Metadata>
    <Page imageFilename="1416422_0020.jpg" imageWidth="3574" imageHeight="4232">
        <ReadingOrder>
            <OrderedGroup id="ro_1711832260223" caption="Regions reading order">
                <RegionRefIndexed index="0" regionRef="tr_1"/>
                <RegionRefIndexed index="1" regionRef="tr_2"/>
            </OrderedGroup>
        </ReadingOrder>
        <TextRegion id="tr_1" custom="readingOrder {index:0;}">
            <Coords points="632,1158 2930,1158 2930,2681 632,2681"/>
            <TextLine id="tr_1_tl_1" custom="readingOrder {index:0;}">
                <Coords points="1351,1287 1434,1262 1621,1290 1744,1259 1856,1299 1980,1285 2040,1256 2055,1052 1974,1083 1859,1032 1802,1055 1753,1035 1650,1106 1583,1115 1368,1035"/>
                <Baseline points="1369,1259 1381,1259 1426,1250 1471,1247 1516,1244 1560,1241 1605,1238 1650,1235 1695,1232 1739,1226 1784,1226 1829,1223 1874,1220 1919,1217 1963,1217 2008,1214 2053,1208"/>
                <TextEquiv>
                    <Unicode>Wunderlich.</Unicode>
                </TextEquiv>
            </TextLine>
            <TextLine id="tr_1_tl_2" custom="readingOrder {index:1;}">
                <Coords points="629,1629 2187,1598 2293,1523 2437,1581 2661,1480 2673,1331 2540,1305 2193,1440 2060,1368 1877,1400 1776,1305 1106,1491 980,1425 641,1460"/>
                <Baseline points="644,1611 656,1611 701,1608 746,1602 790,1602 835,1599 880,1596 925,1593 969,1587 1014,1587 1059,1581 1104,1581 1149,1575 1193,1572 1238,1572 1283,1569 1328,1563 1372,1560 1417,1557 1462,1554 1507,1551 1551,1545 1596,1542 1641,1537 1686,1531 1731,1528 1775,1525 1820,1519 1865,1516 1910,1510 1954,1510 1999,1510 2044,1510 2089,1510 2133,1510 2178,1510 2223,1507 2268,1501 2312,1498 2357,1495 2402,1492 2447,1486 2492,1483 2536,1480 2581,1474 2626,1471 2671,1462"/>
                <TextEquiv>
                    <Unicode>Ob wir uns liebten hab' ich nie gewußt</Unicode>
                </TextEquiv>
            </TextLine>
            <TextLine id="tr_1_tl_3" custom="readingOrder {index:2;}">
                <Coords points="635,1810 954,1747 1290,1808 1509,1727 1615,1796 1799,1698 2023,1741 2150,1681 2526,1733 2816,1667 2819,1604 2675,1514 2207,1624 2101,1560 1612,1644 647,1627"/>
                <Baseline points="653,1766 677,1760 722,1754 767,1751 811,1748 856,1742 901,1739 946,1736 990,1731 1035,1728 1080,1725 1125,1722 1169,1716 1214,1716 1259,1716 1304,1710 1348,1710 1393,1707 1438,1701 1483,1698 1528,1698 1572,1698 1617,1695 1662,1695 1707,1692 1751,1686 1796,1686 1841,1686 1886,1686 1930,1683 1975,1680 2020,1677 2065,1674 2110,1674 2154,1674 2199,1668 2244,1668 2289,1665 2333,1659 2378,1659 2423,1659 2468,1656 2512,1653 2557,1653 2602,1650 2647,1647 2692,1644 2736,1644 2781,1641 2826,1644"/>
                <TextEquiv>
                    <Unicode>So wunderlich ist noch kein Paar gewesen.</Unicode>
                </TextEquiv>
            </TextLine>
            <TextLine id="tr_1_tl_4" custom="readingOrder {index:3;}">
                <Coords points="612,1977 977,2003 1233,1905 1601,1989 1802,1862 2845,1836 2920,1816 2931,1652 1414,1767 1147,1879 624,1802"/>
                <Baseline points="632,1951 647,1951 692,1951 737,1945 781,1939 826,1927 871,1924 916,1922 961,1919 1005,1913 1050,1910 1095,1904 1140,1901 1184,1898 1229,1895 1274,1895 1319,1889 1363,1883 1408,1883 1453,1880 1498,1877 1542,1871 1587,1868 1632,1862 1677,1859 1722,1856 1766,1859 1811,1859 1856,1859 1901,1853 1945,1853 1990,1850 2035,1847 2080,1844 2124,1841 2169,1838 2214,1835 2259,1829 2304,1823 2348,1820 2393,1817 2438,1814 2483,1814 2527,1811 2572,1808 2617,1808 2662,1802 2706,1796 2751,1793 2796,1787 2841,1784 2885,1775 2930,1769"/>
                <TextEquiv>
                    <Unicode>Wir lagen uns nicht glühend Brust an Brust,</Unicode>
                </TextEquiv>
            </TextLine>
            <TextLine id="tr_1_tl_5" custom="readingOrder {index:4;}">
                <Coords points="655,2132 989,2138 1124,2069 1601,2129 1871,2017 2204,2112 2604,2012 2609,1917 2492,1862 2089,1940 1750,1897 1560,1989 1460,1914 1190,1992 1083,1917 925,2017 664,1989"/>
                <Baseline points="674,2080 686,2080 731,2086 775,2086 820,2080 865,2080 910,2074 955,2071 999,2065 1044,2065 1089,2059 1134,2053 1178,2044 1223,2044 1268,2038 1313,2038 1357,2038 1402,2032 1447,2029 1492,2026 1537,2026 1581,2023 1626,2020 1671,2017 1716,2017 1760,2017 1805,2014 1850,2014 1895,2011 1939,2011 1984,2008 2029,2008 2074,2005 2118,2002 2163,1999 2208,1996 2253,1990 2298,1990 2342,1987 2387,1984 2432,1981 2477,1978 2521,1975 2566,1972 2611,1969"/>
                <TextEquiv>
                    <Unicode>In weisen Büchern haben wir gelesen,</Unicode>
                </TextEquiv>
            </TextLine>
            <TextLine id="tr_1_tl_6" custom="readingOrder {index:5;}">
                <Coords points="638,2331 787,2236 1305,2193 1583,2288 1724,2187 2267,2236 2707,2141 2716,1994 2129,2129 1856,2040 1563,2132 1468,2078 649,2115"/>
                <Baseline points="659,2223 704,2229 749,2229 793,2226 838,2226 883,2226 928,2223 972,2223 1017,2217 1062,2211 1107,2208 1152,2205 1196,2199 1241,2193 1286,2193 1331,2190 1375,2187 1420,2187 1465,2187 1510,2184 1554,2181 1599,2178 1644,2175 1689,2172 1733,2169 1778,2169 1823,2169 1868,2169 1913,2169 1957,2169 2002,2169 2047,2166 2092,2166 2136,2163 2181,2160 2226,2157 2271,2157 2315,2154 2360,2151 2405,2148 2450,2145 2495,2142 2539,2136 2584,2130 2629,2127 2674,2124 2718,2118"/>
                <TextEquiv>
                    <Unicode>zuweilen auch wach träumerisches Lied</Unicode>
                </TextEquiv>
            </TextLine>
            <TextLine id="tr_1_tl_7" custom="readingOrder {index:6;}">
                <Coords points="707,2394 957,2477 1293,2356 1440,2437 1868,2319 2325,2374 2911,2325 2914,2219 2558,2150 2213,2253 1719,2207 1583,2288 1305,2193 1167,2270 713,2256"/>
                <Baseline points="722,2384 728,2381 772,2381 817,2378 862,2375 907,2375 952,2372 996,2369 1041,2366 1086,2366 1131,2363 1175,2360 1220,2357 1265,2354 1310,2351 1354,2348 1399,2345 1444,2342 1489,2336 1534,2336 1578,2333 1623,2330 1668,2327 1713,2324 1757,2324 1802,2321 1847,2318 1892,2318 1936,2315 1981,2318 2026,2318 2071,2318 2116,2318 2160,2315 2205,2312 2250,2312 2295,2309 2339,2307 2384,2304 2429,2304 2474,2301 2518,2301 2563,2298 2608,2292 2653,2286 2697,2283 2742,2277 2787,2274 2832,2271 2877,2268 2921,2262"/>
                <TextEquiv>
                    <Unicode>Dann spielte es seltsam es um unsre Mienen¬</Unicode>
                </TextEquiv>
            </TextLine>
            <TextLine id="tr_1_tl_8" custom="readingOrder {index:7;}">
                <Coords points="647,2561 1118,2624 1230,2526 1356,2604 2219,2460 2382,2529 2650,2454 2658,2302 2325,2374 1969,2336 1687,2440 1560,2391 652,2454"/>
                <Baseline points="665,2542 686,2536 731,2530 775,2524 820,2521 865,2521 910,2518 955,2515 999,2512 1044,2512 1089,2512 1134,2509 1178,2506 1223,2503 1268,2500 1313,2498 1357,2492 1402,2489 1447,2486 1492,2486 1537,2486 1581,2483 1626,2480 1671,2480 1716,2477 1760,2474 1805,2468 1850,2465 1895,2462 1939,2462 1984,2462 2029,2462 2074,2462 2118,2459 2163,2456 2208,2453 2253,2450 2298,2447 2342,2441 2387,2438 2432,2441 2477,2438 2521,2435 2566,2432 2611,2429 2656,2417"/>
                <TextEquiv>
                    <Unicode>Ich war ganz ruhig, wenn ich Abends schied</Unicode>
                </TextEquiv>
            </TextLine>
            <TextLine id="tr_1_tl_9" custom="readingOrder {index:8;}">
                <Coords points="690,2747 2247,2604 2443,2673 2925,2604 2931,2503 2687,2405 2290,2546 1842,2506 1359,2601 1241,2538 994,2624 851,2543 695,2615"/>
                <Baseline points="707,2671 737,2671 781,2668 826,2665 871,2665 916,2665 961,2662 1005,2662 1050,2662 1095,2662 1140,2659 1184,2656 1229,2647 1274,2644 1319,2641 1363,2638 1408,2635 1453,2629 1498,2626 1542,2626 1587,2623 1632,2620 1677,2617 1722,2614 1766,2614 1811,2614 1856,2611 1901,2608 1945,2602 1990,2599 2035,2596 2080,2593 2124,2593 2169,2590 2214,2590 2259,2587 2304,2584 2348,2581 2393,2578 2438,2575 2483,2572 2527,2569 2572,2569 2617,2569 2662,2563 2706,2563 2751,2563 2796,2560 2841,2560 2885,2560 2930,2563"/>
                <TextEquiv>
                    <Unicode>Und nun ist sie am Fenster nur erschienen.</Unicode>
                </TextEquiv>
            </TextLine>
        </TextRegion>
        <TextRegion id="tr_2" custom="readingOrder {index:1;}">
            <Coords points="432,2859 2903,2859 2903,4167 432,4167"/>
            <TextLine id="tr_2_tl_1" custom="readingOrder {index:0;}">
                <Coords points="632,3072 1241,3029 1503,3098 1687,3000 1943,2963 2104,3040 2532,2931 2744,3006 2894,2946 2900,2848 2667,2753 1155,2957 649,2857"/>
                <Baseline points="650,3050 665,3053 710,3050 755,3047 799,3047 844,3041 889,3041 934,3038 978,3035 1023,3032 1068,3032 1113,3026 1157,3023 1202,3017 1247,3014 1292,3008 1337,3005 1381,2999 1426,2993 1471,2990 1516,2987 1560,2984 1605,2981 1650,2975 1695,2975 1739,2975 1784,2969 1829,2969 1874,2963 1919,2963 1963,2963 2008,2957 2053,2954 2098,2948 2142,2945 2187,2939 2232,2936 2277,2930 2321,2927 2366,2924 2411,2921 2456,2918 2500,2915 2545,2909 2590,2909 2635,2909 2680,2912 2724,2909 2769,2909 2814,2912 2859,2912 2903,2912"/>
                <TextEquiv>
                    <Unicode>Bei Sturmesmüthen, wenn der Donne Klanz,</Unicode>
                </TextEquiv>
            </TextLine>
            <TextLine id="tr_2_tl_2" custom="readingOrder {index:1;}">
                <Coords points="612,3259 876,3336 1178,3170 1796,3132 1879,3213 2308,3098 2604,3127 2687,3098 2698,2951 2285,2971 2161,3049 1802,2980 1503,3095 626,3081"/>
                <Baseline points="632,3211 638,3211 683,3211 728,3211 772,3208 817,3202 862,3199 907,3193 952,3190 996,3187 1041,3181 1086,3178 1131,3175 1175,3169 1220,3166 1265,3163 1310,3160 1354,3154 1399,3151 1444,3145 1489,3142 1534,3139 1578,3133 1623,3133 1668,3127 1713,3121 1757,3115 1802,3115 1847,3112 1892,3109 1936,3106 1981,3103 2026,3103 2071,3103 2116,3097 2160,3097 2205,3094 2250,3091 2295,3088 2339,3085 2384,3082 2429,3079 2474,3079 2518,3077 2563,3074 2608,3071 2653,3074 2697,3079"/>
                <TextEquiv>
                    <Unicode>Da schauten mir ins Unzewitterbeben</Unicode>
                </TextEquiv>
            </TextLine>
            <TextLine id="tr_2_tl_3" custom="readingOrder {index:2;}">
                <Coords points="644,3394 882,3451 1178,3336 2414,3253 2673,3348 2854,3296 2865,3155 2578,3109 2173,3227 1816,3147 1517,3267 1029,3221 879,3336 655,3253"/>
                <Baseline points="662,3375 674,3378 719,3372 764,3372 808,3366 853,3360 898,3354 943,3351 987,3348 1032,3348 1077,3345 1122,3339 1166,3339 1211,3336 1256,3333 1301,3330 1346,3327 1390,3324 1435,3324 1480,3321 1525,3318 1569,3312 1614,3303 1659,3300 1704,3297 1748,3291 1793,3285 1838,3279 1883,3279 1927,3276 1972,3270 2017,3268 2062,3265 2107,3265 2151,3262 2196,3259 2241,3256 2286,3253 2330,3250 2375,3250 2420,3247 2465,3241 2509,3238 2554,3238 2599,3238 2644,3235 2689,3232 2733,3232 2778,3232 2823,3229 2868,3229"/>
                <TextEquiv>
                    <Unicode>Und jeder von uns Beiden meinte lang:</Unicode>
                </TextEquiv>
            </TextLine>
            <TextLine id="tr_2_tl_4" custom="readingOrder {index:3;}">
                <Coords points="675,3561 1201,3535 1540,3604 2310,3443 2681,3483 2750,3250 1825,3388 1443,3328 908,3466 684,3400"/>
                <Baseline points="692,3527 734,3524 778,3524 823,3518 868,3515 913,3512 958,3509 1002,3503 1047,3500 1092,3500 1137,3494 1181,3488 1226,3485 1271,3485 1316,3482 1360,3479 1405,3479 1450,3479 1495,3476 1539,3470 1584,3467 1629,3464 1674,3456 1719,3453 1763,3450 1808,3444 1853,3441 1898,3438 1942,3435 1987,3432 2032,3426 2077,3423 2121,3423 2166,3426 2211,3423 2256,3420 2301,3414 2345,3414 2390,3411 2435,3411 2480,3411 2524,3411 2569,3411 2614,3411 2659,3408 2703,3408 2748,3405"/>
                <TextEquiv>
                    <Unicode>So trostlos läge auch vor ihm das Leben,</Unicode>
                </TextEquiv>
            </TextLine>
            <TextLine id="tr_2_tl_5" custom="readingOrder {index:4;}">
                <Coords points="420,4216 466,4222 468,4216 517,4213 512,4084 474,4089 445,4118 437,4112 414,4112"/>
                <Baseline points="432,4154 477,4157 519,4157"/>
                <TextEquiv>
                    <Unicode>G.C.F.P.</Unicode>
                </TextEquiv>
            </TextLine>
        </TextRegion>
    </Page>
</PcGts>
