3784 4231
1499 601 2331 957 Ein Ton.
853 930 2986 1345 Zieht meine Seele nieß von Hinnen fort
951 1129 3167 1481 könnte nur Ein Lied, könnt nur ein Wort
874 1348 2403 1689 Ein Wort mich überleben
815 1505 3149 1872 Das tiefste Werk ward oft vergessen schon,
868 1686 3161 2044 Von unserem Dasein kare Einfüßer von
841 1857 2554 2228 Der Rechwelt Knede geben.
788 2222 2974 2577 Und düßer sierend heß ich zu Gericht
803 2420 3025 2823 Und habe zweifeled auch so manch gedicht,
830 2619 2403 2998 So manch Jedicht zureiffen.
838 2687 3060 3128 Vielleicht, daß jenes jehe darunter vor
874 2885 3268 3277 das jenen Ton enthielt so sehr so klor¬
871 3120 3120 3466 Vor Nun, wer kann das das reiffen?
1615 3833 1721 3982 G.F.P.
95 3836 193 4014 G.
