3660 4424
245 995 1588 1258 Nun betrachte ich das Werk als
89 1130 1683 1412 etwas Gewordenes, von ein Losgelöstes,
105 1226 1653 1558 so abgeelig von aben ned ich bin nicht
126 1392 1651 1673 urzufrieden. Du wüßt, wie viel
142 1509 1732 1748 Das bei meiner verbissenen Gewils¬
148 1728 762 1926 absogen will.
292 1716 1704 2030 haß mich sonst darüber schrei gen.
148 1868 1643 2145 2) können zum Herth bestimmt nach
152 1979 1697 2273 Uim. Schon dieser Arbeit wegen
148 2095 1608 2394 nen dann - meine Advokator.
389 2214 1620 2490 Hier Dr Juged, nommen so
146 2354 1631 2641 lange nicht schrieb. Hat Dich etwas
198 2453 1625 2844 Theilichs abgehalten, dann gut, daß
203 2609 1732 2913 ali um nicht geschrieben - sochst wür¬
219 2832 1136 3057 es nicht Statt von Dir.
395 2885 1550 3170 auf das Märchen in Druck
229 2998 1716 3304 geschienen? Hei Du ins Jährers
298 3162 1568 3419 geschieben. Hiersehen noch
330 3239 1641 3539 viele Einzuzuchen, aber ich nicht
1928 622 3101 770 Ce sponm' avec nouveau S Ces pours
3387 737 3508 845 G.C.F.P.
1906 754 2702 944 (ouvrage de même)
3375 861 3486 976 H.O.O
1843 871 3184 1144 richt, wo ich vor sie schreiben
1760 1005 3136 1292 sell, da is im ganzen, daß
1758 1128 3241 1414 Du etwas gethan. “Bitte, schreibe
1766 1327 2566 1509 um über Alles.
1880 1335 3249 1683 2) machte nicht gerne diesen
1750 1533 3120 1811 Buch mit einer hößlichem
1795 1637 3233 1987 schließer und mehr es doch. Ich
1789 1748 3375 2080 habe die ganze Zeit mich unteriell
1789 1878 3318 2259 Grüßlich gezogt. Echt zum Herbst
1783 2050 3348 2358 bestöm ich ein großen Sum¬
1803 2238 2597 2520 für meines Reise.
1866 2303 3332 2633 Eilte, sende nun nur monütz¬
1823 2437 3352 2793 geschwieden 25 fl. Es ist diesarei¬
1825 2536 3361 2872 habers fragen, aber Du nündest und
1831 2629 3397 2990 eine ziemlich sein ließ Sitionalia
1827 2777 3356 3122 erspürm. Die kleinen Gläubiger
3454 2785 3555 2901 200
1825 2876 3330 3235 sind über großer das die jester¬
1856 2986 3259 3290 un doen die gestern lassen
1896 3051 3429 3433 mich welächig in Stihe. ich dreke
