3785 4279
375 237 474 400 FJ
745 726 3142 1099 Ein Stabbi auf ins Hochgerußes Stufen
797 914 3228 1280 für meinen Wohn verjass' ich gern mein Clus¬
742 1102 3170 1462 Heut, hör ich nur im Qualamente rufen,
794 1259 3087 1616 Von erregant spricht nur darum der Fod.
742 1591 2985 1957 Ich bin ein Bürger derer die zuwerfen,
736 1757 3041 2114 so allen Zeiten lebte mein Geschlecht!
711 1850 3145 2240 Und in verzlehten Büchern kannst des lesen
745 2016 3228 2382 Warnen mir nicht in unsern Tagen auf.
3333 2576 3425 2733 E.
