3768 4279
1540 470 2463 838 Als Knabe schon:
904 684 3000 1029 Als Meube schon ahnt ich des Mann es leben
895 835 2923 1189 Und fühlte in der Hand ein seltsam Beber
895 930 3042 1297 Wies jemand fühlt, der sich der Tod willgeben.
901 1252 3119 1505 Seh schon mit Männern sitzen mich beim Weine,
890 1371 3076 1645 Sich schon mit schönen Frauen mich alleine,
904 1497 3125 1831 gön mich schon sprechen: keiner ahnen Freien.
858 1736 2888 2064 als Knabe schon ahrt' ich des Mannesleben
858 1879 3011 2250 Das fühlte in der Hand im seltsam Leben,
838 1993 3139 2344 Wir jenen fühlte, der sich der tod will geben.
1631 2233 2238 2441 Tortschritt.
901 2329 2452 2592 Wol, die Willstür ist verschwunden,
875 2481 2290 2729 Doch das Recht wird eingesetzt,
898 2546 2518 2843 Schrenz vergön sind liehe Wunden,
924 2700 2318 3014 Recht verblüten heißt es jetzt.
3293 2706 3410 2848 r ou
855 2937 2233 3228 Rosch ohn Urtheil Dich zu füllen,
861 3099 2007 3325 Magel für der Nein Despot
867 3153 2141 3453 Horgsarn nach Zusetzestellen
864 3307 2178 3550 Quält Mitbürgerlich zu todt.
887 3498 2195 3786 seinen Elens doch eine mehrere
