3735 4232
1088 580 3191 953 Uns Allen droht gemeinsames Schafatt
850 1042 3002 1412 Wie Beide müssen streben, als und ich
850 1335 1799 1581 drum freyentlich
870 1297 3194 1702 Wärs den Genossen seines Weh zu kränken.
884 1472 3117 1917 O. sie nicht statz auf Deines Leibes Pracht,
890 1759 1868 2058 Was auch erdacht
893 1751 3212 2198 Mein Haupt - in Erde wird man bei des senken¬
841 2167 2982 2574 Wir Beide sind verurtheilt, Beide Wir!
821 2445 1840 2761 drum rach ich Dir
872 2488 3151 2910 Gemeinsam Loos durch Milder zu verschönen.
852 2655 3140 3039 Und hülles du auch in der Hochmut Kleid
904 2904 1929 3166 Tüfftung um Leid,
867 2965 3071 3381 doch um so lauter wird der Heester höhmen.
