3800 4281
1429 705 2096 976 Modern.
831 888 2886 1287 Ich bin ein Bürge, derer die gewesen
828 1023 2956 1394 In alten Zeiten lebte mein Geschlecht
793 1139 3148 1571 Und in verzielbten Büchern kannst des lesen,
796 1319 3132 1719 Wacum mir nichts in unsere Tagen recht.
803 1700 3277 2125 Ein Trou bedour möcht ich treuenden Dichten
834 1838 3289 2203 für eine Dame schmeister, streng und statt¬
834 1996 3311 2342 Mich kränk's, daß heut' auf Frau vergesichten
787 2131 3154 2559 Die Flamme die Zumühung glüß so bald
803 2499 3286 2946 Ein Silber möchs' ich für eine König kniesfen,
803 2701 3081 3034 Da mich in Kellen warfen läßt zum Hohe
831 2795 3377 3198 Doch will mir lodernste Bezeisung Dampfen
840 2981 2908 3440 Die molzemessenbare Dotation
