3596 4232
2270 620 2840 935 Straf zu ändern.
1732 762 2066 948 war.
1412 746 1685 954 es
2463 839 2862 994 beste weg
579 973 2878 1378 Nie sehe' ich meine Jugend mir zurückte,
660 1165 2695 1490 Zum M. einmals ein vergnügnes Jahr,
589 1310 2983 1663 Und dieses greif ich als man einzig füße,
582 1524 2983 1927 Daß ich von vielem sagen kann: es war.
564 1908 2757 2224 Die Schlänerei des Zymensiastenlebens
542 2066 2915 2441 Die hohe Schul! des Diensters frühe Gruß,
551 2270 2751 2627 Die freche Unsinn des Studenstrebens
620 2370 2850 2785 Seltsam zweischt mit Platos Liebesduft
548 2782 3042 3098 Und endlich dann die devaltirten Frauen
592 2952 3011 3361 Zur Stellung draus der Ehe größerer Schmerz,
626 3135 2865 3531 Zuletzt sich im System politisch bauen
852 3330 2896 3736 Münschheit schließen uns mitrufte Ge¬
641 3466 765 3630 a
