<?xml version="1.0" encoding="UTF-8" standalone="yes"?>
<PcGts xmlns="http://schema.primaresearch.org/PAGE/gts/pagecontent/2013-07-15" xmlns:xsi="http://www.w3.org/2001/XMLSchema-instance" xsi:schemaLocation="http://schema.primaresearch.org/PAGE/gts/pagecontent/2013-07-15 http://schema.primaresearch.org/PAGE/gts/pagecontent/2013-07-15/pagecontent.xsd">
    <Metadata>
        <Creator>prov=READ-COOP:name=TrHtr:version=2.1.0:model_id=51170:date=25_07_2023_00:25</Creator>
        <Created>2023-05-01T21:53:29.238+02:00</Created>
        <LastChange>2023-07-25T00:25:26.296+02:00</LastChange>
        <TranskribusMetadata docId="1416422" pageId="54945652" pageNr="21" tsid="130577968" status="IN_PROGRESS" userId="64420" imgUrl="https://files.transkribus.eu/Get?id=MEEIJDDCSGUQGJFCNOMHAWOU&amp;fileType=view" xmlUrl="https://files.transkribus.eu/Get?id=WIRFYORBQLCHPJDQERTNJQKP" imageId="44449737"/>
    </Metadata>
    <Page imageFilename="1416422_0021.jpg" imageWidth="3596" imageHeight="4232">
        <ReadingOrder>
            <OrderedGroup id="ro_1711832261009" caption="Regions reading order">
                <RegionRefIndexed index="0" regionRef="tr_1"/>
            </OrderedGroup>
        </ReadingOrder>
        <TextRegion id="tr_1" custom="readingOrder {index:0;}">
            <Coords points="564,746 2942,746 2942,3821 564,3821"/>
            <TextLine id="tr_1_tl_1" custom="readingOrder {index:0;}">
                <Coords points="604,950 766,994 901,896 1170,939 1713,855 2219,913 2487,849 2499,682 1493,714 1199,809 1017,708 615,711"/>
                <Baseline points="623,895 662,895 707,898 752,898 796,895 841,895 886,892 931,889 975,886 1020,883 1065,883 1110,883 1154,877 1199,877 1244,874 1289,871 1334,871 1378,865 1423,865 1468,859 1513,856 1557,853 1602,850 1647,847 1692,844 1736,844 1781,844 1826,841 1871,838 1916,838 1960,835 2005,832 2050,829 2095,826 2139,823 2184,820 2229,817 2274,814 2318,814 2363,814 2408,808 2453,805 2498,796"/>
                <TextEquiv>
                    <Unicode>Da faßte eines wol des andern Hand</Unicode>
                </TextEquiv>
            </TextLine>
            <TextLine id="tr_1_tl_2" custom="readingOrder {index:1;}">
                <Coords points="595,1106 898,1167 1231,1028 1514,1104 1777,1020 2172,1075 2360,979 2629,1040 2854,997 2863,809 2239,930 1881,855 1352,950 1023,913 818,1037 604,948"/>
                <Baseline points="611,1068 623,1068 668,1068 713,1065 758,1062 802,1059 847,1053 892,1050 937,1047 981,1044 1026,1041 1071,1035 1116,1032 1160,1029 1205,1029 1250,1026 1295,1023 1340,1023 1384,1020 1429,1017 1474,1017 1519,1014 1563,1011 1608,1008 1653,1005 1698,1005 1742,1002 1787,1002 1832,1002 1877,999 1922,999 1966,996 2011,993 2056,990 2101,984 2145,981 2190,978 2235,978 2280,978 2324,978 2369,975 2414,972 2459,969 2503,969 2548,963 2593,963 2638,961 2683,958 2727,961 2772,955 2817,952 2862,949"/>
                <TextEquiv>
                    <Unicode>Und schwur im Unglück nie ihr zu verlassen.</Unicode>
                </TextEquiv>
            </TextLine>
            <TextLine id="tr_1_tl_3" custom="readingOrder {index:2;}">
                <Coords points="595,1274 1034,1213 1202,1317 1623,1176 2903,1170 2912,1005 1459,1112 1225,1031 910,1158 604,1130"/>
                <Baseline points="611,1247 629,1253 674,1244 719,1241 764,1235 808,1232 853,1229 898,1223 943,1220 987,1214 1032,1211 1077,1208 1122,1202 1166,1199 1211,1196 1256,1193 1301,1190 1346,1187 1390,1184 1435,1184 1480,1181 1525,1181 1569,1178 1614,1175 1659,1172 1704,1172 1748,1172 1793,1172 1838,1169 1883,1166 1927,1163 1972,1157 2017,1154 2062,1152 2107,1152 2151,1149 2196,1149 2241,1143 2286,1140 2330,1137 2375,1137 2420,1134 2465,1134 2509,1134 2554,1131 2599,1128 2644,1128 2689,1128 2733,1125 2778,1122 2823,1119 2868,1113 2912,1107"/>
                <TextEquiv>
                    <Unicode>Sie wird mich, wenn sie mich auf Festen fand,</Unicode>
                </TextEquiv>
            </TextLine>
            <TextLine id="tr_1_tl_4" custom="readingOrder {index:3;}">
                <Coords points="624,1465 988,1381 1268,1465 1794,1441 2349,1306 2929,1358 2941,1161 1485,1196 1205,1317 1028,1216 636,1265"/>
                <Baseline points="647,1405 659,1405 704,1402 749,1396 793,1390 838,1381 883,1375 928,1372 972,1369 1017,1363 1062,1360 1107,1357 1152,1354 1196,1351 1241,1346 1286,1343 1331,1340 1375,1340 1420,1334 1465,1331 1510,1328 1554,1325 1599,1319 1644,1319 1689,1316 1733,1316 1778,1313 1823,1313 1868,1313 1913,1310 1957,1307 2002,1304 2047,1298 2092,1295 2136,1295 2181,1289 2226,1289 2271,1286 2315,1286 2360,1283 2405,1280 2450,1280 2495,1280 2539,1274 2584,1268 2629,1271 2674,1271 2718,1268 2763,1268 2808,1268 2853,1268 2897,1262 2942,1262"/>
                <TextEquiv>
                    <Unicode>Mit andern schritt ich lachend durch die Straßen.</Unicode>
                </TextEquiv>
            </TextLine>
            <TextLine id="tr_1_tl_5" custom="readingOrder {index:4;}">
                <Coords points="546,1857 1427,1788 1517,1869 1632,1788 2533,1742 2585,1629 1595,1586 1303,1710 1213,1652 982,1704 560,1655"/>
                <Baseline points="564,1829 570,1826 614,1838 659,1835 704,1832 749,1829 793,1826 838,1823 883,1817 928,1814 972,1811 1017,1811 1062,1805 1107,1802 1152,1799 1196,1799 1241,1796 1286,1793 1331,1787 1375,1787 1420,1781 1465,1778 1510,1775 1554,1775 1599,1769 1644,1763 1689,1760 1733,1757 1778,1751 1823,1748 1868,1748 1913,1745 1957,1745 2002,1739 2047,1736 2092,1736 2136,1733 2181,1728 2226,1725 2271,1719 2315,1716 2360,1713 2405,1713 2450,1713 2495,1710 2539,1707 2584,1704"/>
                <TextEquiv>
                    <Unicode>Und eines Tages grüßte sie ein Mann,</Unicode>
                </TextEquiv>
            </TextLine>
            <TextLine id="tr_1_tl_6" custom="readingOrder {index:5;}">
                <Coords points="566,1996 789,2086 956,1996 1118,2065 1355,1938 1566,2019 1693,1941 1898,1999 2661,1892 2672,1719 1606,1794 1349,1921 1164,1930 1040,1840 575,1863"/>
                <Baseline points="581,1993 611,1990 656,1990 701,1987 746,1984 790,1981 835,1975 880,1969 925,1969 969,1972 1014,1966 1059,1960 1104,1960 1149,1960 1193,1957 1238,1951 1283,1945 1328,1942 1372,1939 1417,1933 1462,1930 1507,1927 1551,1924 1596,1919 1641,1916 1686,1916 1731,1913 1775,1907 1820,1904 1865,1901 1910,1898 1954,1898 1999,1895 2044,1892 2089,1889 2133,1886 2178,1880 2223,1877 2268,1874 2312,1871 2357,1865 2402,1862 2447,1859 2492,1856 2536,1856 2581,1853 2626,1853 2671,1850"/>
                <TextEquiv>
                    <Unicode>Bot ihr die Hand und goldgeschmückte Säle,</Unicode>
                </TextEquiv>
            </TextLine>
            <TextLine id="tr_1_tl_7" custom="readingOrder {index:6;}">
                <Coords points="552,2250 858,2149 1080,2224 1265,2129 1548,2178 1953,2057 2369,2106 2666,2019 2672,1904 566,2057"/>
                <Baseline points="576,2136 611,2142 656,2148 701,2151 746,2151 790,2151 835,2148 880,2145 925,2145 969,2139 1014,2136 1059,2133 1104,2130 1149,2121 1193,2121 1238,2116 1283,2110 1328,2104 1372,2098 1417,2092 1462,2089 1507,2086 1551,2080 1596,2077 1641,2077 1686,2074 1731,2071 1775,2068 1820,2065 1865,2065 1910,2062 1954,2059 1999,2056 2044,2050 2089,2047 2133,2047 2178,2041 2223,2041 2268,2038 2312,2035 2357,2032 2402,2032 2447,2029 2492,2026 2536,2026 2581,2023 2626,2023 2671,2011"/>
                <TextEquiv>
                    <Unicode>Zur selben Zeit zu flüßen, man bequem</Unicode>
                </TextEquiv>
            </TextLine>
            <TextLine id="tr_1_tl_8" custom="readingOrder {index:7;}">
                <Coords points="607,2360 1288,2273 1675,2354 1834,2242 1961,2297 2418,2190 2536,2250 2594,2074 2158,2065 1545,2193 1265,2129 962,2256 618,2198"/>
                <Baseline points="629,2304 668,2301 713,2304 758,2304 802,2304 847,2301 892,2298 937,2295 981,2292 1026,2286 1071,2280 1116,2274 1160,2271 1205,2271 1250,2268 1295,2265 1340,2262 1384,2253 1429,2247 1474,2247 1519,2244 1563,2238 1608,2238 1653,2235 1698,2226 1742,2226 1787,2223 1832,2220 1877,2217 1922,2217 1966,2214 2011,2211 2056,2208 2101,2208 2145,2205 2190,2202 2235,2202 2280,2199 2324,2196 2369,2193 2414,2190 2459,2187 2503,2187 2548,2184 2593,2181"/>
                <TextEquiv>
                    <Unicode>In meinen Liedern wohne Philomeln;</Unicode>
                </TextEquiv>
            </TextLine>
            <TextLine id="tr_1_tl_9" custom="readingOrder {index:8;}">
                <Coords points="569,2496 1236,2444 1326,2519 1915,2372 2505,2386 2603,2360 2614,2207 2207,2297 2034,2250 1716,2354 1337,2372 1202,2282 1078,2354 916,2299 581,2360"/>
                <Baseline points="587,2474 596,2474 641,2471 686,2465 731,2462 775,2459 820,2453 865,2453 910,2450 955,2447 999,2444 1044,2441 1089,2435 1134,2432 1178,2426 1223,2420 1268,2417 1313,2411 1357,2405 1402,2402 1447,2402 1492,2396 1537,2393 1581,2390 1626,2384 1671,2384 1716,2381 1760,2378 1805,2375 1850,2372 1895,2372 1939,2369 1984,2363 2029,2363 2074,2357 2118,2357 2163,2354 2208,2354 2253,2354 2298,2354 2342,2351 2387,2348 2432,2345 2477,2342 2521,2339 2566,2333 2611,2324"/>
                <TextEquiv>
                    <Unicode>Wie haben traurig uns ins Auz geblickt</Unicode>
                </TextEquiv>
            </TextLine>
            <TextLine id="tr_1_tl_10" custom="readingOrder {index:9;}">
                <Coords points="566,2658 855,2715 988,2603 1239,2568 1392,2623 2499,2476 2840,2510 2889,2398 2736,2314 2389,2421 2190,2349 1329,2516 1233,2444 578,2510"/>
                <Baseline points="584,2626 611,2623 656,2623 701,2617 746,2614 790,2608 835,2605 880,2602 925,2599 969,2593 1014,2590 1059,2587 1104,2584 1149,2578 1193,2575 1238,2569 1283,2563 1328,2560 1372,2560 1417,2557 1462,2551 1507,2551 1551,2548 1596,2545 1641,2539 1686,2533 1731,2533 1775,2530 1820,2530 1865,2527 1910,2521 1954,2518 1999,2518 2044,2515 2089,2512 2133,2509 2178,2506 2223,2503 2268,2500 2312,2492 2357,2489 2402,2486 2447,2483 2492,2477 2536,2474 2581,2474 2626,2474 2671,2471 2715,2468 2760,2465 2805,2465 2850,2462 2894,2456"/>
                <TextEquiv>
                    <Unicode>Den Zustell preisend laut, der wunderbaren</Unicode>
                </TextEquiv>
            </TextLine>
            <TextLine id="tr_1_tl_11" custom="readingOrder {index:10;}">
                <Coords points="566,2843 997,2753 1265,2808 1413,2715 1678,2802 1973,2788 2152,2678 2357,2750 2814,2713 2825,2502 1586,2557 1404,2632 1236,2565 858,2713 575,2681"/>
                <Baseline points="584,2781 629,2781 674,2781 719,2775 764,2769 808,2766 853,2760 898,2754 943,2751 987,2748 1032,2742 1077,2736 1122,2733 1166,2730 1211,2730 1256,2727 1301,2724 1346,2718 1390,2715 1435,2712 1480,2709 1525,2706 1569,2703 1614,2700 1659,2694 1704,2692 1748,2692 1793,2689 1838,2686 1883,2686 1927,2683 1972,2683 2017,2680 2062,2674 2107,2671 2151,2671 2196,2668 2241,2665 2286,2665 2330,2662 2375,2662 2420,2662 2465,2659 2509,2659 2554,2659 2599,2659 2644,2656 2689,2659 2733,2659 2778,2656 2823,2653"/>
                <TextEquiv>
                    <Unicode>Der Dicht kunft Gabn hat mich nicht beglückt,</Unicode>
                </TextEquiv>
            </TextLine>
            <TextLine id="tr_1_tl_12" custom="readingOrder {index:11;}">
                <Coords points="569,2993 1130,3025 2279,2915 2403,2973 2727,2857 2736,2739 2198,2695 1748,2822 1433,2710 1262,2811 1000,2753 581,2834"/>
                <Baseline points="587,2951 632,2948 677,2948 722,2942 767,2933 811,2933 856,2930 901,2927 946,2924 990,2921 1035,2915 1080,2909 1125,2903 1169,2900 1214,2897 1259,2894 1304,2891 1348,2888 1393,2880 1438,2874 1483,2877 1528,2874 1572,2868 1617,2865 1662,2862 1707,2859 1751,2859 1796,2856 1841,2853 1886,2850 1930,2847 1975,2841 2020,2835 2065,2832 2110,2832 2154,2826 2199,2826 2244,2826 2289,2826 2333,2826 2378,2826 2423,2826 2468,2826 2512,2823 2557,2823 2602,2823 2647,2820 2692,2817 2736,2817"/>
                <TextEquiv>
                    <Unicode>Ob sie das Gold, hab niemals ich erfahren.</Unicode>
                </TextEquiv>
            </TextLine>
            <TextLine id="tr_1_tl_13" custom="readingOrder {index:12;}">
                <Coords points="1727,3880 1762,3880 1779,3897 1788,3888 1811,3891 1811,3744 1797,3744 1777,3761 1765,3755 1753,3761 1742,3752 1727,3752"/>
                <Baseline points="1742,3811 1787,3808 1817,3811"/>
                <TextEquiv>
                    <Unicode>G.C.F.P</Unicode>
                </TextEquiv>
            </TextLine>
        </TextRegion>
    </Page>
</PcGts>
