3768 4765
1176 614 3125 943 Willst Dn das bange Kältsel mir schlären!
871 830 3038 1205 Willst Du das Bange Rächsel mir erklären,
862 1072 1839 1346 Der Seele Hoth?
859 1156 2955 1510 Was Menschenliebe sollte wohnhaft nähren,
891 1430 1620 1721 Das ist ihr Tod
850 1649 3142 2024 Warner befreundet, Blick und Kucheln, thrünen,
896 1897 2024 2211 Ein Feind der Kuß
896 1980 3202 2306 Warnen gedrüft die Liebe nur in Sehnen,
908 2237 1853 2499 Stiebt in zurust?
902 2384 3177 2828 Warum glüßt heller hier der kleine Funke,
888 2724 1773 2966 Als volles Licht
945 2730 3277 3113 Warum konnte Trunkenheit hier vor dem trunke
905 3024 1885 3298 Und nach ihm nicht
1709 3989 2387 4203 Dr. Leo Ebermann
1349 4099 2594 4387 dankt Dir bestens für
1363 4289 1865 4514 Dein Buch
1839 4364 2292 4546 1/5/1900
