3732 4232
2935 90 3146 272 A. W.
1496 572 2323 896 Trenlés, piel
858 820 2883 1118 Wir traten ein in Senat Staphin Dom,
904 1034 1759 1248 Zum Belen nicht.
849 1000 3065 1395 Nie flehen nur des Lebens könnten Strom,
849 1271 1693 1554 ales Tageslichst.
815 1297 3013 1670 Nun hier ins seelenvollen Dämmeschein,
820 1488 2828 1840 Wo Andochs Aller jeden läßt allein
881 1701 1970 2031 Verliebt zu kofen.
792 1872 3137 2317 Ein düster, Pfei, er dacht das freute Spiel;
838 2135 2198 2476 Es lach das schöne Weib
800 2120 2863 2585 Da ich bezauber auf die keine fiel
867 2357 2138 2707 Vor ihrem Füssen Heib
823 2406 3082 2877 Wie im Gebeten schienen nie versunften
829 2536 3108 3013 In daß von iedischem Begehren tueken
792 2854 1860 3186 der Eufen Abt.
