5239 4167
234 228 2477 422 Als ich hier ausam und vor dem Hötel
231 387 2480 607 Post auf mein Sepäck wartete, war
3248 422 3428 598 "  "   "
260 517 2549 725 Thr „Güstl Wahl“, das erste bekannte
251 670 2535 855 Gesicht, das ich sak. Er wird meine
289 783 2471 1014 grosse Heiterkeit bei seinem Au¬
301 913 2483 1127 blick nicht verstanden haben.
234 1066 2561 1280 Lieber Arthur: Ich danke Ihnen
309 1217 2428 1431 für die schöne Wackmittags-
324 1306 2549 1584 Vorstellung die Sie mir verschafften
335 1494 2422 1665 bin sicher, dass sic noch sehr
361 1621 2468 1858 riel Freude au Thier Tragi-
353 1746 2321 1985 Komödie haben werden,
419 1905 2552 2176 habe thuen noch eine ganze
413 2084 2332 2326 menge darüber zu sagen
373 2246 2566 2442 (hoffentlich kommen Sie bald hie¬
439 2407 2529 2679 her) - und ginsse - mit Caula
390 2546 2566 2806 zusammen - Sie und Ihre Frau
451 2731 1338 3017 herzlichst.
1624 3066 2399 3344 Richard
