4504 4215
1941 328 2410 507 Aussee 1
2582 303 2910 513 -04.
277 430 704 612 '̃̃ ̃.̃ •.
842 373 1096 641 1,79 - 9 -
1135 469 3564 822 Lieber Artkur. „Paula und Kinver fahren
1058 740 3439 956 morgen Mittag zu Pama trach Baven¬
1077 934 3596 1103 In Lueg übernachten hat nicht viel Sinn:
1096 1103 3427 1265 anschrein süche ich mit meinem
1119 1195 3640 1450 Hüsten möglichst bald am allzu feuch¬
1141 1402 3618 1667 ter Luft zu entweichen. Wir treffen
1141 1622 3442 1893 um also in Salzburg. Bin noch
1122 1858 3407 2002 is nentschlossen, wo ich wohnen soll.
1138 1999 3481 2174 Ich hinterlege Brief für Sie im Caffie.
1138 2180 3529 2368 Fornaselli mit meiner Adresse. Vielleicht
1106 2352 3666 2499 wohne ich Schiff. Geben sie mir - ebenfalls
1160 2483 3207 2681 bei Tomaselli - Ihre Adresse an.
2126 2630 3127 2859 Herzlichst Ihr
2678 2869 3251 3124 Richard
