5047 4056
2155 416 3031 747 Velden 29/7/18
1156 593 3617 992 Lieber Arthur. Uir haben über
1169 860 3746 1214 legt: Es ware mit drie kinvern,
1131 1086 3646 1414 u. der Christine (6 in einem
1131 1266 3698 1575 Nagen) nicht schön 41 Tage im
1144 1469 3434 1762 Wagen bis Bogen zu fahren.
1156 1698 3608 1965 Auch für das täglich Aus uns
1147 1823 3666 2129 Empacken - täglich wo anders
1137 2007 3724 2335 überwachten sind bessere Verven
1160 2229 3730 2542 nötig, als Baula augenblicklich
1218 2368 3695 2609 hat. Sie hat mir den Wunsch
1189 2538 3743 2831 viel zu schlafen ruhig zu sitzen
1202 2712 3559 3025 und in sehr heisser Sonne zu
1202 2867 3659 3189 braten. So drängt Alles wock
1150 3092 3640 3334 dem Lido, den wir in nicht
1189 3270 3630 3547 -ganz sieben Münven von
1182 3453 3382 3808 Thier, erreichen können
