4390 4215
1505 460 2682 655 Aussée 5/II
1153 457 1323 668 17/1
2892 514 3059 624 V. F.
727 516 992 640 V. U.E. E.
1295 668 3298 876 Lieber Artbur! Wenn das Wetter nicht zu
1300 830 3283 1007 scheusslich ist, ben ich Mittwoch 11.46 m
1295 984 3329 1179 Lucq. An 4'02 fahre ich von Lueg nach
2702 1094 2854 1182 6'05
1292 1166 3170 1323 Ischl (5.02), und von dort (§ 55) vrach
1256 1282 3319 1480 Aussee (7.15). Bei späterer Absahro von
1307 1418 3275 1639 Zueg hätte ich keinen guten Anschluss
1318 1528 3342 1721 wach Anssee. Vielleicht fahren sie dann
1318 1695 3362 1811 d: statt Donnerstag früh, Uiterwoch Nach¬
1354 1772 3303 2009 mittag mit mir. In zurück wohnen
1328 1901 3309 2099 Sie nicht Elisabeth, das um diese Zeit
1356 2040 3416 2271 im Veroden sein durfte. Vielleicht „Post
1343 2168 3239 2381 (ich glaube jetzt i Franz Carl”) wo die schon
1369 2314 3237 2497 einmal wohnten. Oder "Hackinger"
2204 2463 2363 2556 "2
1374 2476 2235 2700 Cizhery - Johann
2101 2576 3059 2790 Herzlichst Ihr
2600 2764 3116 3036 Pichard
