5144 4200
3895 312 4676 561 Ischl 7/Yr 10
826 438 1138 636 jusqu'a l'a fait
1297 455 1855 633 '̃' ̃ •
2659 446 3566 737 Lieber Erthur!
2687 695 4899 932 Ihr Brief ist mit seiner neuen Adres sirma
2687 890 4743 1122 gestern angelangt. Nun weiss es
2717 1038 4835 1225 der Briefträger - glaube ich - auch
2740 1152 4338 1367 schon to, Steinfeld p"est"
2687 1325 4852 1526 Hier, die gewünschte Abschrift, des
2759 1398 4919 1629 "einen schönen Verses 'Jaus der "Welt"
2798 1574 4938 1769 i. d. m. sich langweilt. Bitte, lassen
2734 1682 4947 1894 Sie die Verse vielleicht von Fräulein
2765 1819 4947 2048 Pollak abtypiren, um schicken
2734 1961 4810 2176 Sie nur die Abschrift zurück
2773 2095 4910 2279 ich brauche sie, um sic dem über¬
2782 2190 4919 2419 setzer ins Ungarische (dem ich sie
2757 2332 4958 2547 vor Monatenversprack) zu schocken
2731 2472 4952 2676 „Das weite Land“ habe ich auf der
2759 2606 4938 2770 Fahrt mit vieler Freude gelesen
2745 2740 4986 2955 Es hat den denkbar schlanksten
2762 2863 4827 3097 Aufbau, und das bewusste
2765 2977 4969 3245 Nicht verkleiden, des Construkti¬
2787 3116 4952 3381 ven, wirkt am Ende — wo ei¬
2776 3259 4986 3507 nem, die tührung klar wird¬
2765 3381 4969 3585 wie ein neuer Reiz. Sie haben,
2865 3580 4885 3747 glaube ich — bisher noch eine
2745 3674 4969 3906 so straff die Zügel aller Ihrer
