5258 4200
245 296 2513 525 Handlungsreisenden, und der eines
271 429 2530 640 Erpressers sein. Für Mensch
302 547 2546 795 dieses Schläge, wäre eine Hölle
364 719 2476 894 leicht zu erfinden: Der Ort
350 846 2535 1080 wo Alles, um seiner selbst willen
384 998 2510 1235 gesagt und getan wird, um
400 1156 2546 1356 wo nichts sich spiegeln kann.
415 1289 2541 1526 Ich begreife, dass trauen die
395 1441 2513 1678 Existeur von Hofreiters als eine
412 1576 2524 1850 einzige grossartige Reverenz
420 1754 2493 1954 vor ihrer Jexnalitàl empfin¬
443 1892 2592 2107 den, aber ick verarge - Ihnen,
457 2098 2558 2301 lieber Arthin - sehr, dass trau
448 2231 2555 2448 Genia ihn liebt. Ich, glaube
431 2414 2566 2586 immer, & Sie haben, aus gemein¬
426 2527 2561 2741 samer Jugend her, noch mehr
448 2656 2499 2854 Sympathie für Herrn Fried¬
666 2826 2470 2978 -rich Hofreiter, als er ver-
468 2913 2563 3136 dient. Wenn schon — dann
494 3023 2538 3277 ziehe ich die Aiguers vor. Bei
485 3150 2524 3347 denen ist es animalischer
494 3291 2459 3474 mehr um der Sache selbst
468 3418 2592 3635 willen, und wie Alles Sachliche,
471 3550 2349 3787 zuletzt nicht hässlich
491 3705 2417 3987 übrigens ist, das: „hnd man
2862 209 4461 451 kann doch nicht Jeden
2843 319 4924 589 Hofreiters, in der letzten Scen¬
2859 496 4924 728 prachtvoll. Hier wirkt er doch
2840 643 4862 877 grösser, und kat ein, anveres
2890 798 4958 945 Gesicht, als die Kleinlich ver¬
2851 888 4997 1136 Kuitterten Züge einer lüsternen
2848 1043 5014 1261 mains (über die, von deuklein
2840 1182 4870 1416 sich Kraüseluden Haaren
2865 1368 4907 1582 ein Schatten Tinderishums
2888 1497 5034 1715 fällt) - an die mich, das Ori¬
2888 1633 4585 1864 ginal immer erinnerte
2913 1808 4921 1985 Missrathenes Halbblut, das
2902 1943 4958 2123 einen — nicht mich — nach
2907 2044 5006 2253 denklich machen könnte.
3201 2186 5053 2420 eine einzige Stelle im Stück
2871 2326 5053 2549 würde ich gerne vermissen: Ende des
2876 2465 4949 2679 III. Aktes. Die Worte Ernäs.“ und
2890 2654 5022 2806 ick, ahne, es giebt noch schoure
2854 2738 5017 2936 Stunden, als die dort oben war
2843 2871 4597 3088 auf dem Aignersum
2865 3023 4994 3232 Hier - wock dazu in Association
2874 3167 5031 3378 mit der Table d'hôte - wirkt das
2857 3297 5003 3514 nicht wie nuhige Offenheit, son
2859 3454 5101 3624 dern es wird, daraus ein Komisch¬
2876 3584 5065 3770 pedantisches, sich an den Tisch der
2902 3705 5099 3900 Liebe Petzen, und auf den letzten
2876 3846 3762 4050 gang freuen
