5272 4200
263 490 2496 686 Figuren gekallen, und man ein¬
232 546 2466 834 pfindet, alles, was feinfühlige
316 733 2418 929 Kritiker „Beiwerk“ nennen
325 812 2427 1044 als woltuend, nur scharf ge-
291 960 2544 1195 spanntes ein wenig zu löckern,
355 1108 2550 1321 Schonim Medardus "Schien mir
285 1237 2524 1475 die Richtung erkennbar, wack
311 1346 2273 1590 der Sie sich mijn wenden.
375 1441 2552 1713 Es scheint, als genügte es Thuen,
350 1590 2564 1872 nicht und wäre nicht in Ihren
339 1724 2592 2012 Absichten gelegen, die stärksten
414 1881 2544 2175 Wirkungen von den einzelnen
414 2057 2586 2343 Menschen Thres Stückes, nnviloren
451 2275 2583 2491 Schicksalen, ausgehen zu lassen
453 2413 2592 2670 sondern als strebten Sie, bewust
459 2583 2564 2804 dakin, Einzelschicksale derart
428 2687 2438 2902 mit einander zu verknoten,
467 2810 2533 3020 dass jedes Theitschicksal, nur
493 2953 2592 3202 ein sich unterordnender Zug,
493 3095 2569 3347 eine Ruuzel, ein Grinsen, im
498 3235 2614 3470 Blick einer einzigen Schick¬
493 3375 2578 3571 salsmaske wurde, deren
521 3512 2460 3756 Ausdruck, am Ende des
493 3647 2634 3857 Stückes, das wäre was einen
456 3770 2645 4011 als Wesentlichstes haften bliebe.
2863 176 5021 459 Sie können freilich sagen, - dahin
2838 414 5055 593 gienge endlich, alles dramatische
2874 523 4898 725 Gestalten. Nur, scheine mir
2860 655 4864 879 jetzt – ich möchte sagen - die
2835 775 5074 1033 Art Thres Vortrags, Ihre Stimme
2902 924 5046 1142 7 à rtlicher und liebender zu sein.
2955 1047 5024 1254 kenn es um Verschlinungen
2939 1175 4945 1377 von Schicksalen geht, als mn
2925 1307 4825 1531 das Tühlen der Einzelnen
2930 1422 5099 1657 übrigens ist die Figur des „Hofreiter"
2913 1581 5041 1766 so stark herausgekommen, dais
2922 1741 5094 1937 es mir wie Kindern getzt, denen
2950 1867 4987 2091 die Bösewichte des Stückes
2944 2102 4940 2317 nie genug geprügell werden.
2944 2175 5111 2474 Den Hofreiser an den Sie dachten
2939 2365 5097 2569 kenne ich mir sehr oberflächlich
2944 2499 5080 2706 aber dieser „Charmeur“ war mir
2961 2608 5046 2818 in seiner halbfrecken, halb im
2972 2762 5130 2955 wandirenden Koketterie immer
2978 2900 5119 3109 unerträglich. Alles was er sagte
2978 3053 5108 3328 und tat, war ein Versuch einen
2958 3182 5077 3470 = beschwätzen, oder zu brutali¬
3009 3375 5091 3599 sieren. Ich glaube imer die
3003 3510 4996 3750 Art wie er seine Liebe an die
2925 3647 5007 3871 Fran bringt, muss ein Mittel.
3431 3792 3697 3907 H. Schlegel
2978 3795 4884 4033 ding den Energie eines
