4531 4184
2401 334 3344 617 Rovann 12/8104
3405 458 3593 586 1,10
3684 469 4060 655 „ „ —: „
1301 686 3299 986 Lieber Arthur! Wach einer Ber¬
1277 877 3376 1124 einer Zeitungsnötig ist die Première
1296 1039 3254 1219 von Ruderer am 15 Nov. - dann
1283 1200 3416 1423 komme ick daran. Reinhardt gönnen
1269 1344 3366 1574 Sie von mir und sagen Sie ihm dass
1280 1529 3320 1744 ich ein Felegram von ihm erwarte
1304 1656 3283 1852 -es kann auch ein Brief sein
1317 1807 3233 2003 um abzureisen. Viellaicht - auch
1341 1974 3371 2207 vie Nachricht ob ich Bristol’ oder
1352 2141 3421 2319 Carleton (schreibt man das so?)
1352 2268 3315 2425 wohnen soll. Carleton soll gang
1352 2422 3418 2597 nen, sehr gut, u. noch näher v. Theater
1354 2504 3331 2753 gelegen sein, u. Reinhardt sagte
1352 2645 3426 2833 er wurde es vierer Tage mit "Carleton"
1354 2780 3379 2968 versuchen. Moissi behanveln Sie¬
1352 2939 3445 3151 möglichst streng, arbeiten Sie persönlich.
1352 3079 3286 3273 wil ihm - was Sie Ihrem Heure
1354 3204 3408 3424 tini, tun Sie meinem Thilibo.
1354 3376 3273 3612 Kerr: Bic, Heimann - ausdrückliche
1394 3540 3161 3803 Grünse - ausserdem Prüsse
