5047 4056
1145 347 3395 762 Ich reise also Samstag hier ab,
1148 640 3707 987 bin es - wenn sie dies lesen hoffen
1128 865 2058 1177 with schon
2128 865 3675 1202 — übernachte in Villac,
1151 1058 3607 1360 my fahre Sonnag think wack
1186 1238 3733 1572 Vermig, vorläufig Bauer Grün,
1173 1450 3665 1755 Walk, bis wir Zimmer auf dem
1215 1640 3717 1871 Livo bekomen. So werve ich lie
1209 1829 3749 2135 erst wieder in Wien sehen, ausser
1190 2038 3684 2379 Sie wählen den Rückweg über
1157 2222 3591 2549 Vermig - was ja auch einiges
1164 2421 3752 2762 fin sich hatte. Im Herbst erhoffe
1218 2694 3691 2996 ich mir sein paar schöne Tage
1206 2845 3697 3183 mit Spaziergangen mit Ihnen
1235 3045 3572 3369 - hier folgt eine Schwerung
1186 3218 3697 3533 Wiens im Herbst – von Ihnen besse
1206 3421 3588 3598 besorgt als von mir. Von Herz
1299 3543 3819 3823 Sr Pichow. Immautrari olga von Pauli ist
