4210 4216
161 463 484 632 + * * 1
3766 496 3974 640 1/2
1609 476 2873 719 Aussee 3/12.04 Morgens
1159 760 3157 985 Lieber Artbur. Ich bin seit gestern
1205 911 3204 1123 fertig, und habe nun mir noch mit
1228 1029 3157 1244 Durchsicht zum Theil Reinschrift
1208 1164 3196 1389 einzelner Akte zu thun. Ich wir
1210 1300 3204 1494 de mich sehr freuen wenn Sie mir
1197 1428 3216 1612 Ihre Frau herüberkämen. Aber bitte
1215 1579 3076 1783 dann für einen ganzen Tag, u m
1244 1689 2984 1937 kommen Sie recht zeitig früh
1356 1824 3234 2057 12 nd 9h geben zuge von Ischl
1264 1998 3285 2175 ab. Sevenfalls kome ich nach Ischl
1264 2126 3280 2275 hinüber. Theilen Sie nur auch mit
1264 2254 3198 2449 welche Tage den Lucgern (von Lueg
1300 2403 3191 2602 -gewidmet sind. Es hatte nicht
1272 2520 3229 2720 viel Sinn für mich gerave an
1282 2653 3114 2863 einem solchen Fag zu komen.
1246 2807 3268 2971 Ich freue mich wieder einmal mit
1249 2902 3198 3086 Ihnen beisammen sein zu kön¬
1272 3047 3331 3285 nen, und ging Sie von ganz ein
1282 3198 1776 3375 Herzen
2267 3301 2873 3544 Poharn
