3704 4200
3260 101 3381 302 25
806 507 3260 837 Ich hab ihn geliebt, wie gan
803 709 3447 994 jünge Mädchen große Männer lie¬
806 890 3402 1154 ben, von denen sie in Büchern lesen
820 1095 3419 1414 ohne Hoffnung, daß sie ihm jemals
705 1334 1355 1508 à gagner
778 1324 3350 1609 sehen könnten. Da xxx in der
782 1539 3381 1786 Wäldere und Wisten wandelt die
782 1724 3440 1995 großer Held, für die ich schwärmte
851 1991 3447 2221 und piterte.... und wann die Leute
1967 2075 2276 2269 recht.
796 2130 3492 2432 zu mir gesprochen haben, als wäre
820 2356 3482 2648 das mein Mann, so hab ich xxx Kaum
803 2596 1665 2853 begriffen.
709 2759 2804 3041 Laura: Das ist doch seltsam
751 2950 3548 3301 Teresind. Ohnein. Ich habe der Leuten gere¬
1042 3190 3527 3468 esagt... Ja was weiß ich denn von
872 3357 3343 3708 ihm? Jeder von Euch weitz so viel
