3352 4088
268 404 2096 761 has [illegible] not
296 598 2503 860 Sultiue day keene geliebt
287 792 2370 1113 gehabt habe - she wil alle
330 1063 1202 1273 kohellirt -
333 1100 2611 1427 Fol at sie ees illosie alle
382 1369 1923 1581 lui Ende in marten
351 1461 2728 1732 zu flieben. Ihre Tochte auch keine
376 1742 1178 1970 in lasse.
404 1831 2740 2096 nicht als Süderl zu schilder.
438 2019 2919 2266 Je kai in the heomlchend ehein
438 2287 817 2466 reder
475 2518 2820 2802 Le liebt ihre alle inklid noch meent-
410 2743 2654 3052 Daher ains die Treue frischen etc
432 2978 2589 3181 is howe lange, slocher sen -
