3736 4120
3412 161 3539 277 11.
873 493 1225 681 ben?
770 606 3477 883 Pietro. Wie kommst Du auf diese Idee?
791 883 3546 1109 Teresina. Vielleicht halten sie ihn gefangen.
904 1013 3498 1287 vielleicht ist er das unter irgend¬
914 1218 3566 1448 wo König geworden und sie lassen
900 1393 3587 1660 ihn nicht los? Oder er sucht noch immer.
835 1533 3508 1879 Pietro. Niemand glaubt daran. Er kommt
907 1797 3522 2084 nicht wieder - und Du bist frei. Gan¬
893 1917 3546 2218 Italien wäre damit einverstanden,
904 2173 3525 2471 daß Du Dich frei fehlst. Fast Du irgend
893 2389 3426 2622 welche Verpflichtung? Mußte Er selbst
921 2591 3583 2868 nicht alles begreifen, wenn er zufäl¬
890 2772 3529 3056 lig wirklich König in Afrika gewor¬
904 2937 3559 3207 den ist und etwas erfährt? Sorgst Du
910 3176 3600 3464 nicht seit Jahren selbst für Dich? Er hat
897 3327 3529 3662 kein Recht auf dich, weder im Tod,
