3688 4200
3228 160 3399 345 24.
868 519 3437 784 gar nicht recht vorstellen kann, daß
865 767 1680 973 er todt ist.
701 917 1590 1154 Laura. Wie!
746 1001 3420 1391 Teresina. Wahrhaftig, es ist, wie ich Dir
879 1293 3479 1586 sage. Ein einziges Mal hab ich eigent
2841 1506 3378 1740 gehabt.
833 1513 2841 1813 lich die Empfinding davon
858 1715 3479 1970 das war damals, wo das Schiff mit ihm
854 1903 3497 2182 und seiner Gefahrten meiner Augen¬
875 2099 3469 2385 entschwinden ist. Aber von dem Au¬
816 2273 3420 2569 genblick an, wie die ersten Nach¬
861 2500 3518 2838 richten von ihm Kämte, fing er wieder
2388 2726 2751 2838 und
833 2751 3441 3016 an pr leben... sozusagen als
854 2956 2378 3246 ein anderer Bezusag.
816 3141 2890 3378 Laura. Das reist ich nicht gan¬
718 3312 3518 3612 Teresina. Das kann ich Dir schwer erklä¬
