6408 4184
6066 160 6236 311 59
3665 351 4842 679 gewahrt Pietro)
3568 609 5400 899 Laura. Ah, Herr Geraldini
3558 766 6243 1063 Pietro. Ja. Ich. ich war so glücklich
3665 970 6270 1271 Frau Fileschi als erster die Nachricht
3665 1187 5042 1451 zu bringen, daß
3561 1338 6203 1638 Teresina (sieht sich um, gewahrt Laura¬
3695 1555 6260 1802 entfernt sich auf eine Weile von dem
3678 1762 6025 2036 Balkon, stürzt ihr in die Arme.)
3671 1969 6249 2270 cord. Meine liebe Teresina.... ist des
3668 2167 6266 2481 in Glück... ein unglaubliches, un¬
3648 2361 4795 2705 erhörtes Glück.
3554 2608 6239 2852 Teresina. Ich fasse es noch zu wenig, ich
3832 2789 6169 3133 (Sie reizt ihr das Blatt aus
4688 2999 4879 3150 N 9
5116 2993 5430 3116 alles
3635 3039 6260 3340 der Herr Ja, ja, also wie Herr Go¬
3641 3250 5149 3544 xaldini gesagt...
