4216 5416
2025 482 2533 758 — 88 —
804 868 3747 1130 Maria:  Mann, der Papa kommt zurückt
838 1085 3872 1297 Tereaina: Mein liebes Kind! (Mit MARIA auf den Balkon. Ver-
857 1255 2257 1445 Teresina stärkte Rufe unten:
868 1380 3296 1574 Sroole: wille auch xxxn:
815 1559 3811 1748 Laurat Bleib' nur - da gehörst Du nicht hin. - Ah, Herr Ge¬
868 1741 2901 1904 raldini - guten Abend.
804 1862 3705 2059 Pietre: Ich war so glücklich, Frau Fileschi als Erster die
887 2006 3815 2219 Taresins Nachricht zu bringen.
831 2150 2670 2374 Tèresina u. Maria: (:ins Zimmer herein:
755 2348 3652 2583 Laura: faisie umarmend: Meine liebe Taresina, welch ein
872 2507 3292 2632 Verexx Glückt xxx sehr freundlich, xxx
743 2586 1801 2841 Teresina: Ich fass:
827 2810 3804 2992 Der Hausmeister: Stritt ein: Guten Abend, gnadige Frau. Ich
872 2909 3876 3155 habe mir doch gedacht - der Telegraphenbote nagte mir.
1316 3110 3823 3303 es wurde ihm nicht aufgemacht - und da hat er mir...
770 3243 3239 3387 Teresina: xx reisst ihm das Telegramm aus der Hand:
899 3372 2583 3455 Bürgermeister: Verehrte gnädige Frau
1305 3375 3830 3550 Freilich, man muss wol die Klingel überhört haben bei
819 3428 1255 3603 Hausm:
1346 3516 3849 3683 nicht lieber auf dem Balkon besorgen? (:Er tritt mit
1335 3588 1771 3701 dem Lärm.
1380 3664 1851 3774 ihr xxxraus
1927 3622 2951 3770 Jubel unten; seine erst
808 3648 3857 3842 Luura: Liest das Telegramm, das ihr Taresina übergeben hat:
1490 3834 2112 3937 im Jubel unter.
2533 3827 2928 3933 Casse Got
1267 3834 3823 4020 "Meine Freunde Benei und Aldini sind mir vorausgeeilt
1339 3990 2719 4092 harren siehtbarlich belohnt xxx
1335 3971 3865 4176 und senden diese Worte ab. Nach unsäglichen Irrfahrten
1335 4157 2602 4236 lien mit Ihnen geharrt und
2674 4130 2852 4232 ehrt
1324 4138 3868 4335 und Beschwerden befinde ich mich mit sieben Geretteten
1339 4304 2617 4396 nun auch Ihre Freude teilen
1316 4308 3762 4498 auf dem Heimweg. Ich bitte Dich, komme mir mit Maria
1369 4460 1786 4551 :wieder
1885 4464 3307 4551 stein; Ellen die Hende reichend:
1324 4452 3838 4669 entgegen. Schifft Buch in Neapel ein und erwartet niel
1718 4604 3789 4805 meine lieben Freunde - wie soll ich Ihnen xxx
