3736 4120
3403 143 3515 343 to
951 423 3557 731 gründung gegenüber Lauen Bru¬
937 706 3560 874 nati oder irgens einem andern Men¬
899 839 3543 1098 schon auf der Welt? Bist Du nicht frei,
913 1011 3539 1287 kannst Du nicht thun und lassen, was
902 1252 1738 1486 Du willst?
780 1375 3599 1630 Teresind. Mein Kind, ich habe mehr Rück¬
916 1584 3578 1899 sichten zu beobachten als irgens ei¬
878 1787 2154 2050 ne andere Frau.
804 1903 3560 2263 Pietro. Das läugne ich entschieden. Früher
3092 2105 3424 2245 des
916 2196 3428 2438 einmal, die ersten drei Jahre, will
934 2382 3424 2648 ich Dir zugeben. Aber endlich
930 2550 3581 2871 einmal muß das aufhören, kein Mensch
923 2728 3550 3067 wird die zumuthen, daß Du Dein gan¬
909 2973 2616 3256 ges Leben vertrauerst.
797 3130 3595 3459 Teresind. Trauer – Wie kann ich denn trai¬
972 3344 3560 3651 ern?.... Vielleicht ist er noch am Le¬
