6456 4184
3663 420 5344 698 die Nachricht gekommen.
3548 600 5442 868 Teresina. Wo ist ein Blat?
3572 783 6215 1095 Pietro. Ich hab eins gehabt – man hat
3640 1013 6276 1254 mir's gleich wieder aus der Hand ge¬
3640 1230 4124 1444 rissen.
3545 1284 5398 1606 Treasina. Was steht drauf?
3612 1508 6215 1779 Pietro. Die Ergedition von Pallestina
3633 1749 6259 1989 hat ihr und sieben seiner Gefährtrag
3623 1891 6215 2196 funden. Die xxx sind todt...... Sie
3623 2087 6195 2423 sind auf dem Rückweg¬
5652 2267 6076 2494 or
3680 2321 5578 2582 and Aldn sind vorm
3619 2572 6273 2867 glaub ich und Aldrien sind voraus – von
3629 2816 5676 3104 ihm kommt das Telegramm.
3579 3016 6290 3257 Tereuna. Sicher. - sicher? Alles das ist
3711 3267 4307 3487 wahr?
3599 3335 6327 3660 Pietro. Ja, es ist vollkommern authentisch¬
