3880 5336
1103 928 3276 1176 für 4 Allgemeine Verabschiedung###rträt weisend:
1091 1127 3301 1300 sich dies: xxx an den sie nicht in die
1088 1263 3352 1463 Ferne? Und immer hatte er diesen Blick; ich hab'
1399 1351 2503 1475 Auftritt.
1073 1402 3379 1605 ihn die anders gesehen als mit diesen Augen, die
997 1490 2617 1693 TERESINA, LAURA, EROOLE, MARIA.
481 1523 958 1705 G.C.H.F.P
1490 1599 2143 1750 xyz xxx
2215 1587 3412 1774 hat mich nie geliebt, und
484 1668 1061 1919 Laura:
1070 1684 3443 1901 geht auf den Balkon, Kinder, und spielt dort. nicht
580 1853 889 2007 G.C.H.F.P
1088 1886 3491 2073 zu po. KROOLE und MARIA auf den Balkonien, ich will
505 1983 874 2212 Laura:
1082 2037 3461 2222 N:läehelnd: xxx mehr sein, ich habe es satt,
496 2185 964 2388 Teresina:
1088 2185 3358 2391 Es ist unerträglicht Ich fang an, mich zu schä-
450 2321 822 2521 Maria;
1076 2300 3379 2548 men. Ich komme mir vor wie eine Betrügerin:en wir
453 2475 849 2669 Laura:
1079 2478 1838 2657 Warum denn das?
1215 2605 1590 2817 weil
1070 2796 3231 2959 Schmerz - ich bin einfach wüthend### lassen.
2291 2944 2820 3122 G.C.F.P.P
1070 2935 2104 3128 Auf wen denn?
399 2880 988 3071 Laura:
408 3113 937 3288 Teresina:
1070 3098 3418 3261 Nun, auf wen anders als auf meinen Mann bleiben.
1049 3243 3231 3455 Ohilst Du so gut sein, Maria für den heutigen
514 3264 877 3382 Laura:
1133 3388 3346 3591 ###ist nun einmal xxx, ich kann mir nicht helfen.
405 3418 964 3597 Teresina:
423 3564 919 3733 Maria!
1076 3521 3449 3724 Teh dank' an ihn nicht wie an einen Toten; das ist
423 3700 934 3896 Teresins:
1064 3718 3343 3896 ###. Und Ich denke nicht an ihn wie an Einen, der
453 3854 919 4029 Laure;
1028 3860 3307 4062 mein Gatte gewesen ist, hat heut soviel „Aufre¬
508 4002 825 4201 Laures:
1040 3975 3470 4183 Das ist mir sehen Lang so vorgekommenliret Du Maria
429 4171 940 4368 Törenin:
1058 4150 3428 4361 Und vor ist daran schuld als er? Sage selbst: von
423 4316 934 4522 Teresina:
1052 4298 3467 4549 hat er geliebte Den Raum oder nicht die Quellen- Al###
1043 4464 3249 4697 xxx mit xxx ist heute für mich
1049 4646 1599 4866 nichts
2279 4658 3328 4839 re Frauen Italiens, als
