6456 4200
3764 367 5891 666 derbare Geschichten kommen.
3558 563 6293 885 Pietro. Aber das weitz niemand. Ich häte
3678 772 6286 1071 mich wohl, zu sagen, wo es ist
3610 964 4361 1259 Laura. So?
3593 1149 6355 1438 Pietro. Man erfährt nur, wo es liegt,
3623 1338 6224 1664 Laura. Ich bin wirklich neugierig
3572 1554 6269 1839 Pietro. Wenn man sich die Mühe gibt,
3692 1740 5366 2052 mit mir hinzufahren.
4042 1959 4835 2186 opzurück
4581 1959 6338 2203 Wendet sich ab. Ercole!
3613 2031 3977 2175 Laura
3888 2155 6108 2306 7.) Auch kein Gott in der Wolke.
3692 2237 6231 2477 Ercole. - To komm doch - Du siehst,
3699 2402 6324 2683 es kümmert sich niemand um Dich.
3654 2601 5638 2913 (Sie holt ihn) Gehen wir
3781 2858 5655 3167 Pietro, Laura, Ercole ab.
3816 3184 6193 3352 Der Lärm wird immer grösper:
3599 3304 5953 3610 Teresina (Küsst wieder ihr Kind)
