6440 4200
3639 361 6242 691 der Führer, den Held... hör nur, wie sie
3639 597 6168 880 jubele... mein Adriae Kommt zurück.
3561 742 6269 1069 Pietes (fast schwiens) Teresind. (Das Rufen ü¬
3595 978 4829 1255 ten immer lauter)
3555 1180 5555 1464 Teresind (reitzt das Fenster auf.)
3568 1339 6195 1703 Pietro (will sie zurückweitzen) Teresind,
3716 1595 4674 1882 was theft Du?
3582 1666 6290 2125 Teurina. Hörst Du nicht?... Das zilt ja mir.
3690 1939 6310 2233 vor meinem Haus versammeln sie sich –
3703 2209 5012 2438 nir rufen sie zu
3609 2270 6283 2627 Pietao (reitzt sie zurück.) Bist Du vor Sin.
3693 2614 6300 2917 nen - hast Du vergessen, was vor ei¬
3706 2789 6246 3066 ner Stunde, was vor gehe Minuten
3703 2971 6253 3285 Teresina, hast Du vergessen daß
3713 3254 5642 3571 ich Dich anbete, daß ich....
