3672 4152
3299 109 3455 282 V.
894 381 3472 717 bischen stolz gemacht, daß Du seine
887 666 1811 877 Frau warst.
737 781 3401 1074 Teresina Stolz? Worauf soll ich denn stolz
883 978 3414 1325 sein? Daß Er gerade mich hier ge¬
863 1199 1760 1461 lassen hat.
741 1322 3306 1672 Laura. Daß er gerade Dich geliebt hat.
751 1542 3404 1875 Teresina. Geliebt? Wenn ich heute an ihn
826 1794 3438 2035 zurückdenke, so muß ich doch sagen
856 1977 3459 2185 mit seiner Liebe war es bald vorbei
798 2174 3527 2463 Wahrscheinlich sind alle großen Männer
815 2368 3482 2613 so. Er ist doch immer wo anders zwe.
870 2494 3360 2769 ten. Sieh dar nur diese Augen ge¬
849 2715 3537 2997 Auf's Bild Deutend.) Sichst di, wohin
822 2966 3523 3255 sie schrien? Und immerhat er diesen
836 3163 3554 3442 Elick gehabt. Ich kann mir ihn gar nicht
819 3353 3523 3622 mehr anders vorstellen als mit den
3119 3503 3476 3724 dessen
