6520 4152
6095 138 6258 322 34
3728 346 6303 644 Je mehr ich Dich liebe, umsomehr sehe
3738 644 6286 886 ich, was ich seigentlich bedeute. In je¬
3735 824 6296 1076 dem Worte. Das Di redest, ist noch ei¬
3769 1004 6324 1295 ne Erinnerung an ihn.... mir ist, als
3762 1149 6254 1499 schicke ich immer in seinem Schater hin¬
3904 1402 6327 1672 ja selbst jetzt - während ich Dir so na¬
3721 1561 6334 1897 he bin.... wahrens ich Deine Hände halte,
3721 1817 6289 2087 ist irgend etwas in Dir, das ihm treu
3659 2032 6261 2278 geblieben ist, das ich nichts fassen, daß
3707 2271 5022 2541 ich nie haben kann.
3565 2430 6230 2738 Teresind. Nein, Pietro, ich gehöre Dir ganz
3596 2631 6379 2925 Pietro. Du glaubst es jetzt, denn das Leben,
3738 2869 6351 3115 ist immer stärker als der Tod, solange
3714 3084 6324 3344 es gegenwärtig ist. Aber wie ich fort
3679 3219 6410 3551 bin ja, ich bin überzeugt, schon, wenn
