3640 4168
3216 118 3316 312 4
769 423 3188 721 halben Stunde wirklich kommen.
662 624 3441 880 Tereuina (lächeler.) Wie soll ich das verstehen.
800 804 1850 1057 Die bist doch da:
2911 839 3177 1029 hier
686 956 3309 1178 Pietro. Ja, mein Weg hat mich an dem
804 1102 3468 1396 haus vorbeigeführt.... ier, siehst die
783 1310 3306 1615 ich kann eben an diesem Hause nie
814 1486 3399 1705 vorübergehen. Mij würdest es be¬
797 1625 3205 1944 greifen, wenn da mich lieb hättest.
690 1843 3247 2128 Teresina (einfach.) Kind! (Sie steht, nicht
797 2041 3430 2315 schnell auf, legt das Kleid hin, küßt ihn,
759 2256 3434 2519 setzt sich wieder, und nimmt ihre Arbeit;
755 2453 2408 2699 Wo mitzt die denn hie?
686 2633 2270 2931 Pietro. Zu meinem Onkel
696 2810 2488 3060 Teresina. Ist das notwendig?
703 3028 3475 3257 Pietro. Ja. Er ist hert vom Land gekom¬
2630 3136 3136 3288 dringend
804 3205 3510 3427 men; die Mama hat mir deswegen auf¬
832 3358 3465 3663 getragen, mich gleich nach seinem Be¬
