3624 4136
1370 959 3434 1229 sie später Sonntagnachmittaz
835 1222 1892 1437 im September.
1431 1293 3423 1619 Das Zimmer Teresina Fileschi°.
821 1518 3279 1761 nicht grosz; aber reinlich und hübsch
815 1713 3423 2016 Im Hintergrund die offene Balkon¬
811 1905 3376 2195 thür; man sieht die Häuser gegen¬
835 2057 3474 2363 über. Linke eine Thür, in's Schlafzim¬
831 2282 3467 2521 mer Teresina's führend, rechts die Thür
821 2494 3447 2747 in's Vorzimmer. Klavier rechts vorn
815 2737 3218 2915 Linke an der Waar ein großer
815 2865 3477 3127 Schreibtisch, über ihm hängt das lebens
801 3067 3508 3309 g rotze Bils eines Männer mit dunkel¬
828 3238 3434 3548 braunem Vollbart, im Costüme der
