6456 4200
3499 373 6198 698 Pietzo. Teresina, verstehst Du mich denn
3626 598 6232 883 nicht? Ich will, daß Du meine Frau wirst
3556 789 6144 1081 Teresina-Hein.... Ohnein. Was fällt Dir
3663 947 5194 1252 ein. Du vergisst Maria
3556 1175 6235 1474 Pietro. Ich werde versuchen, sie zu lieben
3680 1390 5416 1638 wie mein eigenes Kind.
3556 1420 6221 1826 Teresind. Aber sie liebt Dich nicht. Mein, nein¬
3687 1722 6272 1984 Dann bist Du um... nun ich will nicht sa¬
3673 1917 6258 2243 gen, um wie viel Jahre Du jenger
3680 2149 6279 2451 bist als ich. Ach Got, reden wir nicht da¬
3690 2290 6268 2662 von, es kann nicht sein. Es wäre plötzlich
3710 2451 6248 2881 was ganz anderes.... Du bist Kein
3660 2750 6225 3159 Ehemann.  Du bist ein Geliebter, ja¬
3666 2948 6033 3297 das bist di - mit Dir sterben ja
3703 3213 6151 3435 aber mit Dir leben... nein, nem¬
3566 3371 5802 3747 Pietro (setzt sich traurig nieder.)
