3752 4232
3180 158 3358 352 20.
848 459 3402 784 Laura Mon gewöhnt mit der Zeit der
788 653 3435 935 Teresina. Ich begreif ihn nicht. Eine Frau
922 848 3438 1129 wie Dich. Aber er wird schon einmal
798 1089 2289 1354 er Nachumfl kommen.
798 1233 3438 1602 Saura. Ach Got, das will ich gar nicht
875 1438 3445 1743 mehr. Ich lebe ganz ruhig und zufrie¬
891 1652 3355 1907 den, ich verlange mir nichts andres¬
898 1847 3294 2155 und dann hab ich ja meiner Ercole.
774 2034 3469 2299 Teresina. Du bist eigentlich sehr zu be¬
851 2192 2242 2483 weilen. wundern.
3251 2326 3502 2430 mir
804 2349 3499 2684 Laura. Sag das nicht. Es ist vielleicht xxx
895 2523 3532 2855 bequemlichkeit. Ich hasse alle Auf¬
928 2728 3455 3046 regung so sehr. Wenn es einmal von
875 2983 2859 3214 selbst käme, wer weiß....
818 3133 3428 3445 Teresina. Was heisst das... von selbst:
834 3241 3515 3609 Laura. Ich dürfte nichts davon wissen. Es
