6520 4152
3630 395 5019 666 Pieter. Und vorher?
3644 588 6297 862 Teresina. Darüber haben wir keine Macht.
3610 798 5874 1044 Pietro. Ja, es gibt ein vergessen
3664 950 6016 1247 Teresina. So vergessen wir für x
3596 1149 5749 1403 Es ist - vergessen. ist es liegst.
3667 1315 6263 1555 Pietro. Wie kannst Du das sagen? Es ist
3833 1511 6307 1771 noch keine Stunde her, daß Du von
3823 1673 6314 1994 einen Gedankten gesprochen hast.
3644 1910 6175 2177 Teresind. Daniöt nehme ich Dir nichts
3634 2092 6331 2383 Pietro. Glaubst Du? Alles zerstörst Di¬
3823 2342 6348 2538 wenn es noch einen Gedanken gibt.
3819 2444 6307 2731 Aber was bin ich für ein Norr. Wie
3708 2677 6314 2995 heute die Dinge stehen, ist ja jeder
3775 2910 5165 3181 Tag ein Gedicktag.
3623 3015 6344 3292 Teresind. Was hast Du denn? So hab ich Dich
3779 3248 4614 3579 nie gesehn.
3664 3363 6375 3742 Pietro. zum Bewusstsein bin ich gekommen
