6472 4184
3767 441 4484 707 sie rufen.
3622 623 5346 889 Pietro. Was fällt Dir ein
3629 808 6295 1128 Teresina. (Sie öffnet leicht die Balkonthür
3770 1044 6211 1266 und hört lauter den Lärm inten,
3814 1242 6322 1464 man kann die Namen Fileschi inter¬
3774 1451 6325 1720 scheiden) Ja. — Und sich, sie stehen doch
3747 1646 5154 1912 alle vor dem Haus.
3615 1828 5554 2097 Pietro. Jn. Überall stehen sie.
3622 2064 6332 2269 Teresina. Aber hieher drangen sie – was
3706 2181 6180 2461 soll dann das bedeuten?... Am Ende
3683 2417 6332 2639 brennt's ober ins und wir wissen es
3656 2616 4120 2855 nicht!
3595 2757 5379 3003 Pietro. Was fällt dir ein.
3615 2935 6281 3255 Teresind. Irgens etwas geht doch hier
3706 3137 5750 3427 vor - ich bitte Dich, Pietro
3595 3322 6285 3646 Pietro. Was soll's dann sein? - Es ist schon
