3752 4216
3187 175 3328 367 17
943 478 3450 778 pahren) Guten Abend.... Gutze Abend,
937 701 3402 967 Fräulein. (Er dreht der Spazierstock)
2058 876 3473 1044 zwischen zwei Tagen hin u her.
748 910 2850 1219 Maria. Ich hab ihn schon gesehn.
775 1115 3244 1371 Ercole. Da weitzt Du noch lang nicht
886 1327 3429 1566 alles. Man kann auch drauf pfeifen:
2506 1479 3389 1748 Gort nicht auf
886 1492 2483 1755 (Er pfeift darauf E)
785 1708 3402 1994 Lauca und Teresina haben lächeler die
832 1924 1994 2193 Kinder betrachtet.
829 2136 3426 2402 Laura. Jetzt ist es aber genug, Ercole
829 2378 3470 2651 Maria. Gehe wir gleich fort, Wama? Soll
977 2577 2793 2860 ich meinen Hit aufsetzen?
829 2789 3473 3039 Teresina. Warte noch ein wenig, mein
937 2927 3416 3251 Kind. Du kannst mit Ercole auf den
977 3183 1903 3453 Balkon gehe.
856 3305 3561 3601 Maria. Aber meinen Schirm hol ich mir
