6440 4152
3638 448 6230 624 Pietro. Das Volk jubelt... ja was geht
3661 546 6291 897 Vieh das Volk an... für uns stehen ganz
3668 752 5799 1052 andere Dinge auf dem Spiel
3584 944 6294 1261 Teresind. Höre... höre.... (sie sieht durch das
3658 1146 4797 1517 Feester hinunter.)
3621 1315 6277 1682 Pietro. Teresina, (hinter ihr) Sèresina!...
3779 1497 6308 1861 wenn Du vielleicht meinst, daß er sie
3762 1750 4942 2029 entdeckt hat....
3584 1962 5003 2218 Teresina. Was.?
3617 2060 6294 2390 Pietro. Die Quellen des Hilxx keine Idee.
3718 2306 6324 2596 nichts hat er entdeckt... ein paar von
3702 2539 6271 2835 seinen müthigen Genossen sind unter
3702 2741 6308 3054 geblieben. sind wahrscheinlich auf
3681 2940 6149 3213 gefressen worden. Das ist alles,
3695 3169 5606 3425 was geleistet worden ist.
3584 3344 6284 3600 Teresina. Aber... er kommt zurück, er
