6456 4216
3529 407 6051 661 Zeit für uns.... selz Dich zu mir
3468 614 6166 831 Pietzo. Nicht viel Zeit... das ist ja das
3536 749 6180 1078 Fürchterliche. Und sollten doch alle Zeit
3539 936 6200 1241 für uns haben. Lass uns ein Ende machen,
3570 1149 6241 1400 mit diesem ewigen Versteckenspiel. Sei¬
3587 1298 6217 1617 nöthig, Teresina. Ichäm Dich nicht, das Du¬
3593 1512 6068 1820 mich liebst - fühle, das Du frei bist.
3441 1790 4722 2014 Teresina. Nein, nein:
3482 1827 6133 2207 Pietro. Man kümmert sich nicht mehr um
3604 2065 6305 2471 Dich, - merkst Du dann das nicht? - Seit
3621 2349 6288 2637 mehr als zwei Jahren ist kein Wort
3627 2502 6292 2848 mehr über die Frau des berühmten For¬
3631 2732 6288 3048 schers Fileschi in der Zeitung gestanden
3621 2926 6349 3231 laß die denig sein, dato man
3624 3143 6356 3539 durch viele Jahre keine Tode über
3658 3414 6346 3719 all wie ein Wunder gegriesen. Es ist
