3736 4248
3147 202 3282 319 18
2162 437 2532 572 ment.
938 477 3268 770 zuerst. (Sie halt der Schirm.)
2448 595 3356 797 von der Schreiben
763 703 3436 1012 Laura. Herrn Geraldini haben wir soe¬
888 952 1890 1194 ben begegnet.
841 1113 3289 1345 eresind. Das ist kein Wunder. Er ist
968 1190 3460 1493 eben bei mir gewesen. (Sie hält den
965 1469 3346 1732 gütmüthig neckenden Blick Laura
989 1685 2021 1954 mit Ruhe aus.
804 1843 3309 2142 Maria (kommt mit dem Schirm; zu Ercole
908 2048 3433 2344 So, Du Aff, jetzt wirst Du Dir nicht
925 2246 2663 2515 mehr so viel einbilden
783 2371 3490 2666 Ercole. Kannst Du drauf pfeifen? Also,
908 2586 3426 2848 mein Fräulein, begeben wir ins
935 2774 3467 3057 auf den Balkon. Er läßt sie vor¬
1335 2972 3507 3238 sie lassen die Thüre offen, man
942 3060 1315 3235 aus,
958 3130 3534 3460 sieht sie auf dem Balkon Platz nehmen,
2155 3336 3480 3591 roppe, gelegentlich
972 3396 2155 3635 plaudern wie g
