3656 4120
3314 154 3423 356 30
1590 243 3228 486 stern wolte mir zu ihm
2668 448 3256 575 wischen
879 400 1932 633 hen, uns
2510 492 3393 691 leavionalton.
698 629 1724 872 Marie. Ja, ja
722 715 3215 988 Laurd. Und im Freien nachtmahlen.
732 896 3485 1255 Marie. Aber Mama soll mit. Bist Du denn
865 1129 2825 1433 krank, mein Kind? Eine
749 1265 3444 1645 Teresina. Ich hab etwas Kopfschmerzen.
756 1515 3499 1778 Maria. So will ich lieber bei dir bleiben.
770 1672 3447 2066 Teresind. Nein, mein Kind.... Frau Brü¬
893 1902 3420 2244 nati wird Dich rechtzeitig wieder
893 2158 2336 2456 nach Hause bringen
763 2373 2524 2640 Saura. Ja, das werd' ich
780 2575 3512 2910 Ercole. Ich küsse die Hand, zur dige Frau
985 2794 3071 3075 se krst die Hand Jeresinca's)
807 3027 3280 3311 Teresina. Adieu, amusirt Euch gut.
804 3239 3461 3540 Maria, Adieu, Mama.... Es ist so Frau
1002 3420 3423 3680 rig, daß Du nicht mitkommst.
