6456 4216
3529 376 6248 700 Teresina. Denn ich liebe Dich. - Uns nichts, nicht
4133 600 4502 714 "
3629 593 6217 900 will ich davon wissen, als das Du mich
3612 776 6248 1066 liebst und ich Dich. Du sollst auch gar nichts
3633 1007 6220 1273 anderes reden, Du sollst schön sein und
3660 1201 6279 1518 mich lieb haben.... so ist es gut (Sie Kissen)
3619 1459 4264 1780 sich heitz.
3774 1608 6051 1863 Der Lärm wird immer größer)
3567 1735 6213 2184 Pieter. Haß Du das Fenster geschlossen?
3557 2022 6251 2370 Terezina. Gewiss. (Sie lauschen.) Es ist ja
3660 2263 4720 2581 Ernt Sonntag.
3564 2336 6293 2639 Pietzo (streift den Vorhang leicht weg.) Schau¬
3657 2601 6165 2850 nur - diese Menge Leute... wie sie
3622 2850 4685 3157 sich drängen.
3574 2967 6348 3319 Teresina. Es ist ein so wiederschöner Abend¬
3767 3236 6241 3509 komm, daß sie Da unten drängen
3702 3409 6293 3712 und lärmen. wir haben nicht viel
