6456 4152
6112 95 6278 237 54
3650 386 6305 681 Teresina (lauscht den immer lauter ver¬
3701 599 6275 819 denden Rufen drauszen) Was wollen die
3650 796 4839 1063 Was rufen sie?
3583 948 6302 1307 Pieter. Du hörst ja... Er lebe Adrian Fileschi.
3593 1178 6292 1487 Tezesind (wie nachsprechend.) Es lebe Teresind
3691 1422 4284 1632 Fileschi.
3667 1453 6329 1822 Pietro. Sie sind wie wahnsinnig. Du ahest
3705 1734 6312 2035 nicht, was für eine Bewegung da üe¬
3688 2001 4301 2215 ten ist.
3569 2025 6295 2445 Toresind. Das glaub' ich... Pietro, Pietro.....er
3677 2303 6075 2635 kommt zurück... er kommt gereit.
3562 2489 6139 2800 Pietzo (immer befremdeter, später beinahe)
3701 2736 6292 2977 angstvoll) Ja, er kommt zurück in sein
3661 2983 4361 3170 Vaterland
3583 3102 6251 3376 Teresina. Adriaa Kommt zurück und
3694 3312 5411 3623 das ganze Volk jubelt
