6456 4232
3491 401 6177 737 Zeit, daß Du wieder eine Frau wirst
3508 653 6214 922 wie eine andere. Er drückt sich auch
3528 831 4918 1104 an pis.) (bezehst sie
3447 983 6140 1346 Teresind. Hör doch. (Sie geht zum Balkon.)
3595 1208 4918 1444 Was ist denn das?
3484 1437 4417 1643 Pietro. Was!
3501 1542 5366 1811 Teresina. Was flakert da?
3528 1683 6191 2087 Pietro. Mir scheint, sie vertheilen Bläter
5460 1966 6019 2144 sein —
3649 2030 5070 2316 Ach, es wird ein
3679 2299 4110 2451 komm.
3928 2377 5366 2680 (Zurück in's Zimmer.)
3561 2592 6271 2939 Pietro. Ich hab einen herrlichen Einfall, re¬
3693 2791 6325 3131 resina - verreisen wir auf ein paar¬
3558 3030 5147 3373 Geresina (lacht) Jahre –?
3578 3141 6170 3521 Pietro. Ich weitz ja, daß Du Dich dazu
3710 3329 6339 3750 nicht verstehst. Aber auf ein paar Tage
3588 3619 4915 3925 Kiesing Obrvigt
