6488 4184
3625 396 4497 642 eresind. Wo?
3571 548 6249 852 Pietro. Verlats Dich auf mich... das Land¬
3648 744 6228 1065 haus sind ich.... ich hab sogar ein paar
3669 940 6262 1210 bestimmte im Auge - dort wollen wir le¬
3672 1106 6279 1407 ben wie die paar Menschen gelebt ha
3655 1292 6309 1613 ben.... dort werden wir in Ruhe selig
3652 1555 4555 1792 sein können.
3588 1667 6069 2056 Teresina. Ich hab noch nicht ja gesagt.
3577 1802 6276 2194 Pietro. Ja... Du sagst er... mit Deinen
3689 2164 4227 2407 Augen.
3618 2252 5285 2526 Peresina. Unr wann denn?
3631 2445 6279 2817 Pietro Ich bin jeder Tag bereit, jede Stie¬
3706 2688 5721 2945 de.... jetzt, wenn Du willst¬
3635 2874 6350 3178 Teresind. Das geht nicht. Oh nein, was fällt
3719 3097 6238 3324 Dir ein, Du bist so ein Kier. Ich
3740 3287 6191 3577 denke Die acht Tagen könnte alles
3753 3425 6235 3746 verbreitet sein. — melden ist
