6424 4184
3520 387 4717 674 Teresina. Wie -?
3520 540 6202 897 Pietro. Ich ertrag es nicht, dass Du Fi¬
3657 774 6242 1038 leschi heißt. Nenne Dich anders. Komm
3630 974 6259 1231 bei der Regierung darum ein, daß Du
3637 1174 6179 1491 anders heitzte darfst. Mach. Schritte,
3637 1375 6232 1611 Dats er von Staatswegen für todt er¬
3620 1575 6162 1842 klärt wird. Und vor Allem-fort
3633 1738 6252 2052 mit diesem Bilde, schenk es dem Mu¬
3633 1945 6129 2229 seum.... dort gehört es hin, nicht in
3630 2135 6165 2479 Das Zimmer meiner Geliebten... ich
3650 2345 6235 2682 Kann es nicht sehen, es macht mich ver¬
3616 2636 4220 2826 rückt.
3523 2686 6185 3059 Teresina: Ahnst Du, wie schön Du jetzt
3643 2996 6282 3206 bist? - Um wie viel solche Worte, wie
3657 3143 6185 3446 Du sie jetzt sprichst, glückseliger
3643 3370 6225 3680 machen als alle Grötze, die ja doch
