4232 5432
1402 957 3798 1157 in Alexandrin. Mitte Oktober, wenn Gott mich weiter
1391 1101 3872 1309 beschützt, hoffe ich dort einzutreffen. Dein Adriano
923 1228 3620 1439 Teresina: Mein Mriano!
920 1402 1276 1613 Laura:
1376 1376 3342 1658 Mitte Oktober - das ist in sechs Wochen.
901 1547 3779 1762 Pietro: giebt dem Hausmeister ein Trinkgeld; dieser geht:
916 1669 3471 1903 Teresina! Maria, wir reisen Papa entgegen.
894 1884 1280 2077 Maria:
1346 1888 3423 2092 zeigt kindlich auf das Bild:
901 2003 3857 2229 Teresina: Ja, wo ist der Mann, der das Telegramm gebracht hat!
1369 2162 2440 2388 Maria, lauf' ihm nach.
898 2203 1320 2374 14
883 2355 1309 2548 Piettro:
1380 2318 3364 2552 Gnädige Frau, ich war bereits so frei....
3427 2489 3597 2644 G.C.F.P.
886 2500 3316 2655 Teresina: Sie sind sehr freundlich, Herr Geraldini.
1669 2808 3282 3015 Letzter Auftritt.
894 2930 3879 3197 VORIGE. DIE DEPUTATION /: kommt wie der; |, das RNCLISCHEien
1765 3126 2711 3334 der GRAF und BALDI.
875 3338 3701 3538 Bürgermeister: Verehrte gnädige Frau! - Aber wollen wir das
1339 3483 3709 3690 nicht lieber auf dem Balkon besorgen Ich:Er tritt
1357 3664 3801 3846 ihr hinaus; Jubel unten; seine ersten Vorte gehen in
1376 3824 3635 3991 dem Jubel unter!..... dass Gott Ihr treues Aus¬
1376 3954 3642 4176 harren sichtbarlich belohnt hat, aber wie ganz Trä-
1413 4117 3338 4321 lien mit Ihnen geharrt und gehofft hat, so
1461 4258 2681 4484 ein auch Ihre Freude teilen.
2129 4376 3145 4654 allen die Hände reich
