4952 5528
2461 194 4514 479 1 1 1 1/2 1/4 r,, 4 1, 4, 1, 5,
2064 221 2390 482 Votre très-
2839 741 3112 894 2 -
1590 1152 4518 1350 Wehnzimmer der Teresina Fileschi. Behaglich, aber ziemlich be-
1601 1354 4589 1503 scheiden eingerichtet. links Thüre ins Schlafzimmer, rechts ins
1649 1485 4424 1649 Vorzimmer. Im Hintergrund eine Thüre, offen, die auf einen
1649 1612 4578 1821 kleinen Balkon führt. Mehr links ein Fenster mit Estrade, Näh¬
1631 1780 4477 1956 tischchen und Stuhl darauf. Schreibtisch rechts, an der Wand
1616 1967 4417 2109 darüber lebensgroßes Oelbild eines Mannes im Tropenkostüm.
1619 2154 2783 2296 Rechts vorn ein Klavier.
1593 2274 3026 2513 Heisser Spätsommernachmittag.
2510 2551 3587 2693 1. Auftritt
1623 2614 4638 2936 TERESIA, 28 Jahre, einfach dunkel gekleidet, mit dunkelblonder
1653 2801 4548 3100 schlichter Frisur, am Nähtischchen, mit einer Arbeit beschäf-
1702 2962 4630 3179 tigt:, MARIA ihre achtjährige Tochter, auf dem Balkon spie¬
1657 3142 4481 3332 lend:/Puppe/:, BRUNATI : grosser hübscher Mensch mit etwas
1709 3291 4469 3478 brutalen Zügen, tritt in Frack und weisser Kravatte ein:
1724 3489 3759 3725 Teresina: :aufsehend: Oh, Herr Brunati.
2259 3624 4294 3845 Lassen Sie sich nicht stören, gnädige Frau.
1705 3695 2139 3886 Brunati:
2259 3845 3130 4021 Wenn Sie erlauben.
1705 3916 2177 4084 Teresina:
2296 3860 4727 4178 :will vom Balkon herein: Guten Abend, Herr
1683 4069 2031 4252 Maria:
2259 4215 2697 4338 Brunati!
2289 4264 4623 4462 Grüss' Dich Gott, Maria. Nein, wasfür eine schöne
1694 4350 2132 4499 Brunati:
2285 4417 4694 4660 Puppe! Ercole lässt Dich grüssen. Spiel' nur schön
2285 4533 4727 4813 weiter. :Schlebt sie auf den Balkon zurück, lehnt
