6440 4168
6066 127 6224 313 35
3624 409 6259 759 ich die Treppen hinuntergehe, steht Er
3648 618 6289 938 wieder da, Er, der Grosse, der Held, der
3651 821 6190 1140 Ruhm des Vaterlandes.... und ich bin
3651 1030 6245 1326 der kleine Pietro Geraldini, gerade
3651 1226 6224 1525 gut genug zum Liebhaber, weil ich
3641 1439 5376 1697 hübsch und jung bin.
3535 1604 6289 1855 Teresind. Aber Pietro... ich wünsche mir ja
3648 1797 4757 2047 nichts besseres.
3521 1930 6149 2219 Pietro. Wir haben früher drüber ge¬
3617 2099 6176 2380 sch erpt - aber ich sage Dir jetzt „ an
3620 2329 6269 2569 allem Ernst, es soll anders werden. Es
3651 2508 6214 2727 mußte doch mit dem Teifel pigehen,
3641 2755 6272 2975 wenn ich nicht irgend ein talent in mir
3631 2865 6279 3160 entdecken sollte. Ich hab eine schöne
3617 3088 6341 3401 Stimme... vielleicht steckt der größte
3607 3256 6300 3569 Singer in mir... ich will  Gedichte
