3352 4120
2759 218 2868 510 P.
1405 320 1951 550 Mitquellon
258 637 3069 946 Nordgolfscher. Sein zurückbl. Frau hat eine
240 928 2770 1270 Liebhaber. Sie ist ganz anzähten ihn.
218 1183 2286 1441 der nachzulhafen kommt zurück.
302 1365 3061 1693 Zu schulden, ob Abend bei dem Freien we¬
226 1642 2777 1915 war die treußere Fest ist, konnte jetzt
2843 1572 2963 1805 o
211 1813 3145 2148 und nach einmich de Frau erfährt. Es ist
160 2122 3054 2413 werden die wie sie ihn ganz allend
189 2359 3061 2664 vorrichtet – wie in der Volkswenigungs-
218 2595 3127 2912 tust entsteht, aber Frau am Oberlieb je hing en
273 2996 433 3138 ¬
430 2981 2919 3301 (hr Stadt hinauf. Ein halb nur nicht: fleiß
440 3261 1056 3476 that   A
491 3389 1314 3600 Ander Car pott
