3624 4152
1344 395 3080 660 paar Schrive vor ihr steh-
3077 402 3297 622 lee
629 378 1354 660 Pietro ein
1801 598 2124 705 weiter
815 636 3321 825 bleibend.) Ich möchte ein schönes Wort
815 773 1983 1007 zur Begrüßung.
595 938 1791 1162 Terosind Mxx?-
657 1110 1719 1361 Pretros "Ensley"
660 1217 3424 1543 Teresina (Reht auf, legt das Kleir auf das
784 1523 3348 1729 Tischchen) Endlich! (Sie erwartet ihn mit
742 1681 3413 1880 ausgebreiteten Armen; er umarmt und
808 1832 3365 2083 Küsst sie.) Gib Acht, Pietro, die Kleine
815 2008 3465 2296 spielt auf dem Balkon. (Sie setzt sich wie¬
791 2193 3441 2417 Der Erlaubst Di, daß ich weiter arbei
784 2389 3334 2654 te?.... De kannst Dich hierher setzte
801 2623 2011 2870 mir gegenüber.
705 2753 3420 3001 Pietro (setzt sich; sein Blick fällt auf das
2750 2908 3238 3066 meiffer
1990 2922 2726 3066 um es nicht sehr
791 2977 3475 3183 Vortrait, er rückt der Stuhl anders, Im
815 3138 3496 3448 u bringen habest du recht mit dem. So früh
763 3358 3486 3627 Diese Besuch gilt nicht. Ich kann erst in einer
