6424 4200
3627 346 6117 719 Man hört ganz laut: Teresina Fileschi.
3549 631 6163 908 Tozesina. So lass mich doch nur greif mich
3676 843 6270 1134 Noch nicht so fest an. Was willst Du denn?
3686 1049 6192 1291 Laß mich! (Reisst sich los; sie öffnet
3741 1238 4856 1562 Die Balkonthür)
3565 1421 5156 1758 Gietro. Was willst Du?
3601 1532 6234 1974 Teresind. Sie wollen mich sehen. Hier bin ich
3718 1869 6176 2199 hier ist Adrians Frau. Sie tritt
3725 2065 6283 2349 auf den Balkon hinaus.) (Man hört ju¬
3725 2264 6238 2542 belade Rufe) (s lebe Teresina Fileschi:
3699 2503 5029 2839 Sie grützt hinunter.
3604 2699 5532 3026 Pietrokinkt auf einen Sessel.)
