6488 4168
6068 145 6262 315 39.
3617 405 6168 705 es... laß uns glücklich sein – mach
3599 664 6251 978 mich glücklich, das soll Dein Ruhm sein,
3623 916 4125 1106 Dein....
3942 992 6182 1331 (Es tönen Stimmen auf der Strappi)
3955 1276 5048 1501 Was ist das?
3551 1424 6289 1753 Pietro (tritt zur Balkonthür.) Wie bewegt
3658 1608 6265 1940 es auf der Straße ist. Freilich, Sonn¬
3661 1891 4149 2171 tag....
3530 1988 6310 2317 Teresina. Warte, Pietro, ich will auch die
3637 2251 5625 2534 ses Fenster schließen.... es —
3724 2431 6289 2669 (Man hört Leute auf der Straße singen.)
3738 2607 6234 2970 Jetzt leiser, da Teresina das Fenster
3803 2884 4426 3164 schließt.
3530 2987 6317 3402 Pietro Ja, jetzt sind wir allein. Ah, Tere¬
3734 3240 6324 3551 sind, wenn Du Dich entschließen könn¬
3720 3419 6362 3738 test, alle Rücksichten sein zu lassen.
