6408 4216
3757 373 5642 657 eine Kleinigkeit zu geben.
3608 574 6220 839 Teresina. Sie sind sehr liebenswürdig. Ich
3701 799 4635 1010 danke Ihnen.
3582 967 4688 1225 Pietro. Bitte sehr.
3592 1099 6246 1433 Laurig. Sie rufen noch immer...hörst
3668 1320 6101 1634 Du? Mach ihnen doch die Freude und
3654 1545 5668 1819 zeig Dich ihnen noch einmal.
3572 1664 5873 1958 Teresina. Komm, Maria, Komm....
5787 1826 5988 1944 V.
3598 1931 6180 2176 Ercole. Aber jetzt kann ich doch mit
3605 2040 6213 2417 Laura. Bleib nur schön herie, nach Dir
3730 2258 5648 2558 verlangen die Leute nicht.
3592 2483 6249 2803 Pietro. Gnädige Frau, wenn Sie noch hier
3678 2687 6272 2984 bleiben sollten... Sie haben vielleicht die
3678 2905 6203 3209 Freundlichkeit, mich bei Frau Fileschi
3671 3126 6236 3423 bestens zu empfehlen. Ich denke, Fremde
3671 3321 6279 3608 sino doch jetzt ganz überflüssig hier.
