3640 4184
731 347 3279 711 Leben dem Ruße des Vaterlandes hinzu
755 620 1270 846 achfern.
617 752 3245 1045 Pietro ist aufgestanden und geht im
778 944 3394 1254 Zimmer hin vor her.) (Jetzt wandet er
802 1132 3431 1409 sich um.) Hätte er Dich geliebt, so wäre
752 1341 3400 1523 er hier geblieben. Für niemanden auf
752 1446 3417 1719 der Welt existirt eine Verpflichtung,
752 1648 3424 1904 die Quellen des Nil zu entdecken; mich
748 1840 3383 2100 könnte Das Vaterland auf der Kniere
778 2046 3148 2349 darum bitten, ich bliebe daheim.
654 2268 2153 2534 Teresina. Das glaub ich.
691 2430 3404 2743 Pietro. Weil ich Dich liebe, Teresind, weil
772 2672 3454 2898 mein Leben einen Sinn hat ausschließ¬
768 2902 3431 3121 lich dadurch, daß die existirte Ausser¬
822 3006 3451 3309 Dem will ich auch gar nicht längere, daß
809 3208 3454 3515 für mich der Nil überhaupt kein Inter¬
816 3350 3471 3643 esse hat. Willst du mir vielleicht in
