6440 4168
3721 384 5524 681 gar kein Zweifel möglich.
3585 625 5540 883 Teresina. Er kommt zurück?
3595 761 6251 1058 Pietzo. Ja, meine arme Teresind. Es gibt
3675 989 6284 1214 nur eins für uns, nur eines... zusam¬
3685 1134 6278 1452 men fliehen.- Er soll Dich nicht mehr hier
3632 1383 4191 1644 ein den
3595 1578 4697 1809 Teresind. Wie?
3599 1700 6251 2031 Pietzo. Fliehen. Gewiß. Es ist das ein
3688 1928 5659 2206 zige, was uns übrig bleibt.
3592 2120 4723 2395 Toresina. Fliehen?
3632 2233 6205 2580 Pietro. Wenn Dir das Wort nicht gefällt,
3678 2491 6215 2785 vereint in die Ferne gehen. wohin im¬
3675 2663 6202 3016 mir – ich habe nichts dagegen, daß
3675 2894 6099 3192 Da Maria mitnimmst.... aber fort
3691 3053 6254 3370 mußt du jetzt mit mir.... um Jokro
3718 3258 5844 3585 willen, das siehst Du doch ein.
