3624 4152
770 407 2489 670 mir's versprochen hast?
608 501 3252 832 Teresina. Ich erinnere mich nicht, Pietro,
715 808 1574 994 wann denn:
646 943 3404 1177 Pietro. Gestern Vormittags eilf Uhr, nach¬
770 1101 3352 1305 dem Du meiner Schwester die Klavier=
760 1308 3421 1612 stunde gegeben hast. ich hab dir ja auf
1195 1440 1885 1602 er ange-
791 1498 2893 1706 Kreppe aufgelauert
663 1692 1633 1933 Teresind. Ach je
694 1871 1723 2075 Pietro. Nie also.
694 1926 3401 2286 Terssina. Es ist wahr; ich hab’s Dir verspro¬
825 2210 3294 2469 chen; aber ich kann mein Wort nicht
777 2406 2824 2641 halten. Sie legt die Arbeit hin;
680 2551 2382 2817 Pietro. Warum, Teresina?
690 2793 3439 3014 Teresina (ernst.) Es sind heute sechs Jahre.
687 2993 1588 3238 Pietro. Was?
2555 3125 2866 3263 uns
718 3145 3490 3435 Teresina...... daß es.... von mir fort ist....
787 3359 3452 3570 um mich der das kleine Maria, um sein
773 3566 1498 3753 von mir
