3688 4104
3301 152 3394 366 9
805 342 2876 643 Teresina (Kitst ihn) Ich liebe Dich.
809 629 3225 857 Pietro. So darf ich wieder kommer?
836 743 3470 971 Teresind. Nein...... Selbst wenn ich Dir zu
888 944 3501 1203 Lieb der Bedeutung dieses Tages ver¬
885 1127 3491 1344 gessen könnte.... aber im Augenblick
871 1258 3453 1486 wird Lauca Brunati mit dem Klei¬
878 1469 3283 1704 nen Ercole da sein, um mich und
857 1687 3546 1925 Maria zu einem Spaziergang abzufo¬
874 1877 1165 2015 ten.
778 2005 3556 2257 Pietro. Was ist Das wieder für eine Neu¬
878 2188 3522 2399 igkeit? Wie konntest Du diese Ver¬
868 2385 3539 2637 abredung eingehen, nach dem du mir
816 2565 3460 2841 Teresina: Sie hat mir vor einer Stunde
892 2806 1825 3017 sagen lassen.
823 2941 3214 3259 Pietro. hattest Du Dich entschuldigt.
812 3162 3249 3397 Teresind. Mit welcher Begründung?
823 3349 3553 3615 Pieter. Begründung? Braucht es eine Be¬
