6424 4216
3675 393 4632 667 sechs Wochen.
3587 528 6043 951 Der Hausmeister (steht noch immer da.)
3607 782 6219 1042 Pietro (merkt, daß er auf Triekgeld
5570 981 6158 1130 in der
3736 1069 5089 1245 wortet, mit einer
5620 1154 6290 1401 Resignation
3739 1194 5052 1435 sich die tiefste mir
3722 1333 6189 1634 ausdrückt, zieht er seine Börse nur
3729 1516 5434 1841 reicht ihm ein Goldstück)
3577 1770 6091 2030 Teresina, Maria, wie Du Paga
3705 1952 5468 2270 entgegen. Die Tage
3624 2108 5905 2497 Maria (preigt kindlich auf das Bild.)
3631 2348 6155 2673 Terema. Ja, ja... wo ist der Mann, der
3722 2507 6213 2805 mir das Hebegraum gebracht hat, wo
3709 2734 6223 3052 ist er, damit ich ihm... Schonfort?
3688 2893 5647 3184 Maria, ist er dann fort?
3573 3086 6297 3411 Pietro. Sorge Sie sich nicht, gnädige Frau¬
3685 3269 6216 3617 Ich habe mir bereits erlaubt ihm
