<?xml version="1.0" encoding="UTF-8" standalone="yes"?>
<PcGts xmlns="http://schema.primaresearch.org/PAGE/gts/pagecontent/2013-07-15" xmlns:xsi="http://www.w3.org/2001/XMLSchema-instance" xsi:schemaLocation="http://schema.primaresearch.org/PAGE/gts/pagecontent/2013-07-15 http://schema.primaresearch.org/PAGE/gts/pagecontent/2013-07-15/pagecontent.xsd">
    <Metadata>
        <Creator>prov=READ-COOP:name=TrHtr:version=2.1.0:model_id=51170:date=30_07_2023_08:18</Creator>
        <Created>2023-05-10T13:47:02.995+02:00</Created>
        <LastChange>2023-07-30T08:18:00.038+02:00</LastChange>
        <TranskribusMetadata docId="1428593" pageId="55414501" pageNr="69" tsid="131487845" status="IN_PROGRESS" userId="64420" imgUrl="https://files.transkribus.eu/Get?id=KVRQJFEDYLTGFWOVFHFBKERP&amp;fileType=view" xmlUrl="https://files.transkribus.eu/Get?id=EYXPNRBGTRIVTYTTTWCOZUQW" imageId="44688635"/>
    </Metadata>
    <Page imageFilename="1428593_0069.jpg" imageWidth="6392" imageHeight="4168">
        <ReadingOrder>
            <OrderedGroup id="ro_1711790376868" caption="Regions reading order">
                <RegionRefIndexed index="0" regionRef="tr_1"/>
            </OrderedGroup>
        </ReadingOrder>
        <TextRegion id="tr_1" custom="readingOrder {index:0;}">
            <Coords points="3499,212 6281,212 6281,3455 3499,3455"/>
            <TextLine id="tr_1_tl_1" custom="readingOrder {index:0;}">
                <Coords points="6008,280 6031,280 6055,297 6062,290 6075,304 6085,290 6095,300 6102,294 6116,300 6149,270 6159,280 6183,280 6183,148 6156,148 6139,162 6102,162 6072,196 6008,199"/>
                <Baseline points="6025,262 6114,268 6192,262"/>
                <TextEquiv>
                    <Unicode>60</Unicode>
                </TextEquiv>
            </TextLine>
            <TextLine id="tr_1_tl_2" custom="readingOrder {index:1;}">
                <Coords points="3534,621 3621,658 3807,618 3939,709 4172,574 4546,655 4543,459 4023,479 3891,395 3709,358 3530,442"/>
                <Baseline points="3552,549 3642,561 3732,567 3821,567 3911,573 4000,573 4090,573 4179,573 4269,573 4359,573 4448,579 4538,573 4550,567"/>
                <TextEquiv>
                    <Unicode>Pietro. Gewiß.</Unicode>
                </TextEquiv>
            </TextLine>
            <TextLine id="tr_1_tl_3" custom="readingOrder {index:2;}">
                <Coords points="3564,834 4597,776 5977,925 6278,847 6213,695 5292,624 4624,712 4290,634 3969,736 3733,624 3564,672"/>
                <Baseline points="3582,758 3672,770 3761,776 3851,776 3941,776 4030,776 4120,776 4209,776 4299,776 4388,770 4478,776 4568,776 4657,776 4747,776 4836,776 4926,782 5015,782 5105,788 5195,788 5284,794 5374,794 5463,794 5553,794 5642,794 5732,794 5822,794 5911,800 6001,800 6090,800 6180,800 6269,806 6281,800"/>
                <TextEquiv>
                    <Unicode>Teresina. Aber wieso ist nicht an mich,</Unicode>
                </TextEquiv>
            </TextLine>
            <TextLine id="tr_1_tl_4" custom="readingOrder {index:3;}">
                <Coords points="3604,1066 4273,982 4809,1104 5093,1016 5410,1107 5545,992 6200,1036 6200,904 5842,857 5275,962 4863,844 3966,948 3604,854"/>
                <Baseline points="3624,967 3714,979 3803,979 3893,979 3982,979 4072,973 4162,979 4251,979 4341,979 4430,979 4520,979 4609,979 4699,979 4789,985 4878,985 4968,991 5057,985 5147,985 5236,991 5326,985 5416,985 5505,991 5595,985 5684,991 5774,991 5863,985 5953,991 6043,991 6132,997 6204,997"/>
                <TextEquiv>
                    <Unicode>Es müßte doch auch an mich.... Diese</Unicode>
                </TextEquiv>
            </TextLine>
            <TextLine id="tr_1_tl_5" custom="readingOrder {index:4;}">
                <Coords points="3618,1235 6230,1235 6230,1100 5926,1026 5160,1137 4138,1114 3766,1009 3618,1077"/>
                <Baseline points="3636,1176 3726,1170 3815,1176 3905,1176 3994,1176 4084,1176 4173,1170 4263,1170 4353,1164 4442,1170 4532,1176 4621,1176 4711,1176 4800,1176 4890,1176 4980,1176 5069,1176 5159,1176 5248,1176 5338,1176 5427,1176 5517,1170 5607,1170 5696,1176 5786,1170 5875,1170 5965,1170 6054,1176 6144,1176 6234,1176"/>
                <TextEquiv>
                    <Unicode>Leute muszten doch in seinem Namen</Unicode>
                </TextEquiv>
            </TextLine>
            <TextLine id="tr_1_tl_6" custom="readingOrder {index:5;}">
                <Coords points="3621,1475 4040,1364 4880,1370 5103,1515 5366,1390 6153,1441 6196,1228 5586,1343 5198,1262 5083,1343 4522,1185 3618,1323"/>
                <Baseline points="3636,1355 3726,1361 3815,1361 3905,1361 3994,1355 4084,1355 4173,1361 4263,1361 4353,1355 4442,1355 4532,1355 4621,1355 4711,1361 4800,1367 4890,1367 4980,1373 5069,1373 5159,1373 5248,1373 5338,1379 5427,1379 5517,1379 5607,1379 5696,1379 5786,1379 5875,1373 5965,1373 6054,1373 6144,1379 6204,1373"/>
                <TextEquiv>
                    <Unicode>auch ein Wort an mich, an seine Frau¬</Unicode>
                </TextEquiv>
            </TextLine>
            <TextLine id="tr_1_tl_7" custom="readingOrder {index:6;}">
                <Coords points="3908,1762 4128,1772 4374,1664 5596,1718 5555,1526 5390,1593 5235,1498 4617,1546 4482,1441 3905,1451"/>
                <Baseline points="3923,1630 4012,1624 4102,1624 4191,1624 4281,1624 4371,1624 4460,1624 4550,1624 4639,1624 4729,1624 4818,1624 4908,1630 4998,1630 5087,1636 5177,1636 5266,1636 5356,1636 5445,1636 5535,1636 5601,1630"/>
                <TextEquiv>
                    <Unicode>Der Hausmeister trit ein.</Unicode>
                </TextEquiv>
            </TextLine>
            <TextLine id="tr_1_tl_8" custom="readingOrder {index:7;}">
                <Coords points="3517,1964 4144,1930 4374,2022 4759,1887 5677,1998 5825,1904 6180,1954 6180,1785 5302,1846 5029,1691 4762,1822 4634,1748 4506,1833 3706,1728 3517,1789"/>
                <Baseline points="3535,1880 3624,1886 3714,1892 3803,1892 3893,1892 3982,1892 4072,1886 4162,1886 4251,1892 4341,1892 4430,1892 4520,1886 4609,1886 4699,1892 4789,1886 4878,1892 4968,1892 5057,1892 5147,1898 5236,1892 5326,1892 5416,1892 5505,1892 5595,1892 5684,1886 5774,1886 5863,1886 5953,1886 6043,1886 6132,1892 6186,1898"/>
                <TextEquiv>
                    <Unicode>Heusmeister. Guten Abend, gnedige Frau¬</Unicode>
                </TextEquiv>
            </TextLine>
            <TextLine id="tr_1_tl_9" custom="readingOrder {index:8;}">
                <Coords points="3588,2211 6244,2153 6244,1961 6011,1920 5697,2038 5434,1927 4465,2049 3588,1934"/>
                <Baseline points="3606,2072 3696,2078 3785,2084 3875,2089 3964,2095 4054,2089 4144,2089 4233,2084 4323,2089 4412,2089 4502,2089 4591,2084 4681,2078 4771,2072 4860,2078 4950,2078 5039,2084 5129,2084 5218,2084 5308,2078 5398,2078 5487,2078 5577,2078 5666,2084 5756,2084 5845,2084 5935,2084 6025,2089 6114,2089 6204,2095 6252,2107"/>
                <TextEquiv>
                    <Unicode>Ich habe mir doch gedacht.... der Tele¬</Unicode>
                </TextEquiv>
            </TextLine>
            <TextLine id="tr_1_tl_10" custom="readingOrder {index:9;}">
                <Coords points="3588,2366 4259,2278 4647,2386 4914,2278 6176,2383 6142,2153 5383,2241 4870,2150 4782,2224 3588,2211"/>
                <Baseline points="3606,2269 3696,2275 3785,2275 3875,2275 3964,2275 4054,2275 4144,2281 4233,2275 4323,2275 4412,2275 4502,2275 4591,2275 4681,2275 4771,2269 4860,2275 4950,2281 5039,2281 5129,2281 5218,2287 5308,2287 5398,2287 5487,2287 5577,2287 5666,2287 5756,2287 5845,2281 5935,2281 6025,2287 6114,2292 6186,2304"/>
                <TextEquiv>
                    <Unicode>grafenbote sagte mir, es wurde ihm</Unicode>
                </TextEquiv>
            </TextLine>
            <TextLine id="tr_1_tl_11" custom="readingOrder {index:10;}">
                <Coords points="3571,2619 4604,2582 4843,2470 5974,2552 6220,2498 6220,2383 5842,2430 5424,2288 5154,2416 4826,2332 4539,2430 3908,2346 3571,2440"/>
                <Baseline points="3588,2466 3678,2466 3767,2466 3857,2466 3947,2466 4036,2472 4126,2466 4215,2460 4305,2466 4394,2466 4484,2466 4574,2466 4663,2472 4753,2466 4842,2466 4932,2472 5021,2472 5111,2478 5201,2478 5290,2478 5380,2478 5469,2478 5559,2478 5648,2478 5738,2478 5828,2478 5917,2478 6007,2478 6096,2478 6186,2478 6228,2484"/>
                <TextEquiv>
                    <Unicode>nicht aufgemacht, der da hat er mir</Unicode>
                </TextEquiv>
            </TextLine>
            <TextLine id="tr_1_tl_12" custom="readingOrder {index:11;}">
                <Coords points="3480,2747 6149,2717 6149,2558 3777,2639 3480,2558"/>
                <Baseline points="3499,2663 3588,2675 3678,2681 3767,2687 3857,2687 3947,2687 4036,2687 4126,2687 4215,2687 4305,2681 4394,2681 4484,2681 4574,2681 4663,2681 4753,2687 4842,2687 4932,2687 5021,2681 5111,2681 5201,2681 5290,2675 5380,2681 5469,2675 5559,2675 5648,2675 5738,2669 5828,2675 5917,2675 6007,2675 6096,2681 6156,2699"/>
                <TextEquiv>
                    <Unicode>Teresina (reipzt ihm das Telegramm aus</Unicode>
                </TextEquiv>
            </TextLine>
            <TextLine id="tr_1_tl_13" custom="readingOrder {index:12;}">
                <Coords points="3611,2892 3844,3014 4033,2913 4597,2933 4826,2879 5019,2926 5019,2781 4658,2727 4418,2832 4101,2744 3898,2818 3797,2757 3611,2794"/>
                <Baseline points="3630,2872 3684,2872 3773,2872 3863,2872 3953,2872 4042,2872 4132,2872 4221,2878 4311,2872 4400,2872 4490,2866 4580,2866 4669,2866 4759,2866 4848,2860 4938,2854 5027,2848"/>
                <TextEquiv>
                    <Unicode>der Hand, liest es.</Unicode>
                </TextEquiv>
            </TextLine>
            <TextLine id="tr_1_tl_14" custom="readingOrder {index:13;}">
                <Coords points="3503,3135 4533,3078 4803,3186 5181,3054 5744,3172 6183,3115 6183,2960 6038,2940 5643,3024 4529,2896 3851,3017 3503,2940"/>
                <Baseline points="3523,3045 3612,3057 3702,3063 3791,3063 3881,3063 3970,3063 4060,3069 4150,3069 4239,3069 4329,3069 4418,3069 4508,3069 4597,3069 4687,3069 4777,3063 4866,3063 4956,3057 5045,3057 5135,3051 5224,3051 5314,3051 5404,3051 5493,3051 5583,3051 5672,3051 5762,3051 5851,3051 5941,3051 6031,3051 6120,3057 6192,3069"/>
                <TextEquiv>
                    <Unicode>Hausmeister. Freilich... man mit wohl</Unicode>
                </TextEquiv>
            </TextLine>
            <TextLine id="tr_1_tl_15" custom="readingOrder {index:14;}">
                <Coords points="3648,3301 4219,3378 4391,3287 4799,3291 4944,3382 5228,3243 5829,3345 6119,3270 6122,3122 5373,3193 4911,3132 4718,3216 4242,3102 3648,3172"/>
                <Baseline points="3666,3260 3708,3260 3797,3266 3887,3266 3976,3266 4066,3266 4156,3266 4245,3260 4335,3266 4424,3260 4514,3260 4603,3260 4693,3254 4783,3254 4872,3248 4962,3248 5051,3248 5141,3242 5230,3242 5320,3242 5410,3248 5499,3248 5589,3248 5678,3248 5768,3254 5857,3248 5947,3248 6037,3248 6126,3254"/>
                <TextEquiv>
                    <Unicode>das Kliegele überhören bei dem</Unicode>
                </TextEquiv>
            </TextLine>
            <TextLine id="tr_1_tl_16" custom="readingOrder {index:15;}">
                <Coords points="3658,3500 3729,3510 3814,3466 3905,3446 3976,3470 4006,3453 4026,3466 4094,3453 4090,3334 4026,3324 3972,3355 3922,3334 3864,3345 3834,3324 3753,3321 3723,3348 3655,3355"/>
                <Baseline points="3672,3427 3761,3439 3851,3445 3941,3445 4030,3445 4102,3445"/>
                <TextEquiv>
                    <Unicode>Lärm.</Unicode>
                </TextEquiv>
            </TextLine>
        </TextRegion>
    </Page>
</PcGts>
