3688 4184
3220 80 3384 291 26.
833 435 3484 766 von ihm als ich. Er gehört sich so pit.
833 585 3474 896 wie mir - und mir so wenig als Euch.
869 839 3457 1113 Ja, später hab ich mich sogar gewür¬
833 1023 3501 1324 dert, wenn die Leite mich beclauert
813 1217 3407 1552 haben. ich war ganz beschämt. Und
839 1468 3324 1776 ich muß Dir sagen, es ist mir ganz
866 1602 3391 1946 recht, daß man jetzt allmählig doz¬
876 1839 3387 2133 zu vergessen beginnt, daß ich nicht
816 2063 3501 2361 wie fr iher immer in der Zeitung über
833 2180 3518 2528 ihr lesen muß. Das hat ich eine
903 2451 3534 2745 Zeit lang ganz krank gemacht. Aber
3200 2585 3461 2819 Got
879 2655 3039 2939 jetzt hört das alles auf;
826 2886 1679 3126 sein Drek.
746 3060 3431 3337 Lœura. Was Du da sagst, ist eigentlich
886 3227 3521 3628 recht sonderbar... hat es bich nicht ein¬
