3688 4136
3277 204 3397 348 21
2244 247 3401 502 in an Molk immanly
876 441 3474 746 mußte sich ein Gott als Wolke verklei¬
886 662 3484 859 den wir früher einmal.... das we¬
893 873 3454 1100 re so mein Fall. aber sonst ist es zu
906 1037 3478 1324 gemein. Komm, wir wollen spapie¬
889 1210 3498 1485 ren gehn. Die Kinder werden wieder
899 1438 3528 1722 sehr ungeduldig. Im Begriffe aufzu¬
856 1652 1291 1899 stehen,
742 1779 3274 2117 Teresina (leicht verleger.) Ich werde Dich
833 1990 3481 2267 biter, Maria in Deine Obhut zu nehmen
896 2217 3120 2491 ich kann heut nicht mitgeha¬
789 2401 2284 2608 Laura. Warum denn?
762 2521 3441 2856 Feresina. Ich bin nicht. es fehlt mir die
913 2772 1615 3009 Stimmung.
786 2926 3474 3227 Laura. Die Stimmung fehlt Dir? - Zum Spa¬
886 3163 1776 3391 pierengehn?
779 3284 3370 3581 Teresind. Es ist es ist... nun, Laura,
