6488 4248
3634 376 6192 696 löscht sie, einem plötzlicher Gedanken
3634 624 6181 965 folgend, das Licht aus, öffnet leise die
3616 862 5154 1114 Balkenthür, jetzt
4006 955 6212 1324 Es lebe Teresina Fileschi - Es
3651 1189 5199 1510 lebe Adrian Fileschi.
3999 1427 6185 1734 (Sie stürzt in's Zimmer zurück:)
4030 1551 6192 1937 Sie schüttelt der Kopf, schliespt.
3606 1810 6254 2144 die Thür, reiszt sie dann wieder auf
3637 1972 6230 2337 lehnt sie an. Pietro stürzt herein. Er
3665 2262 5306 2572 ist beinahe fassungslos.)
3537 2472 6240 2813 Presina (fragender Blick, Kaim hirbar.)
3654 2758 4137 2965 Nun -?
3579 2913 4995 3175 Pietro. Er ist zurück.
3551 3099 4813 3354 Teresind. Adrian -?
3579 3261 6347 3527 Pietro. Adria as sind Ertrabläter, die sie
3675 3385 6354 3689 vertheilen... vor einer Stunde ist
