6456 4168
5016 210 5748 555 F.TrubyKing
3636 455 6272 718 an dich schreiben, das soll so plühn und
3622 687 6296 904 fünkeln vor Liebe und Andacht.... ach,
3981 800 5955 959 daß ihr Welt für wir
3616 897 6289 1152 ich berichte ja nur hinzuschreiben, wie
3629 1059 6296 1311 d in mir ist, nicht wahr.... und wenn
3612 1273 6217 1494 mir nichts vor all dem gelingt-Muth,
3609 1439 6279 1711 zum Teufel hinein, hab ich doch genug
3591 1628 6310 1932 ich kann auch hinausziehen, irgend ein¬
5330 1739 5779 1898 wold
3633 1794 6310 2080 unbekanntes Land entdecken und nicht
3619 1973 6227 2263 wiederkommen – und mehr – bei Gott.
3609 2201 5613 2498 hat Er auch nicht gethan,
3526 2380 6269 2663 Teresina. Aber mein gelibbter Pietro, ich
3695 2608 6269 2895 will ja nichts von alldem... ich will
3667 2763 6131 3119 ja nur Dich, Dich - so wie Du bist.
3547 3039 6327 3274 Pieter. Wenn das wahr ist – nun — Paus¬
3688 3177 6279 3433 so lege Deinen Namen ob.... und lebe
3709 3440 4402 3622 mit mir.
