6504 4120
3773 347 5710 637 tigt ist, tritt Pietro ein.
3892 613 6136 902 Teresina ihm entgegen, kisst ihn.
3626 848 5645 1130 Pietro. Nicht zu früh diesmal?
3623 984 6183 1304 Geresind. Nein. Nie zu früh. Ich liebe Dich.
3647 1219 5932 1478 Pietro. So hast Du's noch nie gesagt.
3637 1410 5571 1641 Teresind. Wie sag’ ich's denn?
3630 1573 6153 1849 Pietro. Als wenn ich glauben dürfte
3660 1740 5639 1999 Teresina. Nun. ich denke.
3647 1931 6269 2220 Pietro. Oh Teresind, es gibt Momente,
3820 2162 6262 2373 denen man nicht vertrauen darf.
3831 2302 6316 2540 Mund an Meer glauben alle Paare
3797 2499 6272 2697 der Welt, daß sie einander lieben.
3776 2666 6364 2949 Ich will mehr von Dir.... die ganze Ge¬
3783 2942 6248 3139 genwart und die Ewigkeit – und
3780 3054 6381 3333 wenn's geht auch alles vergangene.
3613 3269 6347 3459 Teresina. Alles gehört Dir – vom erstre Au¬
3820 3429 6003 3725 genblick an, wo ich Dein war.
