6344 4312
3427 413 6092 699 zur den anderen gehört. Ja, nach dir
3431 615 6105 984 hab ich mich gesehnt. nach Dir..., Denk
3457 840 6085 1152 nicht über das vergangene nach.... ich
3468 1042 6132 1314 sage Dir, daß es ganz närrisch ist, dar¬
3474 1159 6135 1539 an zu Denken. Ich bin Dein. Alles, was
3488 1438 6129 1704 Du willst, soll geschehen.... aber es hat
3488 1633 6156 1915 ja keine Eile.... das sind ja äußerliche
3454 1824 6028 2097 Dinge. Das Bild hier darf in meinem
3468 2006 6088 2379 Zimmerhängen wie in jedem Haus des
3491 2211 6112 2544 ganzen Landes; denn es bedeutet nur
3515 2349 6119 2742 nichts anderes. Ich heutze Teresina... Pie¬
3491 2567 6125 2886 tro G Teresina. ich bin das erste Mal
3508 2829 6152 3121 glücklich in meinem Leben.... und ver¬
3504 2970 6189 3276 lieren kannst du mich nur, wenn Dir er¬
3555 3209 6206 3548 gend etwas theuerer wird, als ich dir
3558 3404 6260 3804 bin — Ehre oder Kuhm. - Glück - das ist
