3688 4136
3286 178 3443 345 22.
885 495 3443 763 weißt die, daß es heit gerade sech¬
924 739 1763 944 Jahre sind...
763 882 2035 1174 Laura. Sechs Jahre?
774 1049 3502 1335 Teresina. Ja.... heute vor sechs Jahren ist
1077 1223 2931 1565 hat Er ins verlassen.
788 1474 1502 1676 Saura. Oo?
809 1607 3471 1938 Geresina. Es widerstrebt mir sehr, heute
917 1826 3387 2126 unter fröhlichen Menschen zu sein. Ich
875 2021 2007 2314 bleibe zu Hause
707 2182 3450 2433 Laura. Ich finde aber, Du könntest gerade
840 2457 3502 2697 eine solchen Tag gar nicht besser feiern,
829 2607 3464 2851 als mitten unter dem Volk, für dessen
840 2791 3286 3074 Grötze und Ruhm er sich geopfert.
707 3032 3478 3265 Teresina. Findest Di? - Ich denke, das Al¬
784 3199 3119 3492 leiesem giemt mir doch noch besser.
714 3377 3516 3684 Laura. Ja. Es wäre möglich, aber nur unter
