6424 4200
6058 152 6230 314 be.
3626 469 6283 701 Laura. Das scheint mir selbst.- Wir wollen
3728 654 5053 912 auch gehen, Ercole.
3622 836 5837 1091 Ercole. Nein, ich will noch bleiben.
3622 1008 6223 1302 Lauca. Wir werden morgen früh wie¬
3735 1233 4680 1434 der kommen.
3616 1352 6111 1623 Pietro. Dann sagen Sie Frau Fileschi
3728 1593 6266 1831 vielleicht, daß es... bei meiner Ab¬
3712 1824 4872 2066 reise bleibt.
3622 2000 5096 2241 Laura. Sie reisen ab?
3632 2168 6233 2446 Pietro. Ja sie im Herbst.... Es ist in der
3725 2393 6263 2657 Nähe. Zwei Stunden von hier ist ein
3718 2611 6121 2842 kleiner Ort, in dem ich er lieb
3682 2740 6137 3057 zuweilen ein paar Wochen oder
3712 3008 6289 3269 Tage zu verbringen m in einem rei¬
3682 3140 6313 3457 genden Landhaus, das mir ein Freund
3675 3384 5546 3675 zur Verfügung stellt.
