6456 4232
3664 388 6263 707 wieder stiller. Du sagst, sie drän¬
3629 666 6284 996 gen hieher... sie drängen ja vorbei
3863 838 5968 1157 (jetzt ganz laut Fileschi.)
3530 1034 6256 1391 Peresind. Sich hinunter, Pietro, ich bitte Dich,
3633 1222 6253 1621 sieh hinunter, was es gibt. Da er pö¬
3660 1470 6222 1806 g ert) Wenn Du mich liebst, sich hinin
3636 1665 6280 2005 ter.  rasch- und komm gleich wieder
3623 1799 6301 2270 zurück. Aber gib acht, das sie nicht
3588 2101 5470 2435 sehen, woher Du kommst.
3516 2290 6280 2627 Pietro. Wie kann ich das? Es wohner übri¬
3602 2514 5580 2826 gens zum Anteien im Haus.
3568 2692 5570 3097 Teresina Schnell, schnell, Pietro
3887 3001 5072 3252 (Pietro rasch ab.)
3581 3180 6308 3458 Teresina zum Vorhang, schiebt ihn zurück,
3578 3403 6112 3698 sie sieht neugierig hinunter – dann
