3752 4200
3287 122 3392 334 be
829 474 2260 818 nicht die Handgeber:
721 627 3517 975 Maria (gibt sie ihm pögerns.) Wama, Frau
867 878 3538 1135 Brunati kommt, ich hab sie gesehe, sie
843 1045 3507 1334 hat herauf gewunken. Und Ercole hat
853 1240 3284 1525 einen wirklichen Spapierstock
738 1386 3476 1720 Pietro (Lacht) Ah, ist das aber interessant
742 1619 3489 1870 Maria. Freilich; er hat sich so lang einen
871 1804 3479 2107 gewiescht. Da nehm ich mir aber mei¬
912 1943 3489 2340 nen rothen Schirm, wenn wir alle
898 2159 3507 2455 zusammen spazieren gehe, nicht wahr
930 2424 1431 2640 Mama?
756 2581 3535 2897 Pietro. Gnädige Frau, ich werde mich jetzt
871 2793 1675 3079 empfehlen
756 2890 3559 3294 Teresind. Adieu, Herr Geraldini. Gertzer
874 3183 2190 3486 Sie Ihre Schwester
801 3281 3528 3625 Pietro, Danke sehr. Adieu, keine Maria.
