6440 4216
6038 116 6211 324 61.
3630 354 6161 668 Teresina (hat das Telegramm gelesen,
3792 609 3974 754 2i
3739 606 5172 860 verständigt Lauca)
3894 787 4411 956 Leapar
5612 764 6254 989 und Aldria
3607 827 5086 1062 Laura. Meine Freunde
3726 1009 6187 1211 die mir vorausgeeilt sind, sandter
3683 1175 6247 1446 dieses Telegramm ab. Nach unsäglichen
3696 1367 6277 1621 verfahrten und Beschwerden befinde ich
3709 1565 6260 1813 mich mit sieben Geretteten auf der
3693 1737 6168 2041 Heimreise. Ich bete zu Gott, das Du
3709 1939 6201 2250 und Maria lebet und wohl sein. Ich
3673 2187 6290 2468 bitte dich, komme mir mit Marie entge¬
3669 2359 6244 2680 gen. Schifft Euch in Neapel ein und
3673 2584 6244 2816 wartet meiner in Alexandrien. Mite
3646 2803 6306 3087 October, wenn Gott mich weiter beschützt,
3653 2965 6121 3269 bin ich dort. Die Adrian Fileschi¬
3557 3193 5205 3468 Teresind. Mein Adrian:
3630 3348 6263 3580 Lauca. Mte October.... das ist in
