3640 4168
3254 180 3347 346 5
816 453 2444 719 finden zu erkundigen.
657 612 2503 878 Teresina (mild) Erbschleichen
685 723 3426 1079 Pieter. Ich bin sein einziger Neffe und er
768 944 3454 1179 ist Millionär. Man thut gemeinere Dinge
781 1110 2227 1411 für geringeren Lohn.
674 1338 2379 1573 Teresina. Ja, das ist wahr.
688 1518 3399 1691 Pietro (steht auf.) Ano ich geht lieber gleich
705 1656 3468 1936 um möglichst rasch wieder bei Dir sein pu¬
809 1850 2334 2061 können. Dann bleib ich.
695 1950 3309 2278 Teresind. Weißt Du das ganz bestimmt?
698 2223 1967 2455 Pietzö. Vollkommee
723 2441 3499 2624 Tezesina. Dann sag ich Dir, daß Du Dichirrst.
864 2572 3406 2852 Du kannst heiß nicht hier bleiben. Unter
875 2804 2462 3032 gar Keiner Bedingung
743 2949 2106 3222 Pietro. Aber Teresina
736 3126 2704 3447 Teresina. Es ist ganz unmöglich.
740 3264 3492 3630 Pietro. Deresina, vergisst Du denn, daß Du
