4200 5480
1374 852 3750 1157 Allen danken? - Lieber Bürgermeister - lieber Graf
1365 1057 3741 1313 lieber Herr Ricardi - lieber herr Brunati - lieben
1374 1200 3826 1432 Herr Geraldini - Ihnen besonders, der mir als Erster
1371 1371 3774 1622 die Nachricht gebracht hat - wie soll ich Ihnen dan
1383 1579 1618 1750 k en?
1380 1631 3765 1933 Gnädige Fraw, wenn Sie mir gestatten, gleich Ihnen
864 1731 1261 1957 Pietre:
1393 1844 3414 2052 unserem grossen Mitbürger entgegenzureisen.
1374 1991 3469 2226 Das ist eine Idee — ich werde das auch thun.
901 2009 1188 2190 Graf:
1393 2199 1851 2379 Auch ich!
895 2135 1313 2339 Brunati:
1380 2263 3558 2513 Ich glaube, der ganze Gemeinderath in corpore
879 2379 1319 2574 Bürgerm:
1423 2458 3845 2645 :zu Pietre: Ich nehme an, dass Sie in diesem Fall
886 2532 1228 2733 Laura:
1396 2611 3658 2846 zuhause bleiben werden. Sie sieht ihn lächeln
2031 2834 2553 3032 --oo000--
1939 3097 2672 3313 VORHANG.
2009 3356 2596 3555 --oo000--
