6456 4184
6059 138 6210 272 41.
3550 393 4487 642 Pietro. Wozu?
3580 631 6220 856 Teresina (lächelnd) Ich sah’ Dich auch zum
3725 769 5623 1031 (Sie zündet eine Kerze an.)
3570 944 6261 1243 Pietro (ist aufgestanden) Siehst Du. heut
3634 1172 6140 1417 hab ich freilich noch nichts – aber mein
3658 1401 6264 1619 Taschengels ist schon dreimal so grotz als
3641 1515 6234 1757 alles zusammen, was Du Dir mit Dei¬
3664 1689 6288 1965 nen Lectionen verdienst – und aufper¬
3661 1911 6301 2183 dem (er steht neben ihr, während sie
5263 2072 5505 2210 in
3678 2103 6271 2351 angändet) wie die gewiß bemerkt
3641 2324 6321 2640 hast, bin ich auch ein Erbschleicher und
3648 2492 6278 2794 so sehr ich meinen Onkel liebe.... es
3658 2711 6338 2976 lappt sich nicht leignen, daß er 81 Jahre
3685 2952 4702 3157 alt ist ver¬
3597 3036 6298 3406 Teresind. Nichts davon - ich bitte Dich dar¬
3742 3305 4860 3584 um. (Sie ticht)
