3704 4152
3330 181 3457 281 12
859 376 3375 643 noch im Leben. Ganz Station wäre dem
986 582 3176 746 einverstanden, ihr die das frei Eichxx
760 630 3518 880 Teresind. Uns ganz Italien wäre damit
876 808 3546 1126 einverstanden, dass ich Pietro Geraldini
866 1078 1307 1259 liebe?
705 1277 3426 1513 Pietro. Gewik. Wenn ganz Italien mich
839 1472 1968 1663 kennen würde.
777 1564 3484 1869 Teresina. Ich bezweifle, daß des jemals
873 1828 2273 2023 der Fall sein wird.
797 2006 3043 2259 Pietro. Bist Di mir deshalb böse?
2731 2077 3525 2279 biss du neur recht.
787 2180 3484 2485 Teresind. Gott behüte. Gerade
1544 2351 1834 2519 will
890 2379 3385 2611 bist, bist Du mir recht. (Sie legt das
893 2557 3532 2796 Kleid wieder fort, steht auf und Kist
921 2759 3498 2998 ihn.) Ich bin ja so froh, daß Du so bist.
777 2960 2440 3248 Pietro zärtlich. Nun also
801 3176 2146 3392 Teresind. Was denn?
842 3279 3477 3631 Pietro. Heit Abend... darf ich wieder
