3720 4104
964 388 3461 671 nen Vorwurf daraus machen?
812 586 3319 832 Teresind. Oh nein. Es wäre mir sehr
900 735 3525 1041 schrecklich, wenn Du auch nach Afrika
896 960 1527 1166 gingst.
822 1122 3505 1365 Pietro. Nun gut. Wir mitz er eben mit
893 1311 3542 1577 Thatsachen rechnen. Er kommt nicht wie¬
883 1463 3592 1709 ter, das weiszt ih. Das weiß das ganze
863 1621 3559 1924 Land. Drei Jahre lang hast Du ihn er¬
886 1887 3144 2096 wortet.... vergeblich... xx
869 2052 3549 2342 drei weitere Jahre haßt. Bei der Schwer¬
2780 2042 3444 2180 Du ihn be¬
863 2258 3313 2477 weint - auch vergeblich.... nun
3336 2386 3481 2497 Von
866 2453 3508 2699 denk ich, könntest Du wieder in's Leben
859 2652 1645 2834 zurück.
741 2794 2834 3100 Teresina. Hab ich's nicht gethan:
768 2935 3461 3259 Pieter. Nicht vollkommen. Solang es noch
853 3178 3518 3474 solche Gedanktage gibt, bist du nicht
896 3370 3151 3653 mein, und Das ertrag ich nicht
