6408 4200
3634 371 4735 597 Laura. Allein?
3606 566 5720 803 Pietro. Wie allein? Nach
3750 769 6265 1019 Crcole ist auf der Balkon gelaufen
3788 971 5902 1276 zupft Maria, die ihn abwehrt.
3548 1184 6238 1523 Laura. Sie leben ganz allein in dem Land¬
3641 1403 4255 1668 haus?
3524 1561 6077 1891 Pietro. Gewits. Ich liebe die Einsamkeit
3538 1801 4533 2072 Caura (lächelt)
3551 1918 6255 2265 Pietro. Wenn Sie auch lächele, gnädige
3658 2196 4066 2405 Frau.
3551 2316 6320 2639 Laura. Weil ich Ihnen das mit der Einsam¬
3658 2519 5758 2851 keit durchaus nicht glaube.
3510 2728 5857 3112 Pieter. Sie thue Unrecht dank
3531 2978 6279 3256 Laura. Wahrhaftig, wenn man witzte,
3634 3191 6111 3500 wo dieses geheimnisvolle Landhaus
3630 3380 6262 3733 liegt, könnte man Thein auf son¬
