<?xml version="1.0" encoding="UTF-8" standalone="yes"?>
<PcGts xmlns="http://schema.primaresearch.org/PAGE/gts/pagecontent/2013-07-15" xmlns:xsi="http://www.w3.org/2001/XMLSchema-instance" xsi:schemaLocation="http://schema.primaresearch.org/PAGE/gts/pagecontent/2013-07-15 http://schema.primaresearch.org/PAGE/gts/pagecontent/2013-07-15/pagecontent.xsd">
    <Metadata>
        <Creator>prov=READ-COOP:name=TrHtr:version=2.1.0:model_id=51170:date=30_07_2023_08:17</Creator>
        <Created>2023-05-10T13:46:57.849+02:00</Created>
        <LastChange>2023-07-30T08:17:50.021+02:00</LastChange>
        <TranskribusMetadata docId="1428593" pageId="55414343" pageNr="32" tsid="131487808" status="IN_PROGRESS" userId="64420" imgUrl="https://files.transkribus.eu/Get?id=MCTUNGRCAJOYHQSKLJFXEYII&amp;fileType=view" xmlUrl="https://files.transkribus.eu/Get?id=PEWJSTJASZPNZODRGRMPJOIK" imageId="44688477"/>
    </Metadata>
    <Page imageFilename="1428593_0032.jpg" imageWidth="3688" imageHeight="4184">
        <ReadingOrder>
            <OrderedGroup id="ro_1711790327892" caption="Regions reading order">
                <RegionRefIndexed index="0" regionRef="tr_1"/>
            </OrderedGroup>
        </ReadingOrder>
        <TextRegion id="tr_1" custom="readingOrder {index:0;}">
            <Coords points="737,251 3518,251 3518,3564 737,3564"/>
            <TextLine id="tr_1_tl_1" custom="readingOrder {index:0;}">
                <Coords points="3265,306 3286,306 3352,351 3380,348 3404,355 3404,205 3373,209 3356,219 3338,212 3300,243 3265,250"/>
                <Baseline points="3285,301 3330,304 3375,301 3414,301"/>
                <TextEquiv>
                    <Unicode>23</Unicode>
                </TextEquiv>
            </TextLine>
            <TextLine id="tr_1_tl_2" custom="readingOrder {index:1;}">
                <Coords points="901,671 1488,689 1575,633 2076,758 2243,668 2514,675 2514,563 2236,553 2156,490 1767,567 1631,476 1461,469 1168,581 1026,501 901,518"/>
                <Baseline points="919,647 954,650 999,650 1044,647 1089,647 1134,650 1178,650 1223,650 1268,647 1313,650 1357,644 1402,644 1447,641 1492,638 1536,635 1581,638 1626,638 1671,638 1715,641 1760,641 1805,644 1850,647 1895,647 1939,644 1984,647 2029,644 2074,644 2118,641 2163,638 2208,638 2253,638 2297,638 2342,641 2387,641 2432,644 2476,638 2521,632"/>
                <TextEquiv>
                    <Unicode>einer Voraussetzung.</Unicode>
                </TextEquiv>
            </TextLine>
            <TextLine id="tr_1_tl_3" custom="readingOrder {index:2;}">
                <Coords points="744,883 974,935 1245,855 1530,949 1874,855 2194,855 2330,946 2584,890 2584,748 2420,685 1913,817 1683,727 1332,699 1130,769 744,692"/>
                <Baseline points="763,856 808,856 853,856 898,853 943,856 987,853 1032,853 1077,850 1122,850 1166,847 1211,847 1256,844 1301,844 1345,844 1390,844 1435,844 1480,844 1524,844 1569,844 1614,844 1659,844 1704,847 1748,847 1793,850 1838,850 1883,856 1927,853 1972,853 2017,853 2062,850 2106,847 2151,847 2196,847 2241,847 2285,850 2330,847 2375,850 2420,853 2465,853 2509,859 2554,862 2593,862"/>
                <TextEquiv>
                    <Unicode>Teresina. Welche wäre das?</Unicode>
                </TextEquiv>
            </TextLine>
            <TextLine id="tr_1_tl_4" custom="readingOrder {index:3;}">
                <Coords points="779,1127 3457,1092 3457,995 3078,942 2424,1015 2024,897 1645,1005 1349,925 1214,1026 782,928"/>
                <Baseline points="802,1062 847,1062 892,1062 937,1062 981,1065 1026,1062 1071,1059 1116,1062 1160,1059 1205,1062 1250,1056 1295,1056 1339,1050 1384,1053 1429,1050 1474,1050 1519,1050 1563,1050 1608,1050 1653,1050 1698,1053 1742,1056 1787,1059 1832,1062 1877,1062 1921,1062 1966,1059 2011,1062 2056,1062 2100,1062 2145,1062 2190,1059 2235,1062 2280,1059 2324,1062 2369,1062 2414,1059 2459,1056 2503,1059 2548,1056 2593,1056 2638,1053 2682,1047 2727,1050 2772,1050 2817,1050 2861,1047 2906,1044 2951,1044 2996,1041 3041,1041 3085,1041 3130,1041 3175,1044 3220,1044 3264,1047 3309,1050 3354,1053 3399,1059 3443,1062 3467,1065"/>
                <TextEquiv>
                    <Unicode>Caura. Wenn Dr heile noch mit einem</Unicode>
                </TextEquiv>
            </TextLine>
            <TextLine id="tr_1_tl_5" custom="readingOrder {index:4;}">
                <Coords points="855,1238 1047,1328 1207,1255 1454,1332 1638,1235 1798,1346 2020,1248 2163,1325 2434,1217 2911,1297 3471,1262 3474,1106 859,1179"/>
                <Baseline points="874,1226 883,1223 928,1226 972,1229 1017,1232 1062,1232 1107,1229 1151,1229 1196,1226 1241,1229 1286,1226 1331,1223 1375,1223 1420,1223 1465,1223 1510,1220 1554,1223 1599,1223 1644,1226 1689,1226 1733,1229 1778,1232 1823,1232 1868,1232 1912,1232 1957,1229 2002,1229 2047,1232 2092,1226 2136,1229 2181,1226 2226,1223 2271,1223 2315,1220 2360,1223 2405,1223 2450,1217 2494,1217 2539,1217 2584,1217 2629,1214 2673,1214 2718,1214 2763,1214 2808,1214 2852,1217 2897,1217 2942,1214 2987,1214 3032,1211 3076,1214 3121,1214 3166,1214 3211,1214 3255,1214 3300,1214 3345,1211 3390,1211 3434,1214 3479,1208"/>
                <TextEquiv>
                    <Unicode>wahren Schmerz an ihn zurückdenkst.</Unicode>
                </TextEquiv>
            </TextLine>
            <TextLine id="tr_1_tl_6" custom="readingOrder {index:5;}">
                <Coords points="769,1464 1141,1541 1363,1450 2584,1461 2632,1283 2452,1217 2184,1321 2045,1248 1812,1346 1687,1280 1433,1360 1311,1259 1134,1342 772,1259"/>
                <Baseline points="787,1408 832,1411 877,1411 922,1414 966,1417 1011,1417 1056,1417 1101,1417 1145,1417 1190,1417 1235,1414 1280,1408 1325,1411 1369,1414 1414,1408 1459,1408 1504,1408 1548,1405 1593,1405 1638,1405 1683,1405 1727,1408 1772,1405 1817,1405 1862,1405 1906,1405 1951,1405 1996,1402 2041,1402 2086,1402 2130,1399 2175,1402 2220,1402 2265,1405 2309,1405 2354,1405 2399,1405 2444,1405 2488,1405 2533,1405 2578,1408 2623,1408 2638,1408"/>
                <TextEquiv>
                    <Unicode>Teresina. Zweifelst Du daran?</Unicode>
                </TextEquiv>
            </TextLine>
            <TextLine id="tr_1_tl_7" custom="readingOrder {index:6;}">
                <Coords points="800,1687 1961,1704 2139,1600 2493,1707 2900,1575 3446,1607 3481,1527 2820,1436 2476,1551 1819,1440 803,1499"/>
                <Baseline points="820,1614 844,1611 889,1611 934,1614 978,1614 1023,1614 1068,1614 1113,1611 1157,1611 1202,1608 1247,1605 1292,1602 1336,1602 1381,1602 1426,1599 1471,1596 1516,1599 1560,1599 1605,1596 1650,1596 1695,1596 1739,1596 1784,1599 1829,1599 1874,1599 1918,1596 1963,1596 2008,1596 2053,1593 2097,1596 2142,1593 2187,1596 2232,1593 2277,1596 2321,1593 2366,1593 2411,1593 2456,1593 2500,1590 2545,1590 2590,1587 2635,1584 2679,1581 2724,1581 2769,1575 2814,1575 2858,1572 2903,1572 2948,1569 2993,1572 3038,1572 3082,1572 3127,1575 3172,1575 3217,1578 3261,1581 3306,1581 3351,1581 3396,1584 3440,1587 3485,1590"/>
                <TextEquiv>
                    <Unicode>Laura. Versteh mich nur recht: mit einem</Unicode>
                </TextEquiv>
            </TextLine>
            <TextLine id="tr_1_tl_8" custom="readingOrder {index:7;}">
                <Coords points="880,1906 1221,1867 1328,1940 1812,1798 2177,1805 2386,1913 3283,1801 3286,1707 2406,1652 1607,1774 995,1680 883,1746"/>
                <Baseline points="898,1805 919,1808 963,1805 1008,1805 1053,1805 1098,1805 1142,1805 1187,1805 1232,1805 1277,1805 1322,1808 1366,1802 1411,1796 1456,1796 1501,1802 1545,1802 1590,1805 1635,1802 1680,1802 1724,1799 1769,1799 1814,1796 1859,1799 1903,1799 1948,1799 1993,1799 2038,1802 2083,1802 2127,1805 2172,1802 2217,1805 2262,1799 2306,1799 2351,1796 2396,1796 2441,1793 2485,1793 2530,1790 2575,1787 2620,1787 2664,1787 2709,1784 2754,1784 2799,1781 2844,1778 2888,1775 2933,1769 2978,1769 3023,1769 3067,1772 3112,1775 3157,1775 3202,1775 3246,1778 3291,1781"/>
                <TextEquiv>
                    <Unicode>Schmerz, mit einer Sehnsicht, wie</Unicode>
                </TextEquiv>
            </TextLine>
            <TextLine id="tr_1_tl_9" custom="readingOrder {index:8;}">
                <Coords points="862,2024 2354,2080 2493,1982 2966,2080 3439,2041 3439,1864 862,1920"/>
                <Baseline points="880,1984 898,1984 943,1987 987,1987 1032,1990 1077,1990 1122,1990 1166,1990 1211,1990 1256,1990 1301,1987 1345,1987 1390,1987 1435,1990 1480,1990 1524,1987 1569,1987 1614,1987 1659,1987 1704,1987 1748,1990 1793,1990 1838,1990 1883,1990 1927,1990 1972,1993 2017,1993 2062,1993 2106,1993 2151,1996 2196,1996 2241,1996 2285,1993 2330,1990 2375,1984 2420,1984 2465,1984 2509,1981 2554,1975 2599,1975 2644,1975 2688,1975 2733,1975 2778,1972 2823,1972 2867,1972 2912,1969 2957,1966 3002,1966 3046,1963 3091,1966 3136,1966 3181,1966 3226,1966 3270,1966 3315,1966 3360,1969 3405,1966 3449,1966"/>
                <TextEquiv>
                    <Unicode>wenn man an einer Geliebten zurück</Unicode>
                </TextEquiv>
            </TextLine>
            <TextLine id="tr_1_tl_10" custom="readingOrder {index:9;}">
                <Coords points="852,2205 1478,2177 1690,2288 1860,2191 2222,2194 2459,2288 2726,2163 3446,2177 3450,2055 1534,2146 852,2080"/>
                <Baseline points="871,2181 904,2184 949,2190 993,2190 1038,2193 1083,2193 1128,2193 1172,2187 1217,2184 1262,2181 1307,2181 1351,2178 1396,2175 1441,2175 1486,2175 1530,2178 1575,2181 1620,2181 1665,2181 1710,2181 1754,2181 1799,2184 1844,2184 1889,2184 1933,2187 1978,2187 2023,2187 2068,2184 2112,2178 2157,2178 2202,2178 2247,2175 2291,2172 2336,2169 2381,2163 2426,2160 2471,2154 2515,2154 2560,2157 2605,2157 2650,2160 2694,2160 2739,2160 2784,2160 2829,2160 2873,2160 2918,2157 2963,2157 3008,2154 3052,2151 3097,2148 3142,2145 3187,2145 3232,2145 3276,2148 3321,2145 3366,2145 3411,2136 3455,2136"/>
                <TextEquiv>
                    <Unicode>Neekt... nagens, verzehrenr.... mit</Unicode>
                </TextEquiv>
            </TextLine>
            <TextLine id="tr_1_tl_11" custom="readingOrder {index:10;}">
                <Coords points="3064,2323 3081,2323 3105,2299 3112,2306 3171,2250 3251,2253 3248,2173 3217,2177 3168,2166 3140,2184 3109,2163 3095,2177 3085,2170 3060,2173"/>
                <Baseline points="3079,2235 3124,2232 3169,2235 3214,2235 3258,2238"/>
                <TextEquiv>
                    <Unicode>&amp;a</Unicode>
                </TextEquiv>
            </TextLine>
            <TextLine id="tr_1_tl_12" custom="readingOrder {index:11;}">
                <Coords points="817,2445 1113,2406 1266,2504 1662,2413 2073,2500 2688,2406 2991,2507 3502,2427 3502,2299 2900,2219 817,2354"/>
                <Baseline points="838,2378 868,2384 913,2387 957,2387 1002,2390 1047,2387 1092,2387 1137,2387 1181,2387 1226,2384 1271,2381 1316,2378 1360,2378 1405,2375 1450,2372 1495,2372 1539,2372 1584,2369 1629,2372 1674,2372 1718,2372 1763,2375 1808,2378 1853,2378 1898,2378 1942,2375 1987,2372 2032,2375 2077,2372 2121,2372 2166,2369 2211,2363 2256,2363 2300,2363 2345,2366 2390,2366 2435,2366 2479,2363 2524,2363 2569,2366 2614,2366 2659,2363 2703,2366 2748,2363 2793,2366 2838,2363 2882,2369 2927,2360 2972,2360 3017,2360 3061,2357 3106,2354 3151,2357 3196,2357 3240,2357 3285,2357 3330,2354 3375,2357 3420,2360 3464,2360 3509,2360"/>
                <TextEquiv>
                    <Unicode>einem persönlichen Haß auf Schicksal</Unicode>
                </TextEquiv>
            </TextLine>
            <TextLine id="tr_1_tl_13" custom="readingOrder {index:12;}">
                <Coords points="723,2681 1071,2632 1134,2674 1255,2664 1367,2740 1648,2598 1892,2601 1888,2497 1840,2483 1596,2497 1488,2434 1342,2518 1106,2521 995,2441 716,2413"/>
                <Baseline points="740,2569 784,2572 829,2575 874,2578 919,2581 963,2581 1008,2581 1053,2581 1098,2581 1142,2581 1187,2584 1232,2584 1277,2593 1322,2599 1366,2599 1411,2599 1456,2593 1501,2596 1545,2596 1590,2596 1635,2596 1680,2593 1724,2593 1769,2590 1814,2593 1859,2590 1901,2590"/>
                <TextEquiv>
                    <Unicode>Teresina. Ach so....</Unicode>
                </TextEquiv>
            </TextLine>
            <TextLine id="tr_1_tl_14" custom="readingOrder {index:13;}">
                <Coords points="1989,2719 2066,2692 2083,2674 2121,2674 2139,2657 2156,2657 2177,2678 2229,2671 2229,2622 2212,2622 2135,2577 2114,2573 2090,2591 2069,2587 2052,2598 2034,2587 2017,2605 1989,2598"/>
                <Baseline points="2008,2664 2053,2664 2097,2667 2142,2662 2187,2664 2232,2664 2235,2664"/>
                <TextEquiv>
                    <Unicode>st,</Unicode>
                </TextEquiv>
            </TextLine>
            <TextLine id="tr_1_tl_15" custom="readingOrder {index:14;}">
                <Coords points="741,2834 2942,2834 3269,2782 3272,2709 2490,2646 2295,2740 1847,2629 1478,2747 744,2667"/>
                <Baseline points="760,2775 769,2775 814,2775 859,2775 904,2778 949,2778 993,2778 1038,2778 1083,2778 1128,2781 1172,2781 1217,2778 1262,2775 1307,2775 1351,2778 1396,2775 1441,2778 1486,2781 1530,2781 1575,2778 1620,2778 1665,2778 1710,2778 1754,2781 1799,2781 1844,2778 1889,2778 1933,2778 1978,2778 2023,2778 2068,2775 2112,2769 2157,2772 2202,2772 2247,2769 2291,2769 2336,2769 2381,2772 2426,2769 2471,2769 2515,2769 2560,2766 2605,2766 2650,2769 2694,2766 2739,2766 2784,2766 2829,2769 2873,2769 2918,2769 2963,2769 3008,2766 3052,2769 3097,2766 3142,2766 3187,2760 3232,2754 3276,2754"/>
                <TextEquiv>
                    <Unicode>Laura. Nun - beantworte mir das: -</Unicode>
                </TextEquiv>
            </TextLine>
            <TextLine id="tr_1_tl_16" custom="readingOrder {index:15;}">
                <Coords points="716,2977 1165,3078 1384,2959 1815,2970 2073,3095 2222,2963 2754,2963 2921,3067 3512,3001 3304,2824 2973,2907 1544,2799 1259,2890 716,2859"/>
                <Baseline points="737,2972 781,2975 826,2975 871,2975 916,2972 960,2972 1005,2972 1050,2969 1095,2972 1140,2969 1184,2969 1229,2966 1274,2963 1319,2957 1363,2957 1408,2954 1453,2954 1498,2954 1542,2954 1587,2954 1632,2957 1677,2960 1721,2960 1766,2963 1811,2966 1856,2963 1901,2966 1945,2969 1990,2966 2035,2969 2080,2969 2124,2966 2169,2963 2214,2960 2259,2966 2303,2963 2348,2966 2393,2963 2438,2963 2482,2963 2527,2960 2572,2957 2617,2960 2662,2963 2706,2960 2751,2960 2796,2960 2841,2960 2885,2960 2930,2963 2975,2960 3020,2963 3064,2960 3109,2960 3154,2963 3199,2957 3243,2957 3288,2957 3333,2960 3378,2960 3423,2966 3467,2975 3512,2981 3518,2981"/>
                <TextEquiv>
                    <Unicode>Teresina. Bedenke doch nur, daß ich eigent¬</Unicode>
                </TextEquiv>
            </TextLine>
            <TextLine id="tr_1_tl_17" custom="readingOrder {index:16;}">
                <Coords points="817,3272 1175,3178 2229,3168 2535,3272 2768,3175 3453,3175 3429,3015 2859,3116 2639,2984 2114,3130 821,3036"/>
                <Baseline points="841,3163 853,3166 898,3169 943,3169 987,3169 1032,3169 1077,3172 1122,3172 1166,3175 1211,3175 1256,3175 1301,3175 1345,3172 1390,3172 1435,3172 1480,3172 1524,3172 1569,3172 1614,3175 1659,3175 1704,3172 1748,3172 1793,3175 1838,3172 1883,3169 1927,3172 1972,3172 2017,3172 2062,3172 2106,3169 2151,3166 2196,3166 2241,3166 2285,3163 2330,3160 2375,3160 2420,3157 2465,3160 2509,3160 2554,3163 2599,3166 2644,3163 2688,3166 2733,3163 2778,3163 2823,3166 2867,3166 2912,3169 2957,3169 3002,3172 3046,3175 3091,3172 3137,3162 3148,3157 3193,3154 3237,3154 3282,3148 3327,3145 3372,3145 3417,3148 3461,3154"/>
                <TextEquiv>
                    <Unicode>lich in einer seltsame Lage bin. Wie</Unicode>
                </TextEquiv>
            </TextLine>
            <TextLine id="tr_1_tl_18" custom="readingOrder {index:17;}">
                <Coords points="828,3415 2229,3338 2775,3467 3304,3432 3304,3283 2525,3272 2368,3178 1958,3300 1600,3318 1346,3206 828,3279"/>
                <Baseline points="847,3354 850,3354 895,3354 940,3357 984,3357 1029,3360 1074,3357 1119,3360 1163,3360 1208,3360 1253,3357 1298,3357 1342,3360 1387,3360 1432,3363 1477,3363 1521,3363 1566,3366 1611,3366 1656,3363 1701,3366 1745,3363 1790,3363 1835,3360 1880,3351 1924,3348 1969,3348 2014,3348 2059,3345 2103,3342 2148,3339 2193,3339 2238,3336 2282,3333 2327,3333 2372,3330 2417,3327 2462,3327 2506,3327 2551,3330 2596,3330 2641,3330 2685,3330 2730,3336 2775,3345 2820,3345 2864,3348 2909,3351 2954,3351 2999,3351 3043,3354 3088,3354 3133,3357 3178,3354 3223,3354 3267,3348 3312,3342"/>
                <TextEquiv>
                    <Unicode>soll ich denn dieser Art vor Schmerz</Unicode>
                </TextEquiv>
            </TextLine>
            <TextLine id="tr_1_tl_19" custom="readingOrder {index:18;}">
                <Coords points="849,3620 1050,3672 1255,3557 1697,3557 1947,3655 2358,3540 3311,3655 3439,3624 3443,3380 3182,3491 1238,3408 849,3516"/>
                <Baseline points="868,3548 898,3551 943,3554 987,3554 1032,3554 1077,3554 1122,3554 1166,3554 1211,3551 1256,3551 1301,3551 1345,3548 1390,3548 1435,3548 1480,3548 1524,3548 1569,3545 1614,3551 1659,3548 1704,3548 1748,3551 1793,3548 1838,3545 1883,3542 1927,3539 1972,3536 2017,3533 2062,3536 2106,3533 2151,3533 2196,3530 2241,3530 2285,3527 2330,3530 2375,3524 2420,3524 2465,3527 2509,3527 2554,3527 2599,3524 2644,3521 2688,3521 2733,3521 2778,3524 2823,3524 2867,3524 2912,3524 2957,3524 3002,3524 3046,3527 3091,3527 3136,3527 3181,3527 3226,3527 3270,3527 3315,3524 3360,3524 3405,3524 3449,3521"/>
                <TextEquiv>
                    <Unicode>empfinden, da ich mir doch eigentlich</Unicode>
                </TextEquiv>
            </TextLine>
        </TextRegion>
    </Page>
</PcGts>
