6472 4184
6052 77 6220 312 46.
3586 359 6284 667 Pietro. Du sagst nicht gleich nein. Also es
3646 570 4739 824 wäre möglich.
3562 721 6247 995 Teresina. Man könnte sich's überlegen
3650 958 4387 1170 Warte....
3613 1062 6314 1394 Pietro. Ich warte  aber nicht zu lange.
3593 1267 5546 1599 Teresina. Es ist nicht so leicht.
3586 1491 6274 1739 Pietro. Wenn Du den guten Willen hast,
3673 1629 6310 1964 ist es leicht genug. Du hast einen Schmerz
5024 1793 5275 1950 P
4672 1840 6263 2125 die hieherkommt,
3717 1893 4132 2064 Rom
3670 2017 5610 2306 die Sich Du besuchen könnte ist
3593 2208 5768 2483 Teresina. An der denk ich eben.
3646 2379 6294 2624 Pietro, Näsum und Maria.... gibst Du
3700 2564 6324 2882 für die kurze Zeit zur Brunati und
3703 2735 6243 3043 fährst mit mir... ach Gott - wohn¬
3717 2986 6354 3257 immer – wir werden ja nicht lange
3700 3194 6320 3485 fahren.... ein Kleines Landhaus... zwei
3683 3361 6284 3633 Stunden von Herrl... ganz einsam
4370 3546 5188 3794 ehr Stadt
