6824 5130
2454 173 4911 580 NEUE OSTERREICHISCHEBIOGRAPHIE.
2799 514 4591 666 Ausschuß: Obmann Hofrat Prof. Dr. Oswald Redlich, Wien XIX/1, Vogagasse 9.
3074 592 4283 711 Obmann-Stellvertreter: Sektionschef Dr. Gustav Winter.
2852 625 4546 793 Leiter: Professor Dr. Anton Bettelheim, Wien XIX/1, Karl Ludwigstraße 57.
2573 670 4821 875 Mitglieder: Hofrat Prof, Dr. August Fournier. Dr. Heinrich Friedjung. Regierungsrat Dr. Karl Glossy
2552 785 4825 1036 Hofrat Prof. Dr. Vatroslav v. Iagié. Hofrat Prof, Dr. Josef Seemüller. Horat Prof Dr. Friedrich
5458 637 5992 917 M rn
6083 756 6338 917 R.S.8
3469 875 3929 995 Freiherr v. Wieser.
5861 892 6379 1048 Stv. 6X
4262 863 5331 1151 Wien, Neujahr 1828
5836 995 6342 1180 Ajourd'hui.
2162 1015 2947 1258 Prof. Dr. BITTELHEIN
2162 1167 2939 1328 XIX Weimarerstrasse 7i
5725 1110 6342 1319 Monsieur 12012.
2285 1254 2869 1385 Villa Gabillon
3140 1130 4953 1521 Liebe recht öster und dieser!
2010 1299 2898 1525 + —, WIEN.
2343 1496 5442 1850 Ihre Szwiche und Bedanken liegen, sind der Buch kann, auf meiner betrüts¬
2137 1677 5401 1989 Tisch, zum Einhötze auch eine Frau, die fleitig kein blöttert; wie gut wür's, und
2158 1858 5429 2117 von den Büter persönlich gegenüber sich, und sich beheglich verständigte oder gehen
4616 1981 4813 2071 mich
2178 2039 5401 2256 Falls feudhaftig stätte. Mit einem Freund langergeber mich ich von Ihr zu Jahr ent¬
2178 2137 5475 2441 schiedene von "sänische Durchminder dieser Welt überzeugen: eine selbst Lelei¬
2195 2252 5450 2569 Dährer Spinoza und Leysing letzten nach aber doch ein verzweifel an Amor Die in An¬
1340 2359 1652 2598 trouvé.
982 2293 1200 2598 G.C.F.P.
2191 2458 5483 2729 lectualig und den Kommen, in der Erziehung des Maatsgebstagtes verhinderen  auf dem Even¬
6079 2561 6305 2700 sse.
2215 2610 5487 2865 geben. Das ist zumal aner Weltkruch zosam heft rückschüttlig gedacht und ein ver¬
5659 2569 5960 2807 Unsichere
6079 2688 6313 2836 12.8
2244 2807 5520 3074 steh. Ihre Jahre gegen den Jammer der Politikostr. Über etc.nach: unbelehrter und un¬
6075 2807 6342 2984 34.4
2215 2930 5524 3185 verkehrter blieb ich in der Controyest Fink a Händenbuth bei einem alten, vielleicht
5643 2922 6338 3119 grot etwaa soo 'es
5655 3062 6334 3239 Kapf27 320’2.
2219 3107 5392 3309 alt bestimmtigte Dogne. Faß vor einem halben Interessenten kam ich im Collego de
2224 3181 5487 3477 France zu fällig in ein Pfelen-Vorlesungkenans, der die Reise Rannenu Ja¬
2260 3370 5499 3604 dillen le Jahren Anungsirend als der Credo der alten Judt, als ihr Bekant¬
2244 3547 5536 3794 und zur Notendigkeit als Seiger der Sache der Pampen noch ich dieser Ent auslegte Hett.
2240 3703 5495 3929 er Recht? Der Prediger denkt anter uns Sie für bringt er unberuht ein Exehrt des
2269 3851 5569 4069 Bußes Roheloth, das ebenso klug, wie nicht kläger ist als Schopenkauer. Der durch
2236 4020 5495 4233 Recht ihr oder behält, ersehen wir in dieser Leben nicht mehr. Und vom Kommste
2215 4180 5392 4426 Lebe sagt, der befragte tote Wildschütz Lernus, es xxx halt Nichts.“ Schicke
