6391 4312
5685 748 5946 930 G.H.F.P
5428 890 5747 1040 G.H.F.P.
5357 1001 5915 1164 agxter S2012.
3037 1129 5145 1474 Der Betreffent sich irgendwie aussaist. Ganz ins Blau
925 1182 2931 1514 Weiner (Vorock), Das der, München, Breitau, Berlin,
3015 1350 5167 1572 hinein bin ich aber, oft getäuscht und betreten noch immer nicht
961 1448 2851 1665 Meine vor. Aber hast weil man bedienste,
3037 1479 5233 1753 geritzigt, nicht mehr bereit, das wahrhaft bedürftiger Gebührende
992 1550 2975 1762 Autoren und deren Hinterbliebene, erklärter ist Namen.
3037 1616 5211 1860 wozzu reisen. Genu so denkt unsen gerichte Menschenfrau¬
987 1682 2966 1939 ersten Reges, nach Pflicht und Schuldigkeit förmtert, mut
983 1837 4538 2037 man ganz Nebekannte, in Herrn Haller, danach aufmachen die, die zugleich eine sehr zwischen Enzählen ist.
3117 1939 4335 2130 Also: wir sich mit keiner Meine
1009 2023 3011 2196 machen, daß literarische Vereine nur Libenten von Verdienst
3170 2023 5154 2280 Hoffentlich auch wie, daß wir einrente gelegentlich doch noch
996 2116 2962 2342 beispringen diesen (setzungs gemüß!) Sieß kann man sie
3033 2090 5255 2453 anders, als auch der Stadt treffen könnten. Nächsten Freitig, f. 15,
567 2271 828 2448 G.C.F.P
1009 2254 2639 2462 nur auf Prägel-Wollhütigkeit hinreisen,
3064 2338 5238 2555 soll, wenn eine leicht Grösse meiner Frau bis dahin behoben sein
1116 2378 2975 2621 Herrn so steht es mit der Bühne-Herssenschaft.
5663 2417 5902 2599 sse 18
3046 2497 5224 2692 kann, ein kleiner Kreis von alten Bekannten sich bei uns einstellen.
1116 2528 2922 2767 Wegeben Sie, als ich des Ihnen u. nicht, ein Sie des
5286 2466 5552 2723 Gouvernement
5680 2581 5920 2710 welke
3033 2603 5131 2834 Meines von Stuytheater, wel aber ein paar Litteratur und Herr von
978 2679 2984 2887 würthen, Hr. Kollener Dielt mittheil. Allein ich bin
5663 2696 5951 2829 ###4t:84
3064 2718 5207 3002 Hartel. Wenn Sie nichts Wertes erheben, werden Sie aus,
996 2794 2918 3055 seinen Namen, als wie zuvor begehnet und das ganze
5304 2794 5951 3020 ot „TUBa soe ee
2639 2922 2834 3051 Förftung
3068 2900 5131 3139 sollstverständig und im Rock!, willkommen sein. U.H.w.h.
983 2944 2966 3188 macht mir weniger den Eindruck einer künstlandchen, als
5304 2971 5942 3099 xxxxIa7 S20:2.
4056 3028 4388 3241 Herzlich
1001 3037 3042 3329 einer gewöhnlichen, sijn wir: etwaliche. Auch dazu lassen
4432 3090 4777 3338 alssir
996 3214 2949 3476 Sei u. ich aus unter Umständen breit für die, sehen
4419 3298 4844 3449 A.M.
3117 3267 3750 3573 &co the ye 1/2 9th
646 3728 978 3994 G. F. P. P
