5303 4231
253 655 2460 894 einverstanden. Ich würde Sie nämlich, trotzdem Ihre
245 829 2395 1031 Micke oftmals von der Bühne her auf mich stark
273 982 2480 1167 gewirkt haben, ebensowenig einen Dramatiker nennen
259 1119 2244 1327 Wie etwa Grillparzer oder irgend einen anderen
276 1287 2372 1489 rösterreichischen Dichter. Ich würde sagen, Sie seien
265 1441 2549 1660 im Grunde genommen ein Lyriker, ein Stimmungs¬
233 1586 2443 1768 Dichter, der sich zur seiner Erreichung seiner Zwecke,
288 1740 2341 1911 oft desldialoges, noch häusiger der epischen
299 1894 2361 2045 Form bedient. „Der einsame Weg zum Beispiel
598 2002 914 2084 anderes
299 2033 2335 2207 ist nichts als eine wunderschöne, dialectisierte
319 2161 2443 2352 Novelle. In der ebenso wie in den ähnlichen Wahl¬
308 2298 2361 2503 verwandtschaften (aber auch bei Hamer und den Budden¬
308 2480 2435 2648 brooko) ein Aussterben der seiner organisierten
1116 2563 1657 2691 Amlebenbleiben
319 2611 2352 2805 Individuen, ein Überleben der gangbareren
313 2745 2292 2967 Tychen zu registrieren ist. Jene unerbittliche
279 2927 2315 3101 Logik, jene unabwendbaren Resultate in¬
293 3050 2335 3275 einanderwachsender Motive, zu denen Schake¬
1560 3203 2013 3334 dramatikern
276 3229 2466 3397 speare kam, hat von deutschen Dichtern nicht einmal
248 3374 2358 3574 Kleist; Hebbel und Schiller sind Dialektiker,
188 3827 444 3944 G.C.F.P.
2734 658 4738 883 Goetheist - ich weiß kein höheres Lob für Ihren
2773 840 4738 1028 musikalischen, stets melodischen Stil - Lyriker.
2754 951 4724 1167 Diejenigen Ihrer Werke, die auf den Einfall
2756 1105 4704 1284 Und Einhälle gestellt sind, wie die meisten
2768 1259 4787 1438 Threr Finakter und Dialoge, wüßte ich nicht zu
2756 1395 4713 1615 beschrechen. Mit Mathematik befasse ich mich
2768 1526 4778 1728 nicht gern, und wenn, so würde ich den "Reigen"
2756 1674 4912 1865 als Vertreter hinstellen und beklopfen. Behaupten
2756 1848 4861 2005 es gebräche der Composition an Vollständigkeit,
2771 1970 4696 2156 sei man schon Algebraiker genug, die
2773 2127 4844 2329 Prinzipien der Combination und Permutation
2822 2301 4918 2477 anzuwenden, hatte der Cirkus komplett sein
2773 2418 4798 2623 müssen, die dörfer Sodom und Homorrha
2773 2580 4436 2771 nicht außer Betracht bleiben dürfen.
2862 2722 4804 2927 Über die Vollkommenheit wieder, re¬
2717 2887 4895 3081 Fräsentiert durch den einsamen Weg, " großen
2748 3016 4761 3229 Wurstel, und „Schleier der Beatrice" (dessen
3229 3129 4146 3263 der unlogischen jentimentalern
2736 3149 4901 3343 Helden übrigens Altenburg nicht zum Selbstmord
3702 3306 3907 3431 bloß.
2722 3332 4832 3565 hatte schreiten lassen, weil die Vertreterin der
4431 3793 4764 3972 G.C.F.P.P
