4456 4231
637 256 782 374 1.
352 344 472 492 G.F.P
175 1001 2148 1156 sonstwie unwillentlich mir Ihre Ungnade zugezogen
194 1154 1938 1326 habe, müßte ich, der Not gehorchend, nicht dem
212 1294 2128 1466 eigenen Triebe, ein oder zwei in ihrer Harmlosigkeit
184 1459 2005 1604 entwassende historische Novellen wieder auf¬
194 1614 2086 1732 nehmen, die vielleicht für die Neue freie Presse nicht
226 1766 2098 1919 ganz ungeeignet sein dürften. Ich erkühne mich
197 1914 2081 2020 keineswegs, Ihnen, sehr geehrter Herr Doktor, neuer¬
180 2047 2123 2148 dings die angreifende Lektüre irgend einer meiner
194 2187 2089 2290 Mittelmäßigkeiten zumuten zu wollen, von denen
219 2344 2138 2477 ich übrigens letzthin localerweise die denkbar kleinste
216 2428 2037 2642 Dosis übersandte. Bin ich auch leider lange nicht
209 2610 1956 2753 soweit, eine Befürwortung irgend einer
199 2750 2103 2905 meiner Arbeiten, um ihrer selbst willen erbitten
216 2908 2037 3060 zu können, hoffe ich dennoch dereinst halbwegs
248 3033 2042 3198 Ersprießliches zu verfassen. Nicht meine Sachen
2517 546 2989 696 O spont ee
2499 652 3277 883 C.H.F.O.B.A.M.P.D.
2256 1026 4140 1139 sondern mich möchte ich gerne an eine respektable
2295 1146 3978 1314 hiesige Zettung empfohlen sehen. Es ist gewiß
2268 1289 4005 1454 bedauerlich, daß die Menschen noch so vieler
2271 1466 4010 1604 Umstände bedürfen und nicht bereits dabei
2280 1579 4125 1747 angelangt sind, Schriftstellern die Keine ihrer
2322 1742 4054 1865 Werke aus den Gehirnen zu extrahieren und
2295 1847 4125 2022 Dichtmaschinen zur Ausbrütung zu übergeben. Bis
2310 1990 4084 2140 dahin werden eben meinesgleichen immer an
2305 2162 4135 2344 Den guten Glauben appellieren müssen und dies
2295 2305 4101 2426 tue ich denn auch, nicht ohne eine sanfte Betrübnis
2283 2428 4027 2588 über mein säumiges Wachstum. - Herr Camill
2283 2588 4155 2765 Hofmann, dem mich zu empfehlen Sie, sehr geehrter
4246 2553 4325 2721 P.S.
2271 2770 4140 2886 Herr Doktor, die Güte hatten, äußerte sich ebenso
2290 2876 4150 2984 liebenswürdig als unverdient anerkennend über
4199 2959 4332 3144 Tare
2268 3031 4160 3173 meine Arbeiten, lehnte sie gleichwohl ab, in einer
