4457 5160
3206 111 3621 287 13. Juli 09.
709 128 1726 297 Wien, XVI. Ottakringerstr. 114
827 246 1387 474 Ehrender
1276 391 2677 723 Sehr geehrter Herr Doktor!
917 799 3611 1038 ihr freundlicher Brief gab mir gerade jetzt einigen Trost. Mein Geschichts¬
3991 872 4209 1141 Déciter
868 968 3573 1231 Professor nämlich, mit einem ewigen Bronchialkatarrh behaftet
4005 1131 4175 1273 G.C.F.P.
899 1193 3590 1363 und daher außerordentlich sekant, hat mir die Ehre erwiesen, mir
889 1314 3531 1525 meine Dissertation zur gänzlichen Umarbeitung zurückzugeben.
899 1446 3531 1726 hätte der gute Mann bei dieser Abweisung imponierendes
875 1653 3621 1830 Sachverständnis dokumentiert, so wäre dawider wohl nichts
889 1823 3535 1996 einzuwenden gewesen. Aber das war nicht allzusehr der Fall.
899 1968 3493 2182 Eine übergroße und malitiöse Empfindlichkeit modernerem
906 2172 3480 2366 und zugreisenderem Ausdruck und Satzbau gegenüber ver¬
872 2317 3400 2542 führte ihn sogar dazu, mir saft auf jeder Seite Mängel
892 2494 3500 2674 flilistischer Natur nachweisen zu wollen. Wozu erstens der
875 2604 3549 2819 Verfasser des langweiligsten Napolsonbuches nicht das Recht
875 2798 3580 2978 hatte, zweitens – und das ist die komische Seite des Affaire
865 2923 3646 3179 habe ich einem galizischen Kollegen, der nicht gut Deutschkann,
892 3151 3545 3331 seine Arbeit durchgesehen und die gröbsten Verstöße darin
889 3324 3376 3486 korregiert. Bei dem hat der Hofrat merkwürdigerweise
913 3438 3421 3646 wenig Stilwidrigkeiten zu registrieren gehabt. Warum?
899 3663 3535 3818 Weil ich dem Polen den Trie angeraten hatte, dem Professor
872 3784 3556 3978 von vornherein weiszumachen, er werde feine Dissertation
875 3926 3504 4182 polnisch Drucken lassen. Da begann des Professors Eigen¬
872 4112 3628 4375 liebe und Nationalgefühl zu funktionieren. Eine aus seinem,
847 4282 3563 4507 einem deutschen Seminar hervorgegangene Abhandlung
851 4427 3511 4683 sollte anderswo, in einer slawischen Sprache erscheinen?
872 4600 3324 4825 Lieber veranlaßte er - was beabsichtigt war - die
858 4749 3400 4984 Drucklegung des Mannskriptes in deutscher Sprache,
3912 2885 4178 3064 Doope
3915 3044 4313 3206 l'honneur de
3929 3151 4216 3334 P.T.A.O.XC.D.
3905 3286 4247 3421 Dr. A.M.F.P.
3898 3407 4254 3549 Dr. A.D.
4019 4216 4251 4420 G.H.F.P.
