<?xml version="1.0" encoding="UTF-8" standalone="yes"?>
<PcGts xmlns="http://schema.primaresearch.org/PAGE/gts/pagecontent/2013-07-15" xmlns:xsi="http://www.w3.org/2001/XMLSchema-instance" xsi:schemaLocation="http://schema.primaresearch.org/PAGE/gts/pagecontent/2013-07-15 http://schema.primaresearch.org/PAGE/gts/pagecontent/2013-07-15/pagecontent.xsd">
    <Metadata>
        <Creator>prov=READ-COOP:name=TrHtr:version=2.1.0:model_id=51170:date=25_07_2023_01:05</Creator>
        <Created>2023-05-01T21:53:33.921+02:00</Created>
        <LastChange>2023-07-25T01:05:04.223+02:00</LastChange>
        <TranskribusMetadata docId="1416423" pageId="54945698" pageNr="35" tsid="130579664" status="IN_PROGRESS" userId="64420" imgUrl="https://files.transkribus.eu/Get?id=SGAYMPUSCUDGDTZRUWCOGXMJ&amp;fileType=view" xmlUrl="https://files.transkribus.eu/Get?id=ADZGMMUSIONLWRJTZRPTCDZF" imageId="44449783"/>
    </Metadata>
    <Page imageFilename="1416423_0035.jpg" imageWidth="4404" imageHeight="4279">
        <ReadingOrder>
            <OrderedGroup id="ro_1711832225914" caption="Regions reading order">
                <RegionRefIndexed index="0" regionRef="tr_1"/>
                <RegionRefIndexed index="1" regionRef="tr_3"/>
                <RegionRefIndexed index="2" regionRef="tr_2"/>
            </OrderedGroup>
        </ReadingOrder>
        <TextRegion id="tr_1" custom="readingOrder {index:0;}">
            <Coords points="226,1015 2154,1015 2154,3480 226,3480"/>
            <TextLine id="tr_1_tl_1" custom="readingOrder {index:0;}">
                <Coords points="214,1167 1153,1167 1249,1103 1401,1164 1535,1094 1589,1146 1920,1129 2082,1096 2089,967 1416,1024 1232,977 1005,1070 723,1005 554,1054 221,1012"/>
                <Baseline points="226,1142 253,1142 298,1139 343,1139 387,1136 432,1136 477,1133 522,1130 566,1130 611,1127 656,1130 701,1130 745,1127 790,1127 835,1124 880,1121 925,1118 969,1116 1014,1113 1059,1110 1104,1104 1148,1101 1193,1098 1238,1101 1283,1098 1327,1095 1372,1095 1417,1089 1462,1089 1506,1086 1551,1083 1596,1083 1641,1077 1685,1077 1730,1071 1775,1071 1820,1068 1864,1065 1909,1065 1954,1065 1999,1065 2044,1065 2088,1065"/>
                <TextEquiv>
                    <Unicode>Damals noch dringend schien, machte ich mich 14</Unicode>
                </TextEquiv>
            </TextLine>
            <TextLine id="tr_1_tl_2" custom="readingOrder {index:1;}">
                <Coords points="214,1338 1770,1211 2052,1277 2106,1101 1786,1167 1239,1113 1162,1171 521,1178 383,1237 221,1174"/>
                <Baseline points="229,1259 271,1265 316,1268 361,1268 405,1268 450,1268 495,1265 540,1262 584,1259 629,1259 674,1256 719,1256 763,1256 808,1256 853,1253 898,1250 942,1247 987,1244 1032,1241 1077,1238 1121,1235 1166,1232 1211,1229 1256,1226 1301,1226 1345,1223 1390,1226 1435,1223 1480,1223 1524,1217 1569,1217 1614,1217 1659,1211 1703,1208 1748,1202 1793,1202 1838,1199 1882,1199 1927,1199 1972,1199 2017,1199 2061,1196 2106,1199"/>
                <TextEquiv>
                    <Unicode>Tage darauf wieder auf den Weg in die Neulinggasse.</Unicode>
                </TextEquiv>
            </TextLine>
            <TextLine id="tr_1_tl_3" custom="readingOrder {index:2;}">
                <Coords points="300,1441 634,1390 775,1451 927,1378 1075,1451 1460,1355 1847,1401 2000,1343 2002,1265 1505,1256 1352,1317 1258,1254 730,1355 305,1322"/>
                <Baseline points="316,1402 349,1405 393,1405 438,1405 483,1399 528,1393 572,1393 617,1390 662,1390 707,1387 751,1384 796,1381 841,1378 886,1378 930,1375 975,1375 1020,1372 1065,1369 1110,1366 1154,1363 1199,1360 1244,1357 1289,1357 1333,1357 1378,1354 1423,1351 1468,1351 1512,1351 1557,1348 1602,1342 1647,1339 1691,1339 1736,1336 1781,1333 1826,1330 1870,1333 1915,1333 1960,1333 2005,1336"/>
                <TextEquiv>
                    <Unicode>Da nun ergab es sich, daß etc. bis dahin</Unicode>
                </TextEquiv>
            </TextLine>
            <TextLine id="tr_1_tl_4" custom="readingOrder {index:3;}">
                <Coords points="265,1629 406,1554 669,1596 1045,1505 1984,1540 2068,1498 2073,1399 1749,1441 1439,1394 1317,1467 1047,1425 901,1481 545,1404 272,1505"/>
                <Baseline points="283,1551 286,1551 331,1551 375,1548 420,1545 465,1539 510,1536 555,1533 599,1530 644,1527 689,1524 734,1521 778,1521 823,1515 868,1515 913,1509 957,1509 1002,1506 1047,1503 1092,1500 1136,1500 1181,1497 1226,1497 1271,1494 1315,1494 1360,1494 1405,1491 1450,1494 1494,1491 1539,1488 1584,1486 1629,1480 1674,1477 1718,1474 1763,1471 1808,1468 1853,1465 1897,1462 1942,1456 1987,1459 2032,1456 2076,1447"/>
                <TextEquiv>
                    <Unicode>jede Besührung mit meinen Operaten Ängstlich</Unicode>
                </TextEquiv>
            </TextLine>
            <TextLine id="tr_1_tl_5" custom="readingOrder {index:4;}">
                <Coords points="300,1707 1094,1641 1178,1707 1549,1620 1693,1678 1970,1671 2035,1636 2042,1535 1063,1540 934,1603 772,1552 505,1632 305,1615"/>
                <Baseline points="313,1685 343,1685 387,1682 432,1676 477,1676 522,1671 566,1665 611,1659 656,1656 701,1653 745,1650 790,1647 835,1644 880,1641 925,1644 969,1641 1014,1638 1059,1638 1104,1635 1148,1632 1193,1626 1238,1623 1283,1620 1327,1620 1372,1620 1417,1617 1462,1614 1506,1614 1551,1611 1596,1608 1641,1605 1685,1602 1730,1599 1775,1590 1820,1587 1864,1584 1909,1581 1954,1581 1999,1581 2044,1581"/>
                <TextEquiv>
                    <Unicode>Vermieden hatte und auch bis Mittwoch, als ich</Unicode>
                </TextEquiv>
            </TextLine>
            <TextLine id="tr_1_tl_6" custom="readingOrder {index:5;}">
                <Coords points="286,1873 523,1810 1188,1836 1359,1758 1563,1822 1779,1735 1995,1803 2066,1782 2073,1660 1639,1655 1552,1716 1333,1669 991,1747 857,1700 747,1765 293,1744"/>
                <Baseline points="301,1820 331,1820 375,1817 420,1817 465,1814 510,1811 555,1808 599,1802 644,1799 689,1796 734,1793 778,1796 823,1793 868,1790 913,1787 957,1787 1002,1787 1047,1784 1092,1784 1136,1778 1181,1775 1226,1772 1271,1766 1315,1763 1360,1757 1405,1757 1450,1751 1494,1751 1539,1745 1584,1742 1629,1742 1674,1739 1718,1736 1763,1733 1808,1730 1853,1730 1897,1727 1942,1724 1987,1724 2032,1721 2076,1712"/>
                <TextEquiv>
                    <Unicode>bestelltermaßen zu ihm kam, hatte er noch</Unicode>
                </TextEquiv>
            </TextLine>
            <TextLine id="tr_1_tl_7" custom="readingOrder {index:6;}">
                <Coords points="308,1995 514,2002 639,1937 784,1993 1232,1906 1340,1958 1777,1883 2026,1918 2056,1786 1613,1793 1500,1852 1286,1798 1082,1866 831,1812 570,1906 315,1857"/>
                <Baseline points="322,1942 361,1942 405,1939 450,1939 495,1936 540,1936 584,1936 629,1933 674,1930 719,1930 763,1930 808,1924 853,1924 898,1921 942,1918 987,1915 1032,1912 1077,1909 1121,1906 1166,1906 1211,1900 1256,1897 1301,1894 1345,1894 1390,1888 1435,1888 1480,1885 1524,1882 1569,1882 1614,1879 1659,1876 1703,1873 1748,1873 1793,1873 1838,1870 1882,1870 1927,1870 1972,1870 2017,1870 2061,1864"/>
                <TextEquiv>
                    <Unicode>nicht jenen Hervismus aufgebracht, der zur</Unicode>
                </TextEquiv>
            </TextLine>
            <TextLine id="tr_1_tl_8" custom="readingOrder {index:7;}">
                <Coords points="279,2124 2047,2021 2089,1932 1216,2007 979,1948 897,2009 284,2040"/>
                <Baseline points="292,2100 301,2100 346,2097 390,2091 435,2085 480,2082 525,2073 569,2073 614,2067 659,2064 704,2061 748,2064 793,2064 838,2061 883,2055 928,2052 972,2049 1017,2046 1062,2044 1107,2041 1151,2038 1196,2035 1241,2035 1286,2032 1330,2029 1375,2026 1420,2023 1465,2020 1509,2014 1554,2014 1599,2011 1644,2008 1688,2008 1733,2005 1778,2005 1823,2002 1867,1999 1912,1999 1957,1996 2002,1996 2046,1996 2091,1993"/>
                <TextEquiv>
                    <Unicode>restlosen Bewältigung mir entstammender</Unicode>
                </TextEquiv>
            </TextLine>
            <TextLine id="tr_1_tl_9" custom="readingOrder {index:8;}">
                <Coords points="296,2272 660,2207 1042,2256 1157,2183 1646,2153 2061,2181 2066,2075 1357,2134 1073,2059 761,2162 303,2148"/>
                <Baseline points="310,2214 325,2217 370,2217 414,2217 459,2211 504,2208 549,2205 593,2202 638,2199 683,2196 728,2196 772,2193 817,2193 862,2193 907,2190 951,2184 996,2178 1041,2181 1086,2175 1130,2175 1175,2172 1220,2172 1265,2169 1309,2163 1354,2160 1399,2157 1444,2154 1488,2154 1533,2151 1578,2151 1623,2151 1668,2148 1712,2145 1757,2142 1802,2139 1847,2136 1891,2136 1936,2133 1981,2133 2026,2133 2070,2133"/>
                <TextEquiv>
                    <Unicode>schriftstellerischer Gebilde leider unbedingt</Unicode>
                </TextEquiv>
            </TextLine>
            <TextLine id="tr_1_tl_10" custom="readingOrder {index:9;}">
                <Coords points="319,2376 542,2413 1047,2301 1185,2362 1545,2284 1660,2329 1939,2282 1946,2167 1695,2251 1141,2200 995,2272 800,2235 322,2317"/>
                <Baseline points="331,2351 337,2354 381,2351 426,2348 471,2342 516,2339 560,2336 605,2333 650,2333 695,2330 740,2324 784,2318 829,2315 874,2309 919,2306 963,2306 1008,2303 1053,2300 1098,2297 1142,2297 1187,2300 1232,2297 1277,2291 1321,2288 1366,2285 1411,2282 1456,2279 1500,2282 1545,2276 1590,2279 1635,2276 1679,2273 1724,2270 1769,2267 1814,2264 1859,2258 1903,2255 1948,2252"/>
                <TextEquiv>
                    <Unicode>nötig sein dürfte. Nichtsdestoweniger und</Unicode>
                </TextEquiv>
            </TextLine>
            <TextLine id="tr_1_tl_11" custom="readingOrder {index:10;}">
                <Coords points="322,2488 535,2524 796,2455 1763,2399 2056,2437 2099,2296 1974,2352 1620,2312 1441,2390 1139,2338 765,2411 326,2385"/>
                <Baseline points="334,2485 355,2485 399,2479 444,2473 489,2470 534,2467 578,2464 623,2464 668,2458 713,2455 757,2455 802,2452 847,2449 892,2446 936,2440 981,2440 1026,2434 1071,2431 1116,2431 1160,2428 1205,2428 1250,2425 1295,2422 1339,2419 1384,2417 1429,2414 1474,2411 1518,2408 1563,2405 1608,2405 1653,2405 1697,2399 1742,2399 1787,2396 1832,2393 1876,2390 1921,2387 1966,2387 2011,2384 2055,2387 2100,2378"/>
                <TextEquiv>
                    <Unicode>Obwohl er nur in kleineren und keineswegs</Unicode>
                </TextEquiv>
            </TextLine>
            <TextLine id="tr_1_tl_12" custom="readingOrder {index:11;}">
                <Coords points="315,2615 1085,2643 1465,2566 1657,2657 1798,2585 2066,2585 2150,2488 1763,2397 1470,2528 1319,2458 796,2547 462,2488 317,2531"/>
                <Baseline points="328,2604 364,2607 408,2604 453,2604 498,2602 543,2602 587,2599 632,2596 677,2596 722,2596 766,2596 811,2596 856,2593 901,2590 945,2584 990,2581 1035,2581 1080,2575 1124,2572 1169,2569 1214,2569 1259,2569 1303,2566 1348,2563 1393,2560 1438,2560 1483,2557 1527,2557 1572,2554 1617,2551 1662,2548 1706,2545 1751,2542 1796,2539 1841,2536 1885,2533 1930,2533 1975,2530 2020,2533 2064,2533 2109,2527 2154,2527"/>
                <TextEquiv>
                    <Unicode>in den für die Presse bestimmten Erzählungen</Unicode>
                </TextEquiv>
            </TextLine>
            <TextLine id="tr_1_tl_13" custom="readingOrder {index:12;}">
                <Coords points="354,2824 735,2744 972,2786 1202,2711 1371,2768 1528,2709 1688,2756 2031,2707 2035,2634 1711,2625 1613,2674 1406,2617 1230,2683 1094,2639 1014,2700 840,2648 362,2662"/>
                <Baseline points="370,2742 381,2739 426,2745 471,2745 516,2745 560,2745 605,2742 650,2736 695,2736 740,2733 784,2733 829,2730 874,2727 919,2724 963,2721 1008,2718 1053,2718 1098,2718 1142,2712 1187,2712 1232,2709 1277,2706 1321,2706 1366,2703 1411,2703 1456,2703 1500,2703 1545,2703 1590,2700 1635,2697 1679,2694 1724,2694 1769,2691 1814,2691 1859,2688 1903,2688 1948,2688 1993,2688 2038,2685"/>
                <TextEquiv>
                    <Unicode>Geblättert hatte, kam er spielend zu einem</Unicode>
                </TextEquiv>
            </TextLine>
            <TextLine id="tr_1_tl_14" custom="readingOrder {index:13;}">
                <Coords points="371,2920 509,2948 1052,2857 1446,2916 1582,2840 1688,2904 1847,2826 2094,2864 2096,2786 1864,2798 1732,2723 1484,2812 930,2761 831,2826 669,2786 373,2840"/>
                <Baseline points="387,2876 399,2876 444,2876 489,2876 534,2876 578,2876 623,2873 668,2870 713,2870 757,2867 802,2867 847,2864 892,2864 936,2861 981,2858 1026,2858 1071,2855 1116,2852 1160,2852 1205,2849 1250,2849 1295,2846 1339,2843 1384,2843 1429,2840 1474,2840 1518,2837 1563,2834 1608,2831 1653,2828 1697,2831 1742,2828 1787,2828 1832,2825 1876,2825 1921,2822 1966,2822 2011,2819 2055,2816 2100,2819"/>
                <TextEquiv>
                    <Unicode>erschöpfenden Urteil über mich. Er nannte</Unicode>
                </TextEquiv>
            </TextLine>
            <TextLine id="tr_1_tl_15" custom="readingOrder {index:14;}">
                <Coords points="371,3068 533,3096 615,3033 1026,3040 1162,2988 2009,3035 2094,2998 2101,2866 1995,2916 1918,2864 1533,2934 1237,2890 765,2991 570,2944 376,2995"/>
                <Baseline points="387,3046 402,3043 447,3040 492,3037 537,3034 581,3028 626,3022 671,3019 716,3016 760,3010 805,3007 850,3004 895,3001 939,3001 984,2995 1029,2995 1074,2992 1118,2989 1163,2989 1208,2986 1253,2986 1298,2980 1342,2980 1387,2975 1432,2972 1477,2969 1521,2969 1566,2969 1611,2969 1656,2969 1700,2966 1745,2963 1790,2957 1835,2954 1879,2954 1924,2951 1969,2951 2014,2945 2058,2942 2103,2939"/>
                <TextEquiv>
                    <Unicode>mich ein unreises Talent, phantastisch nach</Unicode>
                </TextEquiv>
            </TextLine>
            <TextLine id="tr_1_tl_16" custom="readingOrder {index:15;}">
                <Coords points="378,3186 1021,3176 1127,3122 1453,3155 1589,3099 1897,3141 2085,3092 2089,3021 1693,3066 1376,3017 1289,3082 1089,3096 831,3024 669,3113 383,3089"/>
                <Baseline points="393,3168 435,3168 480,3162 525,3160 569,3154 614,3151 659,3145 704,3145 748,3139 793,3136 838,3133 883,3130 928,3127 972,3124 1017,3124 1062,3121 1107,3121 1151,3121 1196,3118 1241,3115 1286,3112 1330,3112 1375,3109 1420,3103 1465,3100 1509,3100 1554,3097 1599,3097 1644,3094 1688,3094 1733,3094 1778,3094 1823,3091 1867,3088 1912,3088 1957,3085 2002,3079 2046,3076 2091,3076"/>
                <TextEquiv>
                    <Unicode>Meyricks Art, meine Sachen ungeeignet</Unicode>
                </TextEquiv>
            </TextLine>
            <TextLine id="tr_1_tl_17" custom="readingOrder {index:16;}">
                <Coords points="397,3345 1108,3247 1331,3303 1477,3261 1519,3308 1657,3237 2075,3237 2080,3139 1516,3127 1247,3216 751,3174 488,3261 404,3233"/>
                <Baseline points="411,3309 426,3306 471,3300 516,3294 560,3288 605,3282 650,3279 695,3276 740,3273 784,3267 829,3264 874,3261 919,3258 963,3252 1008,3249 1053,3246 1098,3246 1142,3246 1187,3246 1232,3246 1277,3243 1321,3240 1366,3237 1411,3231 1456,3228 1500,3228 1545,3225 1590,3222 1635,3222 1679,3222 1724,3219 1769,3216 1814,3216 1859,3216 1903,3213 1948,3213 1993,3210 2038,3213 2082,3210"/>
                <TextEquiv>
                    <Unicode>zur Publikation, möglich höchstens für den</Unicode>
                </TextEquiv>
            </TextLine>
            <TextLine id="tr_1_tl_18" custom="readingOrder {index:17;}">
                <Coords points="369,3498 1061,3402 1110,3453 1401,3392 1763,3451 1984,3406 1988,3305 1664,3263 1519,3308 1474,3263 1293,3324 991,3312 883,3392 373,3413"/>
                <Baseline points="384,3470 426,3458 471,3443 516,3437 560,3431 605,3428 650,3425 695,3419 740,3416 784,3413 829,3413 874,3410 919,3407 963,3404 1008,3401 1053,3395 1098,3392 1142,3389 1187,3389 1232,3392 1277,3386 1321,3386 1366,3380 1411,3377 1456,3374 1500,3371 1545,3365 1590,3368 1635,3365 1679,3362 1724,3362 1769,3362 1814,3362 1859,3359 1903,3359 1948,3356 1993,3356"/>
                <TextEquiv>
                    <Unicode>" Jyperion oder "Spiegel" - Zeitschriften</Unicode>
                </TextEquiv>
            </TextLine>
        </TextRegion>
        <TextRegion id="tr_3" custom="readingOrder {index:1;}">
            <Coords points="2261,579 4183,579 4183,1698 2261,1698"/>
            <TextLine id="tr_3_tl_1" custom="readingOrder {index:0;}">
                <Coords points="3871,669 3927,678 3939,674 3953,681 3958,676 3988,674 3984,549 3974,549 3967,556 3927,526 3920,531 3913,528 3902,540 3885,528 3866,528"/>
                <Baseline points="3885,635 3929,629 3974,635 3995,635"/>
                <TextEquiv>
                    <Unicode>Déce:</Unicode>
                </TextEquiv>
            </TextLine>
            <TextLine id="tr_3_tl_2" custom="readingOrder {index:1;}">
                <Coords points="2571,676 2902,655 3117,718 3298,648 3411,685 3765,671 3770,441 3512,455 3390,521 3113,561 2573,545"/>
                <Baseline points="2584,659 2622,662 2667,659 2712,656 2757,653 2801,653 2846,650 2891,650 2936,650 2980,647 3025,647 3070,647 3115,647 3160,644 3204,644 3249,641 3294,641 3339,641 3383,641 3401,632 3446,638 3491,641 3535,644 3580,641 3625,641 3670,641 3715,635 3759,635 3771,638"/>
                <TextEquiv>
                    <Unicode>Ce spous' avec nouveau &amp; cnspons</Unicode>
                </TextEquiv>
            </TextLine>
            <TextLine id="tr_3_tl_3" custom="readingOrder {index:2;}">
                <Coords points="3913,843 3995,845 4040,826 4087,826 4115,805 4176,829 4174,683 4155,681 4118,704 4059,678 4014,714 4002,707 3967,716 3951,702 3911,723"/>
                <Baseline points="3926,760 3971,760 4016,760 4061,760 4105,760 4150,763 4183,763"/>
                <TextEquiv>
                    <Unicode>D.C.F.P.P</Unicode>
                </TextEquiv>
            </TextLine>
            <TextLine id="tr_3_tl_4" custom="readingOrder {index:3;}">
                <Coords points="2580,883 2923,862 3019,897 3289,847 3343,871 3348,688 3218,739 2960,683 2909,683 2819,742 2582,737"/>
                <Baseline points="2593,790 2634,787 2679,787 2724,784 2769,781 2813,781 2858,778 2903,778 2948,775 2992,775 3037,775 3082,775 3127,775 3171,769 3216,772 3261,772 3306,772 3350,772"/>
                <TextEquiv>
                    <Unicode>CALLODοA aee MoncA</Unicode>
                </TextEquiv>
            </TextLine>
            <TextLine id="tr_3_tl_5" custom="readingOrder {index:4;}">
                <Coords points="2249,1066 3007,1024 3082,1073 3643,977 3721,1024 3998,970 4005,845 3601,892 3493,850 2916,981 2732,918 2254,977"/>
                <Baseline points="2261,1047 2306,1044 2351,1041 2396,1041 2440,1035 2485,1032 2530,1032 2575,1029 2619,1023 2664,1023 2709,1020 2754,1017 2798,1014 2843,1014 2888,1014 2933,1014 2977,1011 3022,1014 3067,1014 3112,1011 3157,1011 3201,1008 3246,1005 3291,1005 3336,999 3380,996 3425,993 3470,987 3515,981 3559,981 3604,978 3649,975 3694,972 3738,972 3783,966 3828,966 3873,960 3917,957 3962,951 4007,939"/>
                <TextEquiv>
                    <Unicode>übrigens, die mein profanes Auge niemals</Unicode>
                </TextEquiv>
            </TextLine>
            <TextLine id="tr_3_tl_6" custom="readingOrder {index:5;}">
                <Coords points="2310,1256 2653,1157 3155,1139 3237,1200 3765,1162 3995,1113 4000,995 3157,1113 2981,1028 2319,1078"/>
                <Baseline points="2327,1175 2342,1175 2387,1172 2431,1172 2476,1169 2521,1166 2566,1163 2610,1160 2655,1157 2700,1154 2745,1151 2790,1151 2834,1145 2879,1142 2924,1142 2969,1142 3013,1142 3058,1139 3103,1139 3148,1136 3192,1136 3237,1133 3282,1130 3327,1127 3371,1124 3416,1121 3461,1118 3506,1116 3550,1113 3595,1113 3640,1110 3685,1107 3729,1101 3774,1101 3819,1098 3864,1098 3908,1098 3953,1095 3998,1095"/>
                <TextEquiv>
                    <Unicode>schaute und von denen ich bloß weiß, daß</Unicode>
                </TextEquiv>
            </TextLine>
            <TextLine id="tr_3_tl_7" custom="readingOrder {index:6;}">
                <Coords points="2291,1359 2568,1296 3235,1326 3319,1261 4002,1268 4087,1244 4092,1153 3930,1193 3838,1129 3556,1223 3404,1167 3256,1232 2946,1164 2838,1232 2655,1188 2296,1254"/>
                <Baseline points="2306,1292 2348,1292 2393,1295 2437,1295 2482,1292 2527,1292 2572,1292 2616,1292 2661,1289 2706,1289 2751,1286 2795,1286 2840,1280 2885,1277 2930,1277 2975,1274 3019,1271 3064,1271 3109,1268 3154,1265 3198,1265 3243,1262 3288,1259 3333,1256 3377,1253 3422,1250 3467,1247 3512,1244 3556,1244 3601,1244 3646,1241 3691,1241 3735,1238 3780,1235 3825,1232 3870,1229 3914,1229 3959,1226 4004,1226 4049,1226 4093,1226"/>
                <TextEquiv>
                    <Unicode>†e im Lande Blei liegen. Seine Rede krönte</Unicode>
                </TextEquiv>
            </TextLine>
            <TextLine id="tr_3_tl_8" custom="readingOrder {index:7;}">
                <Coords points="2305,1434 2993,1472 3054,1420 3399,1446 3507,1390 3580,1441 3714,1385 3857,1432 4085,1394 4118,1333 3754,1265 3294,1284 3171,1371 2963,1305 2786,1392 2308,1371"/>
                <Baseline points="2318,1432 2330,1432 2375,1429 2419,1426 2464,1423 2509,1423 2554,1423 2599,1423 2643,1423 2688,1420 2733,1423 2778,1423 2822,1420 2867,1417 2912,1414 2957,1411 3001,1408 3046,1405 3091,1402 3136,1402 3180,1399 3225,1396 3270,1396 3315,1393 3359,1390 3404,1390 3449,1387 3494,1384 3538,1384 3583,1384 3628,1384 3673,1381 3718,1381 3762,1378 3807,1375 3852,1369 3897,1369 3941,1366 3986,1366 4031,1366 4076,1363 4120,1363"/>
                <TextEquiv>
                    <Unicode>er mit einem anscheinend unschuldigen Satz, dem</Unicode>
                </TextEquiv>
            </TextLine>
            <TextLine id="tr_3_tl_9" custom="readingOrder {index:8;}">
                <Coords points="2284,1573 2636,1634 2956,1545 3707,1570 3822,1514 3993,1575 4136,1474 3791,1408 3491,1502 2761,1444 2646,1509 2286,1524"/>
                <Baseline points="2297,1566 2306,1566 2351,1566 2396,1563 2440,1560 2485,1560 2530,1557 2575,1557 2619,1560 2664,1560 2709,1560 2754,1560 2798,1560 2843,1557 2888,1551 2933,1545 2977,1545 3022,1539 3067,1539 3112,1539 3157,1536 3201,1533 3246,1536 3291,1536 3336,1533 3380,1533 3425,1533 3470,1530 3515,1527 3559,1524 3604,1521 3649,1518 3694,1515 3738,1515 3783,1515 3828,1509 3873,1509 3917,1509 3962,1506 4007,1506 4052,1509 4096,1506 4141,1512"/>
                <TextEquiv>
                    <Unicode>vortrefflich gewählten aeterum censes: „Was wollen</Unicode>
                </TextEquiv>
            </TextLine>
            <TextLine id="tr_3_tl_10" custom="readingOrder {index:9;}">
                <Coords points="2324,1737 2432,1700 2749,1765 3042,1678 3233,1721 3737,1648 3843,1702 4085,1657 4089,1563 3420,1624 2930,1585 2589,1657 2329,1606"/>
                <Baseline points="2339,1682 2348,1682 2393,1688 2437,1688 2482,1688 2527,1688 2572,1688 2616,1688 2661,1688 2706,1688 2751,1685 2795,1682 2840,1682 2885,1679 2930,1682 2975,1679 3019,1679 3064,1679 3109,1674 3154,1674 3198,1674 3243,1671 3288,1668 3333,1671 3377,1668 3422,1668 3467,1662 3512,1662 3556,1659 3601,1656 3646,1653 3691,1653 3735,1650 3780,1647 3825,1644 3870,1644 3914,1641 3959,1638 4004,1638 4049,1635 4093,1632"/>
                <TextEquiv>
                    <Unicode>sie eigentlich? falls bei ihnen einmal mehr als</Unicode>
                </TextEquiv>
            </TextLine>
        </TextRegion>
        <TextRegion id="tr_2" custom="readingOrder {index:2;}">
            <Coords points="2354,1719 4305,1719 4305,3933 2354,3933"/>
            <TextLine id="tr_2_tl_1" custom="readingOrder {index:0;}">
                <Coords points="2355,1862 2620,1880 2819,1819 2956,1885 3376,1862 3488,1805 3686,1852 3810,1796 3895,1847 4071,1779 4073,1718 3944,1664 3876,1721 3690,1700 3456,1775 3117,1711 2885,1777 2359,1739"/>
                <Baseline points="2369,1826 2375,1826 2419,1826 2464,1823 2509,1820 2554,1820 2599,1820 2643,1817 2688,1817 2733,1817 2778,1817 2822,1817 2867,1814 2912,1814 2957,1811 3001,1811 3046,1808 3091,1811 3136,1811 3180,1811 3225,1811 3270,1808 3315,1805 3359,1805 3404,1805 3449,1802 3494,1799 3538,1796 3583,1796 3628,1793 3673,1790 3718,1787 3762,1784 3807,1781 3852,1778 3897,1775 3941,1775 3986,1772 4031,1772 4076,1769"/>
                <TextEquiv>
                    <Unicode>Ansätze, nämlich Erfüllungen vorhanden sein</Unicode>
                </TextEquiv>
            </TextLine>
            <TextLine id="tr_2_tl_2" custom="readingOrder {index:1;}">
                <Coords points="2359,2049 2751,1972 3054,1958 3134,2005 3413,1941 4085,1941 4103,1847 3754,1829 3660,1878 3608,1836 3383,1894 2887,1857 2657,1937 2366,1859"/>
                <Baseline points="2378,1957 2408,1960 2452,1960 2497,1960 2542,1963 2587,1963 2631,1966 2676,1966 2721,1966 2766,1963 2810,1960 2855,1957 2900,1954 2945,1954 2989,1951 3034,1951 3079,1954 3124,1948 3168,1948 3213,1945 3258,1942 3303,1936 3348,1936 3392,1936 3437,1933 3482,1930 3527,1930 3571,1930 3616,1924 3661,1918 3706,1918 3750,1915 3795,1912 3840,1909 3885,1909 3929,1909 3974,1906 4019,1903 4064,1900 4108,1900"/>
                <TextEquiv>
                    <Unicode>sollten, wird sie Schnitzler an die Neue Rund</Unicode>
                </TextEquiv>
            </TextLine>
            <TextLine id="tr_2_tl_3" custom="readingOrder {index:2;}">
                <Coords points="2340,2120 2432,2169 2693,2096 2843,2157 2979,2096 3575,2101 3723,2049 3857,2113 4073,2089 4075,1993 3556,1951 2678,2059 2474,1993 2343,2052"/>
                <Baseline points="2354,2091 2381,2091 2425,2097 2470,2097 2515,2094 2560,2094 2604,2094 2649,2094 2694,2094 2739,2094 2784,2094 2828,2091 2873,2091 2918,2088 2963,2085 3007,2085 3052,2085 3097,2079 3142,2079 3186,2073 3231,2070 3276,2067 3321,2064 3365,2064 3410,2061 3455,2061 3500,2058 3544,2055 3589,2052 3634,2049 3679,2046 3723,2049 3768,2046 3813,2046 3858,2046 3903,2046 3947,2046 3992,2049 4037,2049 4082,2049"/>
                <TextEquiv>
                    <Unicode>thau empfehlen und das wird viel mehr sein</Unicode>
                </TextEquiv>
            </TextLine>
            <TextLine id="tr_2_tl_4" custom="readingOrder {index:3;}">
                <Coords points="2378,2256 2784,2291 2991,2218 3080,2279 3291,2204 3369,2247 3639,2188 3967,2242 4094,2193 4096,2115 3733,2132 3451,2068 2904,2197 2824,2148 2657,2197 2535,2141 2383,2167"/>
                <Baseline points="2393,2226 2399,2226 2443,2223 2488,2223 2533,2223 2578,2223 2622,2226 2667,2223 2712,2223 2757,2226 2801,2223 2846,2220 2891,2220 2936,2220 2980,2217 3025,2214 3070,2211 3115,2208 3160,2205 3204,2202 3249,2199 3294,2199 3339,2196 3383,2193 3428,2193 3473,2193 3518,2190 3562,2187 3607,2184 3652,2181 3697,2181 3741,2181 3786,2178 3831,2178 3876,2178 3920,2178 3965,2178 4010,2175 4055,2175 4099,2175"/>
                <TextEquiv>
                    <Unicode>Als wenn sie in so einem Literatenblättchen</Unicode>
                </TextEquiv>
            </TextLine>
            <TextLine id="tr_2_tl_5" custom="readingOrder {index:4;}">
                <Coords points="2387,2460 2988,2359 3181,2418 3723,2343 4012,2390 4064,2244 3251,2242 3092,2315 2864,2284 2777,2329 2394,2277"/>
                <Baseline points="2405,2360 2411,2360 2455,2366 2500,2369 2545,2372 2590,2372 2634,2369 2679,2369 2724,2369 2769,2366 2813,2366 2858,2360 2903,2360 2948,2357 2992,2351 3037,2351 3082,2345 3127,2342 3171,2342 3216,2342 3261,2342 3306,2339 3350,2336 3395,2336 3440,2333 3485,2333 3530,2330 3574,2327 3619,2324 3664,2324 3709,2321 3753,2318 3798,2318 3843,2315 3888,2312 3932,2309 3977,2309 4022,2309 4067,2303"/>
                <TextEquiv>
                    <Unicode>Gedruckt würden. Schließlich verstand er sich</Unicode>
                </TextEquiv>
            </TextLine>
            <TextLine id="tr_2_tl_6" custom="readingOrder {index:5;}">
                <Coords points="2399,2561 2477,2594 2892,2498 3005,2566 3251,2481 3394,2540 3599,2465 3843,2495 4054,2451 4056,2369 3599,2369 3420,2439 3282,2380 3211,2423 2902,2397 2606,2488 2404,2472"/>
                <Baseline points="2414,2503 2449,2506 2494,2509 2539,2512 2584,2512 2628,2512 2673,2509 2718,2506 2763,2506 2807,2503 2852,2503 2897,2500 2942,2494 2986,2491 3031,2488 3076,2488 3121,2482 3165,2482 3210,2479 3255,2479 3300,2476 3345,2473 3389,2470 3434,2470 3479,2467 3524,2464 3568,2464 3613,2464 3658,2458 3703,2458 3747,2458 3792,2458 3837,2452 3882,2452 3926,2449 3971,2449 4016,2446 4061,2443"/>
                <TextEquiv>
                    <Unicode>dazu, mir die Zusendung von Recensions¬</Unicode>
                </TextEquiv>
            </TextLine>
            <TextLine id="tr_2_tl_7" custom="readingOrder {index:6;}">
                <Coords points="2399,2667 2620,2707 2848,2648 2918,2695 3340,2625 3495,2667 3772,2592 4085,2655 4127,2491 3711,2486 3510,2573 3244,2535 3101,2594 2404,2571"/>
                <Baseline points="2414,2637 2428,2640 2473,2643 2518,2643 2563,2643 2607,2646 2652,2646 2697,2643 2742,2640 2787,2637 2831,2634 2876,2631 2921,2628 2966,2628 3010,2628 3055,2628 3100,2625 3145,2622 3189,2619 3234,2619 3279,2616 3324,2616 3368,2613 3413,2610 3458,2604 3503,2604 3547,2602 3592,2599 3637,2596 3682,2596 3726,2593 3771,2593 3816,2587 3861,2587 3906,2587 3950,2587 3995,2587 4040,2590 4085,2593 4129,2593"/>
                <TextEquiv>
                    <Unicode>exemplaren zu versprechen, womit die ganze</Unicode>
                </TextEquiv>
            </TextLine>
            <TextLine id="tr_2_tl_8" custom="readingOrder {index:7;}">
                <Coords points="2401,2817 2486,2857 2829,2777 3014,2838 3108,2784 3404,2808 3775,2737 3970,2786 4049,2751 4052,2650 3317,2695 3028,2655 2697,2751 2406,2674"/>
                <Baseline points="2414,2781 2443,2787 2488,2787 2533,2787 2578,2787 2622,2787 2667,2784 2712,2781 2757,2778 2801,2772 2846,2769 2891,2769 2936,2766 2980,2763 3025,2763 3070,2766 3115,2763 3160,2760 3204,2763 3249,2760 3294,2757 3339,2757 3383,2754 3428,2751 3473,2751 3518,2745 3562,2745 3607,2745 3652,2739 3697,2739 3741,2739 3786,2736 3831,2733 3876,2730 3920,2727 3965,2727 4010,2727 4055,2727"/>
                <TextEquiv>
                    <Unicode>Affaire für mich abgetan sein wird. Mehr</Unicode>
                </TextEquiv>
            </TextLine>
            <TextLine id="tr_2_tl_9" custom="readingOrder {index:8;}">
                <Coords points="2390,2920 2643,2981 2930,2913 3052,2974 3218,2911 3510,2939 3749,2876 3925,2916 4061,2873 4064,2782 3876,2829 3108,2819 2981,2869 2815,2808 2542,2878 2394,2845"/>
                <Baseline points="2405,2912 2411,2912 2455,2915 2500,2918 2545,2918 2590,2918 2634,2915 2679,2915 2724,2912 2769,2909 2813,2906 2858,2903 2903,2900 2948,2900 2992,2897 3037,2897 3082,2897 3127,2897 3171,2900 3216,2897 3261,2897 3306,2894 3350,2894 3395,2891 3440,2888 3485,2885 3530,2882 3574,2879 3619,2876 3664,2873 3709,2873 3753,2870 3798,2867 3843,2867 3888,2864 3932,2861 3977,2861 4022,2861 4067,2864"/>
                <TextEquiv>
                    <Unicode>brauche ich nämlich glücklicherweise von der</Unicode>
                </TextEquiv>
            </TextLine>
            <TextLine id="tr_2_tl_10" custom="readingOrder {index:9;}">
                <Coords points="2380,3113 2707,3134 2911,3040 3371,3089 3702,3005 4012,3035 4031,2951 3913,2909 3657,2972 3432,2927 3164,3000 2815,2944 2387,2974"/>
                <Baseline points="2399,3043 2425,3046 2470,3055 2515,3058 2560,3055 2604,3055 2649,3055 2694,3052 2739,3049 2784,3046 2828,3043 2873,3040 2918,3037 2963,3037 3007,3037 3052,3034 3097,3031 3142,3028 3186,3028 3231,3028 3276,3022 3321,3022 3365,3016 3410,3013 3455,3013 3500,3010 3544,3013 3589,3010 3634,3004 3679,3004 3723,3001 3768,2998 3813,2995 3858,2992 3903,2989 3947,2989 3992,2983 4037,2986"/>
                <TextEquiv>
                    <Unicode>Presse nicht und wenn ich früher erfahren</Unicode>
                </TextEquiv>
            </TextLine>
            <TextLine id="tr_2_tl_11" custom="readingOrder {index:10;}">
                <Coords points="2413,3279 2732,3197 2890,3240 3197,3174 4000,3179 4139,3141 4143,3026 3587,3094 3463,3047 3230,3136 3141,3092 2833,3087 2674,3155 2420,3117"/>
                <Baseline points="2428,3210 2443,3207 2488,3201 2533,3198 2578,3195 2622,3195 2667,3189 2712,3189 2757,3186 2801,3180 2846,3180 2891,3177 2936,3174 2980,3174 3025,3174 3070,3168 3115,3165 3160,3162 3204,3160 3249,3160 3294,3160 3339,3154 3383,3151 3428,3148 3473,3145 3518,3142 3562,3142 3607,3139 3652,3136 3697,3133 3741,3133 3786,3130 3831,3127 3876,3124 3920,3124 3965,3124 4010,3121 4055,3121 4099,3124 4144,3124"/>
                <TextEquiv>
                    <Unicode>hätte, was ich leider erst Donnerstag erfuhr:</Unicode>
                </TextEquiv>
            </TextLine>
            <TextLine id="tr_2_tl_12" custom="readingOrder {index:11;}">
                <Coords points="2434,3390 2852,3392 3115,3310 3348,3362 3784,3291 4282,3324 4301,3216 4136,3183 4026,3233 3911,3171 3364,3270 3277,3195 3009,3268 2441,3240"/>
                <Baseline points="2449,3353 2470,3350 2515,3345 2560,3342 2604,3339 2649,3333 2694,3327 2739,3321 2784,3318 2828,3312 2873,3315 2918,3312 2963,3312 3007,3312 3052,3309 3097,3306 3142,3303 3186,3303 3231,3303 3276,3300 3321,3300 3365,3300 3410,3294 3455,3291 3500,3291 3544,3288 3589,3285 3634,3282 3679,3279 3723,3276 3768,3273 3813,3270 3858,3270 3903,3267 3947,3267 3992,3267 4037,3270 4082,3270 4126,3270 4171,3273 4216,3273 4261,3273 4305,3273"/>
                <TextEquiv>
                    <Unicode>daß nämlich an der Verzögerung der Approbation</Unicode>
                </TextEquiv>
            </TextLine>
            <TextLine id="tr_2_tl_13" custom="readingOrder {index:12;}">
                <Coords points="4071,3948 4087,3953 4113,3939 4146,3953 4160,3941 4167,3948 4193,3941 4211,3965 4226,3965 4237,3815 4216,3808 4204,3812 4181,3794 4157,3796 4136,3812 4099,3819 4080,3815"/>
                <Baseline points="4085,3923 4102,3923 4147,3923 4192,3920 4237,3911"/>
                <TextEquiv>
                    <Unicode>G.H.F.P</Unicode>
                </TextEquiv>
            </TextLine>
        </TextRegion>
    </Page>
</PcGts>
