4472 4233
273 782 2147 1013 unter meinen Produkten getroffen – wahrscheinlich
311 947 1984 1133 ist so etwas wie eine Sichtung auch kaum
309 1089 1972 1282 Durchführbar. Ich wenigstens habe nicht
285 1235 1998 1411 herausfinden können, welches die lang¬
266 1407 2048 1583 Weiligsten sind - es tut einem wirklich die
299 1550 1960 1748 Wahl weh. Gaben die Götter, daß der
295 1704 2090 1920 Herr Kommerzienrat Fischer diesen angeblichen
262 1913 1996 2095 Novellenzyklus akzeptiert oder – was ohn
257 2064 2031 2250 ja nichts kosten wurde - irgendetwas in den
269 2210 2090 2427 Rundschau bringt. # Es wäre das her mich
287 2389 1946 2592 eine kleine Versicherung gegen gewisse
280 2524 1949 2747 Stupiditäten der Aussenwelt, die sich
278 2733 2142 2943 demnächst in zudringlichen Fragen historischen
285 2882 1755 3098 Charakters mandfestieren dürften.
3040 514 3148 598 Dans les
2681 558 4187 676 Ce spous' xxx
2844 634 3450 851 dans le dernier aussi
4029 664 4265 796 G.C.F.P.
2314 794 4062 1034 Und ein etwaiger Mißerfolg wäre im
2349 985 3398 1188 Vorhinein kompensiert.
2323 1155 4220 1308 Sollte eine Art von grausamem, aber vielleicht
2333 1310 4128 1539 logischen und gerechtem Parallelismus mich
2314 1477 3989 1656 Auf beiden Seiten Zuschanden werden lassen
2352 1628 4074 1810 meinen Erfahrungen gemäß nicht bloß auf
2352 1791 4024 1998 Ihren Empfehlungen, sondern auch auf
2354 1956 4074 2163 meinen Leistungen so etwas wie ein Fluch
2347 2099 4039 2286 liegen, bleibe ich Ihnen, sehr geehrter
2354 2255 4065 2474 Herr Doktor, noch immer äußerst dank.
2373 2418 4131 2623 bar für so mancher frühere, namentlich
2387 2566 4107 2771 für Ihre harten Worte über mein Übel¬
2333 2754 4218 2962 wollen – denn auch eine derartige Fröttierung
2356 2903 3940 3101 hatte äußerst nötig Ihr ergebenster
3270 3094 4109 3289 Albert Ehrenstein.
3080 3313 3398 3445 J. M. C. L. A.
3141 3457 3327 3586 G.C.F.P.
4163 3732 4376 3961 Pour Votre
