5303 4231
334 705 2504 902 ähnlich sauer. An komischen Werturteilen fehlte es
365 843 2417 1048 nicht, soyka schimpfte mich ein Henie, Paul Ernst
382 1031 2403 1208 gab zuerst reichliches Lob von sich, um schließlich
360 1191 2383 1318 bei dem Cliché „frühreises Wiener Talent,
360 1287 2388 1495 Das längstens in fünf Jahren abgestorben sein
360 1458 2386 1616 wird zu enden. Angesichts Ihrer Ansicht,
374 1588 2344 1759 vieles bei mir sei noch unreis, erinnert
354 1725 2324 1919 mich dieser Widerspruch lebhaft daran, daß
382 1869 2532 2060 Auernheimer meine Th. Mannekritik Dithgrambisch
391 2018 2551 2223 nannte, Polgar sie für ein abscheuliches Pamphlet
379 2220 2546 2391 erklärte, jener mich als phantastischen Schriftsteller
396 2329 2459 2529 rubrizierte, Großmann sich durch meinen
360 2476 2484 2670 Realismus abgestoßen fühlte. Die Prognose
1436 2596 1807 2706 jedenfalls
354 2613 2388 2841 des Dr Ernst scheint mirs unzutreffend: nach
351 2771 2549 2970 fünfjähriger Stagnation sind mir meine lyrischen
365 2917 2473 3133 Fähigkeiten Heuer Wiedergekehrt. Immerhin hat
365 3069 2431 3262 eine Ballade, die ich im Mai fabrizierte, bereits
354 3229 2383 3403 den Rekord von zwölf Retournierungen. Ich
348 3350 2498 3577 möchte sie mit einigen anderen, kleinen Arbeiten
216 3808 430 3923 G.H.F.P.
2771 641 4850 865 Ihnen unterbreiten. Ich halte die Sachen nämlich
2788 795 4864 969 nicht für so schlecht wie die vereinigten Redaktions¬
2810 922 4760 1158 philister, deren Autogramme zu sammeln
2810 1071 4822 1284 mein Schicksal zu sein scheint. Die Herren Hesse,
2773 1222 4850 1433 Gumppenberg, R.B. Heinrich, Scheerbart, Lang¬
2816 1433 4957 1590 Wid, Hoff- und Großmann behaupten einhellig
2810 1540 4960 1751 eine intensive Nichteignung meiner Arbeiten für
2788 1689 4844 1897 Ihre respektiven Blätter. Bei verwechselt mach
2799 1855 4974 2057 konstant mit K. Auernheimer, Wien III, und
2804 1992 4912 2195 verlangt immer wieder dußige Wiener Ware
2816 2152 4948 2329 die ich natürlich nicht herstellen kann. Kurz,
2768 2285 4915 2484 es dürfte kein namhaftes Organ in Bisherreich
2816 2419 4839 2616 und Deutschland geben, das mich nicht mit
2810 2577 4875 2768 seinen nichtssagenden Ablehnungsformularen
2779 2720 5036 2928 Oeglückt hätte. - Ein Herr König vom "Merker"
2816 2908 4954 3049 möchte für den Spätherbst eine kritische Studie
2852 2998 4946 3215 über Sie, den Dramatiker, von mir haben,
2810 3187 4943 3372 aber sein Blatt zahlt spät und schlecht, und mit
2835 3324 4777 3498 keiner Betrachtungsweise wäre wohl eher
2855 3451 4755 3692 noch der Autor als der päpstlichere Merker
4490 3661 4659 3883 G.C.P
4429 3858 4724 3965 Ou Unsichere
