4440 5176
866 303 3569 621 Die Ehre ist schließlich schon jetzt nicht gar so überwältigend.
910 490 3483 710 Und später, wenn ich einmal bekannt sein werde - ich
928 707 3500 914 bin schrecklich rachsüchtig – würden die Zeitungen zunächst
931 835 3459 1052 Doch nichts anderes von mir bekommen als die von
948 990 3349 1259 ihnen selbst abgelehnten Sachen. Den Luxus, derartige
990 1207 3445 1417 Prinzipien zu befitzen. Zu Glauben, kann ich mir ja
976 1383 2456 1590 jetzt noch getrost gestatten.
983 1490 3714 1731 Indem ich zwar auf eine gnädige Erfüllung meiner unbe¬
990 1669 3545 1931 Wünsche hoffe, nichts destoweniger mich auf eine Prenge
686 1738 952 1959 scheidenen
976 1814 3632 2062 Kritik meiner novellistischen Tastversuche und moralischen
910 1986 3683 2255 Grundsatze gefaßt mache, verbleibe ich Hochachtungsvoll
1655 2200 2562 2456 Ihr ergebenster
2524 2280 3597 2531 Albert Ehrenstein.
