5319 4264
176 741 2488 948 Das Weiblichkeit von einem Andern Manne träumte)
311 879 2465 1113 - über das Vollendete läßt sich wenig sagen.
297 1061 2320 1219 Vor allem aber gebricht es mir an Material
308 1202 2332 1427 ich kenne nicht jenen Schauschielereinakter der
337 1355 2286 1582 in Berlin zu einem Skandal führte, und was
317 1513 2352 1727 mich noch mehr interessierte: ich kenne bis
317 1672 2269 1853 Auf das Bruchstück in einem Widmungsbuche
300 1813 2410 2003 Die erste fassung der Liebelee nicht, die mirs
306 1977 2381 2179 an dieser form, nach dem Fragment beurteilt.
294 2116 2479 2318 viel höheren Wert zu besitzen scheint. (Dieselbe
285 2251 2519 2450 legere Technik fand Ich in den in der N. Fr. Presse
294 2436 2407 2606 veröffentlichten Szenen aus dem "Medardus"
288 2603 2421 2753 wieder, die andererseits wieder eine gewisse
282 2715 2329 2963 und vielleicht lustige Ähnlichkeit mit dem
355 2914 2364 3081 Rakadu besitzen.) Summa summarum
300 3047 2462 3202 möchte ich sehr gern ein Essay über Sie schreiben
360 3182 2381 3387 schon weil ich Ihnen womöglich jedes Gefallen
297 3318 2341 3543 an der vorliegenden Form des „Wegs“ ins Freie¬
352 3488 2390 3741 benehmen will), aber weder scheint mir
138 3762 424 3926 G.F.L.A.O.
2658 591 4710 813 der Merker“ das geeignete Blatt, noch
2718 767 4690 945 könnte ich ohne einiges biographische und
2724 879 4765 1116 entwicklungsgeschichtliche Material so schnell
2712 1038 4730 1265 etwas Ihrer und meiner Würdiges zu
2741 1234 4779 1415 Tage behördern. Wenigstens kaum vor
2753 1358 4747 1571 März 1911, denn meine Studien machen
2724 1510 4716 1704 nur langsame fortschritte. Zwar sind die
2727 1660 4750 1859 Geographisch-historischen Arbeiten bereits
2741 1813 4834 2044 approbiert, das kleine philosophische Rigoresum
2756 1969 4834 2162 bereits hinter mir und so steht zu be¬
2776 2078 4779 2369 fürchten, daß ich im Oktober zum Dr
4353 2222 4661 2341 besorge
2770 2243 4900 2490 theil. Degradiert werde. Aber ich fürchte, nicht
2756 2416 4822 2637 über genügend starke Protektion zu ver¬
2759 2557 4851 2816 hügen, um ins Ministerium des Unter¬
2770 2724 4869 2957 richts oder Inneren kommen zu können,
2779 2903 4946 3061 Und es müßte also im Tänner schreckliche
2793 3021 4843 3228 überdies nicht gerade viel Chancen bietende
2819 3191 4151 3416 Lehramtsprüsungen ablegen
3499 3303 4938 3522 Ihr Hochachtungsvollte und ergebenst
3909 3453 4335 3623 preißender
4139 3525 4958 3733 Albert Ehrenstein.
4557 3946 4791 4093 G.H.F.P.
