4472 4233
1720 254 2074 368 Votre très obéissant serviteur
2611 266 2934 438 V. P.
2117 271 2306 441 V. W. F.
686 283 904 443 G.C.F.P.
3016 286 3234 429 1.° 1.°.
3307 288 3425 429 1.
3462 279 3651 438 „ „
3094 499 3944 683 jusquois a Chapour   etc.
2539 526 3026 678 G. Spivak
3893 686 4147 836 G.C.H.F.P.
2539 654 3321 843 CALIONOÄ aee NOUBÄ
2500 770 4118 1008 CHATENLE' BueezA ET    ΠΟΟ’
266 1110 2195 1245 und die Freude verkümmert. Aber auch so muß
2381 1119 4186 1294 Verleihung an den ihrer Würdigsten ebenso
262 1284 2103 1463 man einigermaßen froh sein, daß sich die
2350 1296 4106 1451 lächerlicher als trauriger Parteilichkeit ent¬
293 1446 2125 1604 Dinge etwas gebessert haben, indem sich auch
2360 1466 4118 1606 zogen zu sehen, kommt mir aus dem Herzen.
2384 1592 4053 1747 habe ich doch Ihnen, sehr geehrter Herr
286 1616 2224 1785 bei uns sogar akademische Preisrichter dem längst
2372 1730 4089 1936 Doktor, nichts Kleines zu danken: Trost
266 1771 2214 1926 feststehenden Urteil der Verständigen bequemten.
2386 1897 4043 2076 in der Krankheit, Ermunterung im
279 1950 2110 2108 Denn gewiß: hätte es zu Grillparzers Zeiten
2406 2079 4101 2246 Trübsinn, Anregung aus Ihren Werken
279 2127 2093 2282 etwa einen Walther von der Vogelweide-Preis
2384 2251 4038 2413 – namentlich dem prämierten Stücke.
291 2289 2166 2432 gegeben, alle möglichen Halme und Gutzkows
2381 2415 4063 2568 Und wenn es mir gegönnt war, bloß
276 2447 2110 2624 hätten ihn erbuckelt, nur nicht den Wiener
2367 2565 4220 2737 den Anfang Ihres neuen Romanes mehrmals
288 2607 2146 2786 Dichter hätte man durch ihn zu neuem Leben
2367 2759 4067 2914 mit stets erneutem Entzücken zu lesen,
300 2766 770 2917 aufgerufen.
2357 2900 3949 3101 haben Zie, sehr geehrter Herr Doktor
523 2895 1969 3108 Jedenfalls, der Wunsch, solche und
2386 3079 3857 3251 daran keinen geringen Anteil
351 3096 2032 3278 ähnliche Auszeichnung durch wiederholte
