4456 4231
3529 204 3706 337 1 7
1443 242 1948 471 F. W. & L.
3991 213 4097 442 I
2530 541 3019 704 C. D. Spivak,
3422 537 3819 707 Gazpowa
2512 650 3298 865 CALLONCÄ Bee MogeÄ
2181 888 3998 1085 irgendwie bekannt zu machen, sondern falls sich
2195 1148 4011 1264 überhaupt das Sujet zu einer Veröffentlichung eignen
2208 1316 4014 1472 sollte, würde ich von den 2000 Versen des Juripides
2224 1484 3952 1649 und meiner Übersetzung etwa 1000 weglassen
2224 1703 4029 1844 die vier Akte in zwei oder einen zusammenziehen
2233 1882 3912 2032 was mir bei der Fülle entbehrlicher Chorlieder,
2222 2070 3950 2206 bei dem Überflusse an Wieder holungen und un¬
2247 2301 3896 2462 nützen Längen des Dialoges nicht schwer fiele.
2251 2453 3955 2627 Indem ich Sie, sehr geehrter Herr Doktor, bitte,
2260 2670 3989 2820 mir diese Arbeit nicht übelzunehmen, verbleibe
2263 2888 3019 3058 ich hochachtungsvoll
4190 2985 4308 3162 Ia.
2985 2999 3663 3171 Ihr Sie verehrender
3325 3194 3980 3373 Albert Ehrenstein.
