4440 4232
323 1055 2056 1252 über mich, Sie, sehr geehrter Herr Doktor,
323 1210 1894 1409 aus Ihrer leindlichen Abgeschiedenheit
343 1387 1910 1582 aufzustören. Mittlerweile ist hast
334 1567 2023 1770 jeder reale Grund entfallen, um dessenle
358 1678 2080 1921 willen ich Sie, sehr geehrter Herr Doktor
371 1877 1984 2074 bat, für mich bei Auernheimer zu
354 2052 1966 2246 sprechen. Jener Kollege unterließ es
365 2218 1927 2399 mir seine Dissertation einzusenden
350 2425 2023 2578 und so fühle ich mich nicht autorisiert
2379 2476 4034 2679 etwas anderes übrig bleiben, als
352 2535 1960 2727 über sie ein Wort zu sprechen. Ein
2438 2653 3822 2860 wiewohl die Herren M. Duilius
354 2725 2047 2919 Fräulein, das sehr schöne Gedichte und
2460 2801 3940 3037 Theoderich u. Gustav Adolf mir auf
376 2897 2133 3101 sehr schlechte Novellen schreibt, erfuchte
2395 2978 3990 3258 hieher gesolgt sind und es sehr
374 3044 2047 3282 mich, ihr ein paar Sachen von mir
2611 3465 2703 3577 O.S.
1289 3649 1460 3787 G.C.H.P.
4143 3734 4254 3970 P.S.
3151 260 3284 437 G.C.P.
3208 496 3843 671 Ce qui nʼest en ai-
2613 522 3096 675 C spous ee
3911 557 4106 666 G.C.F.P.P
3964 682 4202 817 G.C.F.P.P
2620 638 3138 839 C. I. F. C. P. A. D.
3179 640 3393 876 de Votre
2334 1020 4040 1189 zu schicken, ich fandte ihr unter
2369 1156 3948 1339 anderem. „Tubutsch“, Baben und
2408 1344 4073 1516 Apaturien anfangs August nach
2384 1505 3948 1706 Venedig - sie hat die Sachen bis
2358 1665 3916 1866 nun nicht erhalten und ich besitze
2327 1840 3889 2006 keine Abschrift. Ich könnte jetzt
2379 1991 4036 2213 nicht einmahl beweisen, daß ich einmal
2382 2172 3933 2360 literarisch wertbare Dinge geformt
2375 2325 3968 2526 habe, und es wird mir kaum
