4458 4200
805 227 894 343 7.
1392 186 1505 476 be
389 326 587 486 le
362 464 462 626 .P.
227 906 2160 1053 abgesehen von meinem Widerwillen dagegen
220 1056 2141 1225 Kleinigkeiten halber an das gedulderschöpfende,
239 1223 2153 1397 zeitraubende Überschreiben vielleicht aussichtsloser
246 1377 2184 1575 Erzeugnisse zu schreiten. Leider sind die genannten
246 1544 2092 1689 Unterlassungen das Wenigste. Rein der Pro¬
259 1740 2165 1894 duktion gewidmeter Tag ist ohne Hunderterlei¬
256 1892 2158 2018 teils ungewollte, teils mehr als beabsichtigte
261 2047 2131 2187 Störungen häuslicherseits dahingegangen. Der
251 2218 2146 2419 ruhige Fluß der Darstellungen, mit dem endlich
246 2397 2092 2576 beschenkt worden zu sein ich mich schon freute,
242 2564 2073 2730 bald gehemmt, unterbrochen machte einer
246 2728 2020 2851 mehr stoßweisen, abgerissenen Art der
242 2892 2042 3069 der Erzählung Platz. Notwendig sind die
271 3035 2083 3243 vorliegenden Darbietungen, sobald Schwung
3250 563 3733 679 tout a  ces pours
2547 519 3030 684 C spome.
2948 672 3032 732 2n
4042 681 4125 793 G.C.P.
2506 696 3320 809 CALIeboA aee moue¬
2264 884 4001 1046 und Stimmung von außen verscheucht
2269 1082 4021 1220 worden, in einem den Leser sozusagen
2279 1213 4212 1394 jeden Augenblick freigebendem Stil geschrieben,
2308 1368 4052 1520 was besonders bei der letzteniiNovellette
2308 1529 4047 1708 ermüden muß, welche an sich Langeweile
2317 1701 4069 1877 und Enttäuschung, einen an den Auslagen
2312 1870 4030 2054 der Geschäfte und Leute entlang lebenden
2327 2042 4139 2201 Menschen zu schildern unternimmt. Wenn
2327 2170 4093 2378 ich mich trotz alledem erkühne, an Sie,
2324 2349 4139 2554 sehr geehrter Herr Doktor, mit dem wenig
2329 2530 4190 2711 gerechtfertigten Ansinnen heranzutreten.
2324 2728 4146 2844 die übrigens teilweise untereinander in
2308 2861 3972 3049 Konnex und Abfolge stehenden Werkchen
2363 3042 4064 3221 einzeln) zu beurteilen die Güte zu haben
