4440 5159
917 338 3617 610 hatte an dem von ihm empfohlenen Werke (von dem er übrigens)
900 544 3425 781 auch nicht viel versteht) wenig zu bekritteln und prüfte
900 757 3512 945 Den Polen nicht, sondern plauschte mit ihm keine Rigorosum.
942 889 3355 1095 Unglücklicherweise kann ich nicht magyarisch und daher
924 1085 3536 1269 nicht mit dem magyarischen Erscheinen meines ungarische
935 1210 3013 1465 Verhältnisse glossierenden Flaborates drohen.
931 1395 3543 1615 Obgleich die Unarbeitung nur 3 Wochen in Anspruch nahm,
910 1538 3474 1786 ward ich, da es nur 3 Lehramtsprüfungstermine im
917 1730 3501 1932 Jahr gibt und ich einen durch die Nichtannahme meiner
900 1873 3327 2058 Dessertation versäumen mußte, aus meiner Bahn
893 2047 3418 2298 geworfen, ich kann meinen ursprünglichen Plan nicht
910 2208 3407 2448 ausführen, werde um ein halbes Jahr später mit dem
900 2372 3460 2595 Acherlichen Namen- und Zahlenkram fertig werden, um
917 2535 3554 2759 außerdem — ich hatte schon 1908 keine Ferien — gibt es auch
882 2706 3498 2957 heuer keine Erholung für mich. Im Oktober wird meine
935 2877 3376 3114 Abhandlung in ihrer neuen Form zensiert. Mich noch
917 3100 3327 3264 weiterhin von dem Professor wie einen Schuljungen be¬
907 3212 3400 3446 handeln zu lassen, habe ich keine Lust. Es ist kaum
910 3365 3400 3627 ein Verbrechen, wenn man sich einen bissigen Hofrat
910 3533 3508 3753 mit einem Stückchen Wurst vom Leibe hält, ebensowenig
889 3697 3686 3934 halte ich es für korrucht, im Regen einen Schirm aufzuschannen.
907 3836 3610 4039 Aus dieser Weltanschauung heraus muß ich es mit Freuden,
903 4032 3519 4286 begrüßen, wenn Sie, sehr geehrter Herr Doktor, die
861 4185 3418 4429 Liebenswürdigkeit besäßen, Herrn Auernheimers
893 4349 3474 4624 Gegenüber ein paar Worte über mich fallen zu lassen.
900 4499 3310 4785 Ich möchte nämlich dann gern Ende Juli Herrn
879 4670 3358 4928 Auernheimer eine Notiz über die im Erscheinen
865 4837 3257 5029 begriffene Dissertation jenes galizischen Kollegen
3948 956 4192 1154 G.F.P.
3976 1137 4164 1280 G.C.F.P
3962 1245 4227 1381 P:S:H.H.F.F:O.
3899 2916 4157 3059 Doope
3920 3055 4188 3184 le sujet
3909 3160 4188 3310 D.F.A.O.D.
3934 3285 4087 3474 G.C.F.P.
3899 3411 4220 3554 Braegzog
