<?xml version="1.0" encoding="UTF-8" standalone="yes"?>
<PcGts xmlns="http://schema.primaresearch.org/PAGE/gts/pagecontent/2013-07-15" xmlns:xsi="http://www.w3.org/2001/XMLSchema-instance" xsi:schemaLocation="http://schema.primaresearch.org/PAGE/gts/pagecontent/2013-07-15 http://schema.primaresearch.org/PAGE/gts/pagecontent/2013-07-15/pagecontent.xsd">
    <Metadata>
        <Creator>prov=READ-COOP:name=TrHtr:version=2.1.0:model_id=51170:date=25_07_2023_01:05</Creator>
        <Created>2023-05-01T21:53:32.329+02:00</Created>
        <LastChange>2023-07-25T01:05:00.599+02:00</LastChange>
        <TranskribusMetadata docId="1416423" pageId="54945655" pageNr="23" tsid="130579652" status="IN_PROGRESS" userId="64420" imgUrl="https://files.transkribus.eu/Get?id=LODOKFZPUASSNATQUZHACFDS&amp;fileType=view" xmlUrl="https://files.transkribus.eu/Get?id=QYTDWTIEVLRTKQNFMFNVFKSQ" imageId="44449740"/>
    </Metadata>
    <Page imageFilename="1416423_0023.jpg" imageWidth="4419" imageHeight="4330">
        <ReadingOrder>
            <OrderedGroup id="ro_1711832215219" caption="Regions reading order">
                <RegionRefIndexed index="0" regionRef="tr_1"/>
            </OrderedGroup>
        </ReadingOrder>
        <TextRegion id="tr_1" custom="readingOrder {index:0;}">
            <Coords points="265,227 4270,227 4270,3745 265,3745"/>
            <TextLine id="tr_1_tl_1" custom="readingOrder {index:0;}">
                <Coords points="2550,302 2583,302 2597,314 2616,309 2633,319 2640,316 2649,326 2666,321 2675,331 2694,328 2694,236 2668,238 2661,231 2649,241 2640,236 2628,248 2621,243 2581,246 2574,253 2550,248"/>
                <Baseline points="2562,280 2565,280 2609,283 2654,286 2699,277"/>
                <TextEquiv>
                    <Unicode>G.C.</Unicode>
                </TextEquiv>
            </TextLine>
            <TextLine id="tr_1_tl_2" custom="readingOrder {index:1;}">
                <Coords points="3299,349 3310,347 3346,359 3367,331 3391,340 3403,338 3377,172 3346,179 3332,172 3320,182 3273,184"/>
                <Baseline points="3299,280 3344,289 3389,295 3401,295"/>
                <TextEquiv>
                    <Unicode>P.</Unicode>
                </TextEquiv>
            </TextLine>
            <TextLine id="tr_1_tl_3" custom="readingOrder {index:2;}">
                <Coords points="387,642 416,642 444,619 479,621 494,614 458,333 430,335 399,319 383,340 347,331"/>
                <Baseline points="385,519 430,525 474,531 489,531"/>
                <TextEquiv>
                    <Unicode>P.</Unicode>
                </TextEquiv>
            </TextLine>
            <TextLine id="tr_1_tl_4" custom="readingOrder {index:3;}">
                <Coords points="2333,803 2604,852 2888,808 3119,852 3237,805 3362,850 3433,805 3504,852 3636,796 3721,848 3976,810 3976,680 3303,763 3029,699 2645,763 2545,706 2333,711"/>
                <Baseline points="2347,794 2371,794 2415,794 2460,797 2505,797 2550,797 2595,797 2639,794 2684,794 2729,794 2774,797 2818,797 2863,797 2908,797 2953,797 2998,800 3042,800 3087,800 3132,800 3177,800 3222,800 3266,800 3311,803 3356,800 3401,800 3446,800 3490,797 3535,797 3580,794 3625,794 3670,797 3714,794 3759,794 3804,794 3849,791 3894,788 3938,788 3983,785"/>
                <TextEquiv>
                    <Unicode>die Lage angenehmer zu machen, versäumte</Unicode>
                </TextEquiv>
            </TextLine>
            <TextLine id="tr_1_tl_5" custom="readingOrder {index:4;}">
                <Coords points="253,878 1166,800 1528,857 1813,791 2125,855 2146,723 1216,704 718,779 375,630 255,689"/>
                <Baseline points="265,803 271,800 316,806 361,806 406,806 450,809 495,809 540,812 585,815 630,815 674,812 719,809 764,806 809,809 854,806 898,803 943,800 988,800 1033,797 1078,797 1122,797 1167,797 1212,794 1257,794 1301,794 1346,794 1391,794 1436,794 1481,794 1525,791 1570,791 1615,791 1660,791 1705,791 1749,791 1794,788 1839,791 1884,788 1929,791 1973,788 2018,788 2063,788 2108,791 2153,791"/>
                <TextEquiv>
                    <Unicode>Lysistrata. Ein anderesmal nach einer Vorlesung</Unicode>
                </TextEquiv>
            </TextLine>
            <TextLine id="tr_1_tl_6" custom="readingOrder {index:5;}">
                <Coords points="2392,982 3171,935 3280,1001 3362,933 3939,944 3939,878 3639,850 2947,904 2777,848 2392,867"/>
                <Baseline points="2406,943 2421,940 2466,940 2511,940 2556,937 2600,937 2645,937 2690,940 2735,937 2780,937 2824,934 2869,934 2914,934 2959,934 3004,934 3048,934 3093,931 3138,931 3183,934 3228,931 3272,931 3317,928 3362,928 3407,931 3452,928 3496,928 3541,928 3586,928 3631,928 3676,928 3720,925 3765,925 3810,922 3855,919 3899,919 3944,916"/>
                <TextEquiv>
                    <Unicode>Grüße summierten sich mit oft weder</Unicode>
                </TextEquiv>
            </TextLine>
            <TextLine id="tr_1_tl_7" custom="readingOrder {index:6;}">
                <Coords points="352,937 805,1013 926,937 1761,992 1844,940 2099,949 2099,878 996,848 352,900"/>
                <Baseline points="364,928 409,931 453,934 498,937 543,937 588,940 633,940 677,940 722,937 767,940 812,937 857,937 901,934 946,934 991,931 1036,934 1081,934 1125,934 1170,934 1215,934 1260,934 1304,934 1349,931 1394,931 1439,931 1484,931 1528,931 1573,934 1618,934 1663,937 1708,934 1752,934 1797,931 1842,928 1887,928 1932,928 1976,928 2021,928 2066,925 2105,928"/>
                <TextEquiv>
                    <Unicode>im Mariahilfer Arbeiterheim verschlag mir die</Unicode>
                </TextEquiv>
            </TextLine>
            <TextLine id="tr_1_tl_8" custom="readingOrder {index:7;}">
                <Coords points="2359,1079 2687,1063 2857,1124 3166,1070 3450,1145 3580,1063 3998,1046 3976,968 3509,1013 3318,966 3098,1032 3034,980 2907,1025 2779,975 2666,1027 2359,963"/>
                <Baseline points="2371,1060 2388,1057 2433,1057 2478,1054 2523,1054 2568,1054 2612,1057 2657,1057 2702,1057 2747,1057 2792,1057 2836,1060 2881,1060 2926,1060 2971,1060 3016,1060 3060,1060 3105,1063 3150,1063 3195,1063 3240,1060 3284,1057 3329,1057 3374,1057 3419,1057 3464,1054 3508,1051 3553,1054 3598,1051 3643,1051 3687,1051 3732,1051 3777,1048 3822,1048 3867,1042 3911,1039 3956,1036 4001,1036"/>
                <TextEquiv>
                    <Unicode>Willen emporgefahrenen bissigen Antworten</Unicode>
                </TextEquiv>
            </TextLine>
            <TextLine id="tr_1_tl_9" custom="readingOrder {index:8;}">
                <Coords points="364,1115 874,1136 999,1086 1398,1148 1632,1079 2002,1103 2054,1096 2057,963 1627,1041 1289,970 1190,1027 751,1001 640,1051 366,973"/>
                <Baseline points="376,1078 406,1081 450,1078 495,1081 540,1083 585,1086 630,1083 674,1083 719,1081 764,1078 809,1078 854,1078 898,1078 943,1078 988,1078 1033,1081 1078,1081 1122,1083 1167,1083 1212,1081 1257,1081 1301,1075 1346,1075 1391,1072 1436,1069 1481,1069 1525,1069 1570,1069 1615,1069 1660,1066 1705,1066 1749,1066 1794,1063 1839,1060 1884,1057 1929,1057 1973,1057 2018,1054 2063,1042"/>
                <TextEquiv>
                    <Unicode>Befangenheit jeden Gruß. Ein gewisser kind¬</Unicode>
                </TextEquiv>
            </TextLine>
            <TextLine id="tr_1_tl_10" custom="readingOrder {index:9;}">
                <Coords points="2354,1233 2583,1216 2668,1268 2914,1192 3485,1188 3735,1247 4005,1216 4005,1096 3809,1155 3551,1103 3348,1164 3273,1091 3133,1155 2765,1145 2593,1060 2354,1112"/>
                <Baseline points="2368,1185 2397,1182 2442,1179 2487,1179 2532,1179 2577,1179 2621,1182 2666,1185 2711,1188 2756,1188 2801,1188 2845,1188 2890,1191 2935,1194 2980,1194 3025,1194 3069,1191 3114,1191 3159,1191 3204,1191 3248,1194 3293,1191 3338,1194 3383,1191 3428,1188 3472,1188 3517,1185 3562,1188 3607,1185 3652,1188 3696,1191 3741,1191 3786,1191 3831,1188 3876,1185 3920,1182 3965,1182 4010,1182"/>
                <TextEquiv>
                    <Unicode>auf falsch verstandene Bemerkungen, und</Unicode>
                </TextEquiv>
            </TextLine>
            <TextLine id="tr_1_tl_11" custom="readingOrder {index:10;}">
                <Coords points="333,1256 871,1282 1039,1225 1242,1285 1381,1216 1532,1273 1594,1225 2132,1228 2132,1133 1939,1164 1846,1103 1627,1162 335,1152"/>
                <Baseline points="349,1221 391,1224 435,1224 480,1230 525,1230 570,1233 615,1230 659,1230 704,1227 749,1224 794,1224 839,1224 883,1224 928,1224 973,1224 1018,1224 1063,1224 1107,1221 1152,1221 1197,1224 1242,1224 1287,1221 1331,1218 1376,1215 1421,1215 1466,1215 1511,1212 1555,1215 1600,1212 1645,1209 1690,1209 1734,1209 1779,1206 1824,1206 1869,1206 1914,1206 1958,1209 2003,1206 2048,1203 2093,1200 2138,1203"/>
                <TextEquiv>
                    <Unicode>licher und doch dämmonischer Trotz und Eigensinn</Unicode>
                </TextEquiv>
            </TextLine>
            <TextLine id="tr_1_tl_12" custom="readingOrder {index:11;}">
                <Coords points="2361,1322 2697,1388 2824,1332 3199,1353 3282,1405 3447,1336 3622,1391 4026,1351 4026,1299 3927,1259 3870,1292 3667,1228 3554,1287 3367,1207 3077,1299 2923,1228 2361,1287"/>
                <Baseline points="2374,1316 2418,1319 2463,1319 2508,1322 2553,1322 2598,1322 2642,1325 2687,1328 2732,1331 2777,1331 2821,1331 2866,1334 2911,1334 2956,1337 3001,1337 3045,1337 3090,1337 3135,1334 3180,1337 3225,1334 3269,1337 3314,1337 3359,1337 3404,1334 3449,1334 3493,1337 3538,1334 3583,1337 3628,1337 3673,1337 3717,1343 3762,1343 3807,1343 3852,1346 3897,1340 3941,1340 3986,1337 4031,1340"/>
                <TextEquiv>
                    <Unicode>entrißen mir die wenigen Freunde. Es ist eben</Unicode>
                </TextEquiv>
            </TextLine>
            <TextLine id="tr_1_tl_13" custom="readingOrder {index:12;}">
                <Coords points="347,1388 734,1360 850,1426 1400,1452 1530,1367 1913,1395 2057,1365 2057,1310 1941,1268 1620,1327 1405,1268 1292,1336 1093,1334 765,1266 347,1313"/>
                <Baseline points="361,1355 406,1358 450,1358 495,1358 540,1358 585,1358 630,1358 674,1361 719,1361 764,1361 809,1361 854,1358 898,1358 943,1358 988,1358 1033,1358 1078,1358 1122,1358 1167,1361 1212,1361 1257,1364 1301,1364 1346,1361 1391,1358 1436,1358 1481,1358 1525,1355 1570,1355 1615,1358 1660,1355 1705,1352 1749,1352 1794,1349 1839,1349 1884,1352 1929,1355 1973,1352 2018,1352 2063,1352"/>
                <TextEquiv>
                    <Unicode>verbietet es, wenn man sich von der ersten</Unicode>
                </TextEquiv>
            </TextLine>
            <TextLine id="tr_1_tl_14" custom="readingOrder {index:13;}">
                <Coords points="2387,1495 3384,1481 3483,1537 3688,1478 4002,1506 4002,1436 2385,1367"/>
                <Baseline points="2400,1460 2445,1460 2490,1463 2535,1466 2580,1466 2624,1472 2669,1469 2714,1469 2759,1472 2804,1472 2848,1469 2893,1469 2938,1469 2983,1472 3028,1472 3072,1469 3117,1469 3162,1469 3207,1469 3251,1469 3296,1472 3341,1475 3386,1475 3431,1475 3475,1478 3520,1478 3565,1478 3610,1478 3655,1475 3699,1478 3744,1478 3789,1478 3834,1478 3879,1481 3923,1481 3968,1484 4007,1484"/>
                <TextEquiv>
                    <Unicode>selbst der Teilnahmsvollste nicht immer in</Unicode>
                </TextEquiv>
            </TextLine>
            <TextLine id="tr_1_tl_15" custom="readingOrder {index:14;}">
                <Coords points="354,1537 545,1506 697,1563 796,1499 1044,1492 1275,1554 1530,1497 1608,1563 1818,1476 2135,1542 2120,1381 732,1459 357,1388"/>
                <Baseline points="367,1496 391,1499 435,1496 480,1499 525,1496 570,1496 615,1496 659,1493 704,1496 749,1496 794,1493 839,1493 883,1493 928,1493 973,1490 1018,1490 1063,1490 1107,1490 1152,1490 1197,1490 1242,1490 1287,1490 1331,1487 1376,1487 1421,1487 1466,1487 1511,1484 1555,1484 1600,1481 1645,1478 1690,1478 1734,1478 1779,1475 1824,1475 1869,1475 1914,1475 1958,1475 2003,1472 2048,1475 2093,1472 2138,1472"/>
                <TextEquiv>
                    <Unicode>Löhmung des Willens erholt hat., baldmöglichst</Unicode>
                </TextEquiv>
            </TextLine>
            <TextLine id="tr_1_tl_16" custom="readingOrder {index:15;}">
                <Coords points="345,1658 900,1676 989,1625 1124,1674 1339,1620 1414,1695 1606,1648 1700,1686 2090,1615 2090,1558 1981,1528 1901,1582 1724,1504 1613,1563 1346,1530 1277,1587 1188,1532 989,1596 579,1530 345,1591"/>
                <Baseline points="358,1630 394,1633 438,1630 483,1627 528,1627 573,1624 618,1627 662,1624 707,1624 752,1624 797,1627 842,1624 886,1624 931,1624 976,1624 1021,1624 1066,1624 1110,1624 1155,1627 1200,1624 1245,1621 1290,1618 1334,1618 1379,1618 1424,1615 1469,1618 1514,1618 1558,1618 1603,1615 1648,1618 1693,1615 1737,1612 1782,1615 1827,1615 1872,1612 1917,1612 1961,1609 2006,1609 2051,1606 2096,1609"/>
                <TextEquiv>
                    <Unicode>den Fehlergutzumachen. Nach dem Gesetz der</Unicode>
                </TextEquiv>
            </TextLine>
            <TextLine id="tr_1_tl_17" custom="readingOrder {index:16;}">
                <Coords points="2347,1639 2789,1636 2902,1684 3048,1636 3233,1691 3502,1629 4057,1643 4057,1582 3875,1544 3582,1599 3183,1525 2779,1599 2465,1511 2347,1549"/>
                <Baseline points="2359,1612 2403,1618 2448,1621 2493,1624 2538,1624 2583,1624 2627,1627 2672,1627 2717,1627 2762,1624 2807,1624 2851,1624 2896,1621 2941,1621 2986,1621 3031,1621 3075,1621 3120,1618 3165,1615 3210,1618 3254,1621 3299,1624 3344,1624 3389,1624 3434,1624 3478,1627 3523,1627 3568,1627 3613,1627 3658,1630 3702,1630 3747,1627 3792,1627 3837,1630 3882,1633 3926,1633 3971,1630 4016,1630 4061,1633"/>
                <TextEquiv>
                    <Unicode>Das Stimmung, kurzsichtigen Unverstand von</Unicode>
                </TextEquiv>
            </TextLine>
            <TextLine id="tr_1_tl_18" custom="readingOrder {index:17;}">
                <Coords points="375,1790 541,1830 699,1764 812,1821 1370,1764 1594,1821 1698,1764 2102,1771 2104,1721 1020,1736 885,1691 508,1733 378,1686"/>
                <Baseline points="389,1775 406,1776 450,1773 495,1770 540,1767 585,1764 630,1764 674,1761 719,1764 764,1761 809,1764 854,1764 898,1767 943,1767 988,1770 1033,1773 1078,1776 1122,1773 1167,1773 1212,1767 1257,1767 1301,1764 1346,1764 1391,1761 1436,1761 1481,1758 1525,1758 1570,1758 1615,1755 1660,1755 1705,1755 1749,1755 1794,1755 1839,1755 1884,1755 1929,1755 1973,1752 2018,1749 2063,1749 2108,1746"/>
                <TextEquiv>
                    <Unicode>Trägheit geht man den einmal genommenen</Unicode>
                </TextEquiv>
            </TextLine>
            <TextLine id="tr_1_tl_19" custom="readingOrder {index:18;}">
                <Coords points="2399,1785 2727,1839 2956,1778 4066,1802 4028,1721 3846,1752 3591,1667 3440,1743 3336,1691 2928,1731 2819,1674 2607,1719 2399,1676"/>
                <Baseline points="2412,1758 2457,1770 2502,1776 2547,1779 2592,1779 2636,1776 2681,1776 2726,1773 2771,1770 2815,1770 2860,1773 2905,1773 2950,1770 2995,1773 3039,1773 3084,1770 3129,1767 3174,1770 3219,1773 3263,1773 3308,1773 3353,1773 3398,1773 3443,1770 3487,1773 3532,1773 3577,1770 3622,1773 3667,1776 3711,1776 3756,1779 3801,1779 3846,1782 3891,1785 3935,1782 3980,1782 4025,1782 4070,1788 4073,1788"/>
                <TextEquiv>
                    <Unicode>Hochmut, Eigentändichkeit und Schrullen von</Unicode>
                </TextEquiv>
            </TextLine>
            <TextLine id="tr_1_tl_20" custom="readingOrder {index:19;}">
                <Coords points="378,1934 522,1962 737,1903 831,1965 909,1910 1672,1887 1837,1941 1913,1884 2078,1889 2078,1795 2014,1785 1887,1846 1714,1797 1601,1849 1476,1802 1247,1856 380,1828"/>
                <Baseline points="394,1908 427,1899 471,1896 516,1893 561,1893 606,1893 650,1893 695,1893 740,1893 785,1893 830,1893 874,1896 919,1893 964,1896 1009,1896 1054,1893 1098,1893 1143,1893 1188,1893 1233,1893 1278,1893 1322,1893 1367,1890 1412,1890 1457,1890 1502,1890 1546,1887 1591,1884 1636,1881 1681,1881 1726,1881 1770,1878 1815,1878 1860,1875 1905,1875 1949,1872 1994,1872 2039,1869 2084,1866"/>
                <TextEquiv>
                    <Unicode>Weg verdrossen oder ratlos wetter, und</Unicode>
                </TextEquiv>
            </TextLine>
            <TextLine id="tr_1_tl_21" custom="readingOrder {index:20;}">
                <Coords points="2390,1927 2555,1969 2718,1922 2824,1995 3004,1913 3707,1910 3776,1960 4016,1910 4016,1839 3915,1828 3776,1865 3341,1821 3199,1875 2985,1835 2864,1882 2562,1854 2390,1764"/>
                <Baseline points="2403,1920 2406,1917 2451,1917 2496,1920 2541,1920 2586,1920 2630,1917 2675,1917 2720,1917 2765,1917 2810,1917 2854,1917 2899,1914 2944,1911 2989,1911 3033,1914 3078,1911 3123,1911 3168,1911 3213,1914 3257,1914 3302,1914 3347,1914 3392,1914 3437,1911 3481,1911 3526,1911 3571,1908 3616,1908 3661,1905 3705,1902 3750,1905 3795,1902 3840,1902 3885,1902 3929,1902 3974,1899 4019,1902"/>
                <TextEquiv>
                    <Unicode>Überhebung zu sondern. Sollte Mittwoch, den</Unicode>
                </TextEquiv>
            </TextLine>
            <TextLine id="tr_1_tl_22" custom="readingOrder {index:21;}">
                <Coords points="397,2073 829,2040 949,2099 1145,2033 1490,2026 1797,2076 1903,2028 1998,2109 2038,1991 1948,1943 1617,1983 1516,1920 1344,1983 399,1972"/>
                <Baseline points="409,2042 427,2045 471,2045 516,2045 561,2039 606,2039 650,2039 695,2039 740,2039 785,2036 830,2036 874,2036 919,2033 964,2030 1009,2033 1054,2030 1098,2030 1143,2030 1188,2027 1233,2030 1278,2030 1322,2027 1367,2027 1412,2024 1457,2024 1502,2024 1546,2024 1591,2021 1636,2021 1681,2024 1726,2021 1770,2024 1815,2024 1860,2021 1905,2021 1949,2018 1994,2018 2039,2018"/>
                <TextEquiv>
                    <Unicode>bevor man sich von der Überrumplung</Unicode>
                </TextEquiv>
            </TextLine>
            <TextLine id="tr_1_tl_23" custom="readingOrder {index:22;}">
                <Coords points="2359,2045 2763,2054 3020,2120 3166,2054 3993,2068 3927,1983 3759,2012 3639,1934 3327,2012 2961,1950 2812,2007 2359,1957"/>
                <Baseline points="2371,2027 2415,2030 2460,2033 2505,2036 2550,2042 2595,2042 2639,2045 2684,2045 2729,2045 2774,2045 2818,2039 2863,2042 2908,2042 2953,2045 2998,2045 3042,2048 3087,2045 3132,2045 3177,2045 3222,2048 3266,2048 3311,2048 3356,2045 3401,2045 3446,2045 3490,2042 3535,2042 3580,2039 3625,2039 3670,2042 3714,2042 3759,2042 3804,2042 3849,2042 3894,2042 3938,2042 3983,2048 3998,2045"/>
                <TextEquiv>
                    <Unicode>5. Mai um 9h früh meinerseits Ihnen gegen</Unicode>
                </TextEquiv>
            </TextLine>
            <TextLine id="tr_1_tl_24" custom="readingOrder {index:23;}">
                <Coords points="373,2198 564,2243 649,2184 1093,2227 1957,2168 2076,2227 2076,2099 1953,2066 1717,2139 1537,2076 1386,2130 373,2090"/>
                <Baseline points="385,2182 424,2179 468,2176 513,2173 558,2173 603,2173 648,2173 692,2173 737,2173 782,2176 827,2176 871,2179 916,2179 961,2176 1006,2176 1051,2176 1095,2176 1140,2173 1185,2173 1230,2170 1275,2170 1319,2167 1364,2165 1409,2165 1454,2167 1499,2165 1543,2165 1588,2165 1633,2165 1678,2167 1723,2165 1767,2162 1812,2162 1857,2162 1902,2159 1947,2159 1991,2159 2036,2159 2081,2156"/>
                <TextEquiv>
                    <Unicode>durch die selbstverschuldeten Erntgnisse frei¬</Unicode>
                </TextEquiv>
            </TextLine>
            <TextLine id="tr_1_tl_25" custom="readingOrder {index:24;}">
                <Coords points="2359,2210 2895,2175 3303,2243 4009,2201 4007,2127 3906,2092 3787,2151 3719,2092 3573,2123 3495,2073 3079,2142 2848,2085 2706,2149 2489,2071 2357,2144"/>
                <Baseline points="2371,2167 2415,2170 2460,2167 2505,2170 2550,2173 2595,2173 2639,2176 2684,2173 2729,2173 2774,2173 2818,2170 2863,2170 2908,2170 2953,2170 2998,2173 3042,2173 3087,2173 3132,2173 3177,2173 3222,2173 3266,2173 3311,2176 3356,2176 3401,2176 3446,2173 3490,2176 3535,2173 3580,2173 3625,2173 3670,2173 3714,2173 3759,2173 3804,2173 3849,2170 3894,2173 3938,2173 3983,2173 4016,2170"/>
                <TextEquiv>
                    <Unicode>über eine Kette neuerlicher Verstöße oder</Unicode>
                </TextEquiv>
            </TextLine>
            <TextLine id="tr_1_tl_26" custom="readingOrder {index:25;}">
                <Coords points="392,2375 1053,2368 1155,2312 1750,2383 1887,2307 2087,2312 2087,2222 394,2274"/>
                <Baseline points="406,2320 435,2317 480,2314 525,2314 570,2317 615,2317 659,2317 704,2317 749,2320 794,2320 839,2320 883,2317 928,2314 973,2314 1018,2314 1063,2314 1107,2314 1152,2314 1197,2311 1242,2308 1287,2308 1331,2305 1376,2305 1421,2302 1466,2305 1511,2305 1555,2302 1600,2299 1645,2302 1690,2302 1734,2299 1779,2296 1824,2296 1869,2290 1914,2290 1958,2287 2003,2284 2048,2281 2093,2284"/>
                <TextEquiv>
                    <Unicode>gemacht hat, sagt man sicher „Jetzt ist schon</Unicode>
                </TextEquiv>
            </TextLine>
            <TextLine id="tr_1_tl_27" custom="readingOrder {index:26;}">
                <Coords points="2368,2347 2687,2328 2798,2375 3077,2319 3289,2380 3492,2326 3719,2373 4059,2328 4059,2279 3920,2231 3738,2286 3353,2217 3277,2283 2793,2203 2607,2236 2501,2179 2368,2220"/>
                <Baseline points="2382,2320 2406,2317 2451,2314 2496,2317 2541,2317 2586,2314 2630,2317 2675,2317 2720,2317 2765,2314 2810,2314 2854,2314 2899,2314 2944,2314 2989,2317 3033,2314 3078,2314 3123,2314 3168,2314 3213,2314 3257,2314 3302,2317 3347,2320 3392,2317 3437,2317 3481,2317 3526,2314 3571,2314 3616,2314 3661,2314 3705,2314 3750,2317 3795,2317 3840,2314 3885,2314 3929,2314 3974,2314 4019,2311 4064,2314"/>
                <TextEquiv>
                    <Unicode>Sinnestäuschungen vorgefallen sein, so wäre</Unicode>
                </TextEquiv>
            </TextLine>
            <TextLine id="tr_1_tl_28" custom="readingOrder {index:27;}">
                <Coords points="390,2479 1077,2527 1176,2468 1528,2489 1608,2444 1769,2510 2035,2496 2123,2465 2123,2352 1405,2408 1058,2373 994,2425 484,2375 390,2425"/>
                <Baseline points="403,2463 427,2460 471,2457 516,2457 561,2457 606,2457 650,2457 695,2457 740,2460 785,2460 830,2460 874,2460 919,2460 964,2457 1009,2457 1054,2457 1098,2454 1143,2454 1188,2457 1233,2454 1278,2451 1322,2448 1367,2445 1412,2451 1457,2448 1502,2448 1546,2445 1591,2445 1636,2442 1681,2442 1726,2442 1770,2442 1815,2442 1860,2439 1905,2439 1949,2439 1994,2439 2039,2445 2084,2442 2129,2445"/>
                <TextEquiv>
                    <Unicode>Alles gleichgültig. Ich würde derantige Erlebnisse</Unicode>
                </TextEquiv>
            </TextLine>
            <TextLine id="tr_1_tl_29" custom="readingOrder {index:28;}">
                <Coords points="2364,2460 2597,2468 2663,2524 2930,2460 3348,2522 3518,2453 3943,2463 3906,2383 3724,2368 3320,2423 2364,2383"/>
                <Baseline points="2377,2460 2380,2460 2424,2457 2469,2460 2514,2460 2559,2460 2603,2463 2648,2463 2693,2463 2738,2463 2783,2460 2827,2463 2872,2460 2917,2460 2962,2460 3007,2457 3051,2454 3096,2454 3141,2457 3186,2457 3231,2454 3275,2454 3320,2457 3365,2457 3410,2457 3455,2454 3499,2451 3544,2448 3589,2448 3634,2448 3679,2448 3723,2448 3768,2448 3813,2445 3858,2445 3902,2442 3947,2445"/>
                <TextEquiv>
                    <Unicode>es mir sehr lieb, wenn ich von allerhand</Unicode>
                </TextEquiv>
            </TextLine>
            <TextLine id="tr_1_tl_30" custom="readingOrder {index:29;}">
                <Coords points="385,2626 654,2666 944,2597 1327,2642 1887,2588 2076,2663 2099,2505 385,2536"/>
                <Baseline points="397,2598 400,2595 444,2600 489,2598 534,2598 579,2598 624,2598 668,2600 713,2600 758,2600 803,2600 848,2600 892,2598 937,2598 982,2595 1027,2592 1072,2592 1116,2589 1161,2589 1206,2589 1251,2589 1296,2589 1340,2586 1385,2589 1430,2589 1475,2586 1519,2586 1564,2583 1609,2580 1654,2580 1699,2583 1743,2583 1788,2583 1833,2580 1878,2577 1923,2577 1967,2577 2012,2577 2057,2574 2102,2571"/>
                <TextEquiv>
                    <Unicode>trotz ihrer Wiederkehr gewiß nicht so trägisch</Unicode>
                </TextEquiv>
            </TextLine>
            <TextLine id="tr_1_tl_31" custom="readingOrder {index:30;}">
                <Coords points="2380,2604 3060,2656 3150,2607 3233,2649 3320,2602 3903,2630 3962,2619 3962,2510 3573,2557 3436,2510 3320,2574 3105,2515 3025,2564 2926,2498 2770,2548 2602,2505 2380,2534"/>
                <Baseline points="2394,2589 2439,2595 2484,2598 2529,2598 2574,2600 2618,2600 2663,2600 2708,2600 2753,2603 2798,2603 2842,2606 2887,2606 2932,2606 2977,2606 3022,2603 3066,2603 3111,2600 3156,2600 3201,2600 3246,2600 3290,2598 3335,2600 3380,2600 3425,2600 3469,2600 3514,2598 3559,2598 3604,2595 3649,2595 3693,2592 3738,2589 3783,2589 3828,2589 3873,2589 3917,2592 3962,2595 3968,2595"/>
                <TextEquiv>
                    <Unicode>Auswanden Betrachtungen befreit würde.</Unicode>
                </TextEquiv>
            </TextLine>
            <TextLine id="tr_1_tl_32" custom="readingOrder {index:31;}">
                <Coords points="4158,2694 4170,2697 4177,2692 4191,2704 4208,2704 4234,2725 4243,2720 4264,2720 4267,2609 4255,2609 4238,2595 4222,2604 4189,2574 4163,2574"/>
                <Baseline points="4171,2693 4216,2693 4261,2690 4270,2693"/>
                <TextEquiv>
                    <Unicode>821</Unicode>
                </TextEquiv>
            </TextLine>
            <TextLine id="tr_1_tl_33" custom="readingOrder {index:32;}">
                <Coords points="364,2751 470,2812 560,2756 692,2810 914,2734 1166,2782 1471,2718 1783,2765 1969,2725 1969,2671 1844,2626 1521,2689 1433,2638 914,2704 366,2671"/>
                <Baseline points="376,2741 409,2741 453,2741 498,2744 543,2741 588,2741 633,2741 677,2738 722,2738 767,2738 812,2738 857,2738 901,2735 946,2732 991,2729 1036,2729 1081,2726 1125,2726 1170,2726 1215,2723 1260,2723 1304,2723 1349,2720 1394,2720 1439,2720 1484,2717 1528,2717 1573,2711 1618,2711 1663,2711 1708,2711 1752,2711 1797,2708 1842,2711 1887,2708 1932,2708 1976,2705"/>
                <TextEquiv>
                    <Unicode>nehmen, wenn ich nicht wußte, wie sehr</Unicode>
                </TextEquiv>
            </TextLine>
            <TextLine id="tr_1_tl_34" custom="readingOrder {index:33;}">
                <Coords points="2375,2791 2555,2753 2621,2800 2732,2737 2961,2800 3067,2746 3575,2727 3653,2770 3920,2713 3998,2753 4016,2633 3830,2642 3773,2593 3613,2692 3391,2649 2845,2697 2378,2607"/>
                <Baseline points="2388,2717 2406,2720 2451,2729 2496,2732 2541,2732 2586,2732 2630,2735 2675,2735 2720,2735 2765,2735 2810,2738 2854,2738 2899,2738 2944,2741 2989,2738 3033,2738 3078,2735 3123,2735 3168,2735 3213,2732 3257,2732 3302,2729 3347,2729 3392,2729 3437,2729 3481,2726 3526,2726 3571,2726 3616,2723 3661,2720 3705,2717 3750,2717 3795,2714 3840,2714 3885,2711 3929,2714 3974,2711 4019,2714"/>
                <TextEquiv>
                    <Unicode>fast scheint es so, als stellte ich die un¬</Unicode>
                </TextEquiv>
            </TextLine>
            <TextLine id="tr_1_tl_35" custom="readingOrder {index:34;}">
                <Coords points="397,2890 645,2878 708,2928 949,2874 1072,2928 1851,2859 2031,2902 2033,2793 1436,2817 1346,2777 1251,2834 1176,2789 909,2815 819,2760 647,2822 399,2817"/>
                <Baseline points="409,2875 424,2875 468,2878 513,2875 558,2875 603,2875 648,2875 692,2875 737,2875 782,2875 827,2878 871,2878 916,2872 961,2872 1006,2872 1051,2869 1095,2869 1140,2869 1185,2869 1230,2869 1275,2866 1319,2866 1364,2863 1409,2863 1454,2860 1499,2860 1543,2857 1588,2857 1633,2854 1678,2854 1723,2854 1767,2854 1812,2857 1857,2854 1902,2857 1947,2854 1991,2854 2036,2848"/>
                <TextEquiv>
                    <Unicode>derartige Unterlassungssinden dem Selbst¬</Unicode>
                </TextEquiv>
            </TextLine>
            <TextLine id="tr_1_tl_36" custom="readingOrder {index:35;}">
                <Coords points="2390,2878 2541,2926 2855,2855 3315,2916 3504,2864 3589,2930 3726,2876 3995,2883 3995,2824 3821,2770 3450,2808 3174,2758 3074,2824 2921,2777 2841,2819 2390,2793"/>
                <Baseline points="2403,2860 2433,2863 2478,2863 2523,2863 2568,2863 2612,2860 2657,2860 2702,2860 2747,2860 2792,2857 2836,2854 2881,2854 2926,2854 2971,2854 3016,2857 3060,2857 3105,2860 3150,2857 3195,2857 3240,2857 3284,2860 3329,2860 3374,2860 3419,2860 3464,2860 3508,2860 3553,2860 3598,2860 3643,2857 3687,2854 3732,2854 3777,2851 3822,2851 3867,2854 3911,2854 3956,2854 4001,2857"/>
                <TextEquiv>
                    <Unicode>möglichsten Dinge bloß zu dem Zweckte an</Unicode>
                </TextEquiv>
            </TextLine>
            <TextLine id="tr_1_tl_37" custom="readingOrder {index:36;}">
                <Coords points="406,3029 630,3110 933,3018 1216,3025 1322,3086 1582,3004 1835,3055 2033,3006 2035,2926 406,2961"/>
                <Baseline points="418,3019 424,3016 468,3016 513,3016 558,3016 603,3019 648,3019 692,3022 737,3022 782,3022 827,3019 871,3016 916,3016 961,3016 1006,3013 1051,3010 1095,3013 1140,3010 1185,3010 1230,3007 1275,3007 1319,3007 1364,3010 1409,3010 1454,3007 1499,3004 1543,2998 1588,3001 1633,3001 1678,3001 1723,3001 1767,2998 1812,2998 1857,2998 1902,2998 1947,2995 1991,2992 2036,2995"/>
                <TextEquiv>
                    <Unicode>Vernichtungstrieben entsprechen, krankhaftes</Unicode>
                </TextEquiv>
            </TextLine>
            <TextLine id="tr_1_tl_38" custom="readingOrder {index:37;}">
                <Coords points="2375,3008 2692,3060 2786,3011 2940,3067 3060,3013 3256,3060 3530,3018 3629,3074 4066,2970 3757,2900 3561,2978 3388,2907 3107,2978 3022,2928 2689,2966 2571,2919 2375,2975"/>
                <Baseline points="2388,3001 2433,3001 2478,2998 2523,2998 2568,3001 2612,2998 2657,3001 2702,3001 2747,2998 2792,3001 2836,2995 2881,2995 2926,2998 2971,2995 3016,2998 3060,3001 3105,3007 3150,3007 3195,3007 3240,3010 3284,3007 3329,3007 3374,3007 3419,3004 3464,3007 3508,3007 3553,3007 3598,3007 3643,3004 3687,3004 3732,3004 3777,3004 3822,3001 3867,3001 3911,3001 3956,3001 4001,3001 4046,3001 4073,3001"/>
                <TextEquiv>
                    <Unicode>mich nachträglich entschuldigen zu können.</Unicode>
                </TextEquiv>
            </TextLine>
            <TextLine id="tr_1_tl_39" custom="readingOrder {index:38;}">
                <Coords points="430,3171 586,3209 1294,3155 1540,3214 1599,3169 1880,3202 1981,3159 1955,3070 1802,3126 1603,3060 1211,3117 919,3074 800,3138 590,3112 503,3048 432,3077"/>
                <Baseline points="444,3156 465,3156 510,3159 555,3162 600,3168 645,3171 689,3171 734,3171 779,3171 824,3165 868,3165 913,3162 958,3159 1003,3159 1048,3156 1092,3159 1137,3156 1182,3156 1227,3156 1272,3153 1316,3153 1361,3153 1406,3153 1451,3156 1496,3156 1540,3156 1585,3153 1630,3153 1675,3150 1720,3150 1764,3150 1809,3150 1854,3147 1899,3147 1944,3144 1988,3144"/>
                <TextEquiv>
                    <Unicode>Benehmen dem davon Betroffenen nicht</Unicode>
                </TextEquiv>
            </TextLine>
            <TextLine id="tr_1_tl_40" custom="readingOrder {index:39;}">
                <Coords points="2368,3185 2734,3162 2841,3214 2930,3159 3091,3223 3185,3166 3244,3218 3601,3169 3913,3216 4066,3166 3931,3044 3849,3122 3568,3044 3211,3114 3119,3037 2996,3103 2937,3060 2593,3126 2453,3027 2368,3063"/>
                <Baseline points="2382,3171 2415,3171 2460,3165 2505,3165 2550,3162 2595,3162 2639,3162 2684,3159 2729,3159 2774,3159 2818,3159 2863,3156 2908,3156 2953,3156 2998,3156 3042,3156 3087,3156 3132,3156 3177,3159 3222,3156 3266,3156 3311,3156 3356,3156 3401,3156 3446,3156 3490,3153 3535,3153 3580,3153 3625,3150 3670,3150 3714,3150 3759,3153 3804,3153 3849,3153 3894,3153 3938,3153 3983,3153 4028,3150 4073,3150"/>
                <TextEquiv>
                    <Unicode>Nie tat ich das Plausible, seit jeher schon</Unicode>
                </TextEquiv>
            </TextLine>
            <TextLine id="tr_1_tl_41" custom="readingOrder {index:40;}">
                <Coords points="2397,3313 2623,3320 2682,3374 2772,3315 2949,3372 3296,3313 3355,3358 3563,3308 3896,3351 4012,3296 4014,3211 2937,3282 2760,3230 2397,3247"/>
                <Baseline points="2409,3308 2448,3305 2493,3305 2538,3302 2583,3302 2627,3299 2672,3305 2717,3299 2762,3302 2807,3302 2851,3302 2896,3305 2941,3302 2986,3305 3031,3305 3075,3299 3120,3299 3165,3299 3210,3299 3254,3299 3299,3299 3344,3299 3389,3302 3434,3299 3478,3296 3523,3293 3568,3293 3613,3290 3658,3290 3702,3290 3747,3293 3792,3296 3837,3296 3882,3296 3926,3293 3971,3293 4016,3290"/>
                <TextEquiv>
                    <Unicode>war ich mir ziemlich wehrlos ausgesetzt</Unicode>
                </TextEquiv>
            </TextLine>
            <TextLine id="tr_1_tl_42" custom="readingOrder {index:41;}">
                <Coords points="468,3367 836,3310 1261,3355 1537,3313 1804,3393 2047,3353 2047,3247 1844,3256 1736,3183 1627,3256 1421,3228 1084,3289 954,3204 812,3263 468,3247"/>
                <Baseline points="480,3308 525,3311 570,3314 615,3314 659,3314 704,3314 749,3311 794,3308 839,3308 883,3308 928,3308 973,3305 1018,3308 1063,3308 1107,3308 1152,3308 1197,3305 1242,3305 1287,3305 1331,3302 1376,3302 1421,3302 1466,3302 1511,3302 1555,3302 1600,3302 1645,3302 1690,3302 1734,3302 1779,3305 1824,3302 1869,3305 1914,3305 1958,3308 2003,3314 2048,3320 2054,3320"/>
                <TextEquiv>
                    <Unicode>gerade das Leben erleichtert. Das schlechter</Unicode>
                </TextEquiv>
            </TextLine>
            <TextLine id="tr_1_tl_43" custom="readingOrder {index:42;}">
                <Coords points="2411,3455 2574,3511 2902,3499 3044,3438 3268,3514 4052,3511 4052,3360 3877,3344 3433,3398 3327,3332 3204,3405 3006,3372 2857,3414 2411,3362"/>
                <Baseline points="2424,3449 2445,3446 2490,3443 2535,3443 2580,3443 2624,3443 2669,3443 2714,3440 2759,3443 2804,3440 2848,3440 2893,3440 2938,3440 2983,3437 3028,3437 3072,3437 3117,3437 3162,3437 3207,3434 3251,3434 3296,3434 3341,3434 3386,3434 3431,3437 3475,3437 3520,3437 3565,3440 3610,3440 3655,3440 3699,3440 3744,3440 3789,3437 3834,3437 3879,3437 3923,3437 3968,3437 4013,3440 4058,3437"/>
                <TextEquiv>
                    <Unicode>und wenn es irgend anginge, zöge ich</Unicode>
                </TextEquiv>
            </TextLine>
            <TextLine id="tr_1_tl_44" custom="readingOrder {index:43;}">
                <Coords points="446,3485 1662,3521 1924,3462 2033,3518 2033,3391 1849,3370 1523,3410 893,3365 812,3414 647,3379 567,3438 446,3400"/>
                <Baseline points="459,3455 504,3461 549,3464 594,3464 639,3464 683,3466 728,3466 773,3464 818,3464 863,3464 907,3461 952,3464 997,3461 1042,3461 1086,3458 1131,3452 1176,3449 1221,3446 1266,3446 1310,3449 1355,3449 1400,3449 1445,3449 1490,3449 1534,3449 1579,3455 1624,3455 1669,3458 1714,3461 1758,3461 1803,3461 1848,3461 1893,3461 1938,3461 1982,3464 2027,3466 2039,3466"/>
                <TextEquiv>
                    <Unicode>werdende Gehör trägt auch nicht dazu bei,</Unicode>
                </TextEquiv>
            </TextLine>
            <TextLine id="tr_1_tl_45" custom="readingOrder {index:44;}">
                <Coords points="1981,3738 2000,3743 2014,3740 2021,3747 2035,3735 2064,3735 2068,3667 2054,3667 2045,3660 2040,3662 2033,3655 2019,3660 2009,3658 2000,3667 1986,3662"/>
                <Baseline points="1994,3735 2024,3735 2069,3732"/>
                <TextEquiv>
                    <Unicode>G.C.</Unicode>
                </TextEquiv>
            </TextLine>
        </TextRegion>
    </Page>
</PcGts>
