4472 5144
892 289 3474 517 sowie meinen Baber einfenden. Kurze Kritiken über
909 496 3584 735 Belletristika einschicken, was mir Auernheimer gestattete,
899 695 3591 884 mag ich nicht; ich sehne mich nciht danach, mich mit irgend¬
909 838 3523 1091 welchen Literaten durch Tauschhandel zu verfreunden
906 988 3723 1273 in meines gegenwärtigen Stimmung würde ich übrigens
870 1123 3513 1405 selbst den Herrgott zu Diskreditieren versuchen, und
917 1309 3474 1562 Das eine wie das andere darf doch eigentlich nur
870 1476 3481 1730 einer, der durch eigene Schöpfungen öffentlich einen
917 1651 3210 1904 gewissen Besähigungsnachweis erbracht hat.
906 1812 3374 2047 Die Notiz über die von ihm empfohlene Dissertation
895 1972 3538 2190 wurde den historiker umgänglicher machen, der Baber
917 2225 3520 2382 – den ich sonst in aller Eile anderweitig unterzubringen
949 2322 3481 2532 Das gefährliche und bei meinem Mangel an Beziehungen
941 2504 3516 2700 auch aussichtslose Magnis unternehmen müßte – würde
934 2639 3506 2896 ihm imponieren, den Geographieprofessor, der aus
959 2814 3598 3010 Die Memoiren dieses Regenten namhaft machte, freuen.
863 2953 3645 3167 Daher, um sozusagen als Respektsperson wenigstens
874 3124 3463 3399 Gikomen zu entgehen, wäre es mir wirklich sehr
895 3295 3677 3506 angenehm, wenn Herr Auernheimes nicht (wie im Feber)
870 3484 3709 3723 sich ausschließlich darauf beschränkte, in meinen Manuskripten
859 3655 3605 3884 hin und wieder einen Beistrich anzubringen, was mich
870 3809 3638 4008 belustigte, oder ab und zu ein „Sehr schön“ hinzuschreiben,
881 3980 3641 4197 was mich ärgerte. Heute noch würde es mich freuen und
906 4151 3605 4326 mir in vider Beziehung helfen, wenn die Presse oder sonst
856 4280 3609 4501 ein Blatt mich lancierte, in ein bis zwei Jahren, wenn ich
856 4426 3556 4643 einen Posten habe, wird es mir sehr gleichgültig sein, ob
845 4615 3659 4847 mein Name in einer Zeitung steht, oder ob ich ihn mit dem
881 4811 3748 5021 Schazierstock auf einen in der Sonne zerrinnenden Schnehaufen schreiben
3962 977 4215 1120 Doque
3962 1116 4201 1266 r
3987 1498 4187 1658 G.H.F.P.
3912 2864 4215 3056 Doops
3919 2999 4315 3185 G.C.F.S.
3909 3138 4230 3299 PTAOLco
3919 3277 4244 3413 D'Àuvre Même
3909 3395 4269 3566 Draczson
4001 4094 4215 4190 G.C.H.P.P
4019 4219 4290 4379 P.P.F.P
3994 4397 4233 4508 G.C.H.F.P
