<?xml version="1.0" encoding="UTF-8" standalone="yes"?>
<PcGts xmlns="http://schema.primaresearch.org/PAGE/gts/pagecontent/2013-07-15" xmlns:xsi="http://www.w3.org/2001/XMLSchema-instance" xsi:schemaLocation="http://schema.primaresearch.org/PAGE/gts/pagecontent/2013-07-15 http://schema.primaresearch.org/PAGE/gts/pagecontent/2013-07-15/pagecontent.xsd">
    <Metadata>
        <Creator>prov=READ-COOP:name=TrHtr:version=2.1.0:model_id=51170:date=25_07_2023_01:05</Creator>
        <Created>2023-05-01T21:53:35.218+02:00</Created>
        <LastChange>2023-07-25T01:05:09.400+02:00</LastChange>
        <TranskribusMetadata docId="1416423" pageId="54945735" pageNr="44" tsid="130579673" status="IN_PROGRESS" userId="64420" imgUrl="https://files.transkribus.eu/Get?id=ZILTIDECVMCUPGAVXLMTTLCP&amp;fileType=view" xmlUrl="https://files.transkribus.eu/Get?id=SGWQFPSUTWSERXUEGHPKFLYS" imageId="44449820"/>
    </Metadata>
    <Page imageFilename="1416423_0044.jpg" imageWidth="4419" imageHeight="4394">
        <ReadingOrder>
            <OrderedGroup id="ro_1711832233647" caption="Regions reading order">
                <RegionRefIndexed index="0" regionRef="tr_1"/>
            </OrderedGroup>
        </ReadingOrder>
        <TextRegion id="tr_1" custom="readingOrder {index:0;}">
            <Coords points="2191,594 4250,594 4250,3195 2191,3195"/>
            <TextLine id="tr_1_tl_1" custom="readingOrder {index:0;}">
                <Coords points="2639,694 2932,692 2976,659 3220,701 3366,654 3770,690 3830,679 3832,585 3506,612 3304,574 3244,610 3133,554 2967,590 2914,565 2854,621 2641,608"/>
                <Baseline points="2650,671 2671,671 2716,665 2761,665 2805,662 2850,659 2895,659 2940,659 2985,662 3029,656 3074,656 3119,659 3164,662 3208,662 3253,653 3298,650 3343,650 3388,650 3432,650 3477,656 3522,656 3567,653 3611,647 3656,650 3701,650 3746,650 3791,644 3835,644"/>
                <TextEquiv>
                    <Unicode>Ce sposse aeee ouueis ou ces</Unicode>
                </TextEquiv>
            </TextLine>
            <TextLine id="tr_1_tl_2" custom="readingOrder {index:1;}">
                <Coords points="3996,794 4089,805 4129,781 4156,798 4244,805 4244,710 4222,701 4169,705 4147,692 4118,714 4067,712 4049,694 4029,710 3996,705"/>
                <Baseline points="4008,767 4026,767 4071,767 4116,764 4161,767 4205,767 4250,764"/>
                <TextEquiv>
                    <Unicode>G.C.H.F.P</Unicode>
                </TextEquiv>
            </TextLine>
            <TextLine id="tr_1_tl_3" custom="readingOrder {index:2;}">
                <Coords points="2639,896 3056,905 3169,878 3304,909 3362,874 3424,905 3428,694 3040,679 2889,721 2776,676 2641,705"/>
                <Baseline points="2653,799 2668,799 2713,797 2758,794 2802,791 2847,788 2892,788 2937,788 2982,788 3026,788 3071,785 3116,782 3161,785 3205,785 3250,782 3295,779 3340,782 3385,782 3429,782"/>
                <TextEquiv>
                    <Unicode>CALLEB0A 3G0 NOMBÄ</Unicode>
                </TextEquiv>
            </TextLine>
            <TextLine id="tr_1_tl_4" custom="readingOrder {index:3;}">
                <Coords points="4105,962 4120,962 4129,969 4171,936 4180,938 4191,931 4196,936 4207,936 4215,849 4202,849 4193,843 4184,852 4169,834 4153,829 4145,834 4131,820 4118,823"/>
                <Baseline points="4122,898 4128,898 4173,895 4217,889"/>
                <TextEquiv>
                    <Unicode>1.°</Unicode>
                </TextEquiv>
            </TextLine>
            <TextLine id="tr_1_tl_5" custom="readingOrder {index:4;}">
                <Coords points="2180,1155 3801,1107 3921,1153 3960,1007 3386,1071 2845,1018 2481,1089 2339,1029 2180,1064"/>
                <Baseline points="2191,1119 2217,1119 2262,1119 2307,1119 2352,1122 2396,1122 2441,1122 2486,1119 2531,1119 2576,1116 2620,1119 2665,1119 2710,1119 2755,1119 2799,1116 2844,1116 2889,1116 2934,1116 2979,1113 3023,1113 3068,1110 3113,1107 3158,1107 3202,1107 3247,1107 3292,1107 3337,1104 3382,1107 3426,1107 3471,1107 3516,1107 3561,1104 3605,1104 3650,1101 3695,1101 3740,1098 3785,1095 3829,1095 3874,1095 3919,1092 3964,1098"/>
                <TextEquiv>
                    <Unicode>drängenden Eindruck gemacht. Gerne aber würde ich</Unicode>
                </TextEquiv>
            </TextLine>
            <TextLine id="tr_1_tl_6" custom="readingOrder {index:5;}">
                <Coords points="2218,1308 2728,1326 2889,1268 3042,1315 3340,1262 3650,1342 3940,1297 3943,1177 2220,1211"/>
                <Baseline points="2232,1262 2247,1262 2292,1262 2337,1265 2382,1268 2426,1268 2471,1265 2516,1265 2561,1265 2605,1265 2650,1265 2695,1265 2740,1265 2785,1265 2829,1262 2874,1259 2919,1259 2964,1256 3008,1259 3053,1259 3098,1256 3143,1256 3188,1253 3232,1253 3277,1256 3322,1256 3367,1256 3411,1256 3456,1253 3501,1253 3546,1253 3591,1256 3635,1256 3680,1256 3725,1256 3770,1259 3814,1256 3859,1253 3904,1253 3949,1259"/>
                <TextEquiv>
                    <Unicode>mich z. B. mit Schröeder's Homerübersetzung befassen,</Unicode>
                </TextEquiv>
            </TextLine>
            <TextLine id="tr_1_tl_7" custom="readingOrder {index:6;}">
                <Coords points="2213,1435 2685,1417 2798,1468 2872,1421 3592,1406 3925,1466 3976,1446 3976,1339 3559,1353 3439,1302 3289,1370 3207,1330 3073,1379 2843,1330 2213,1368"/>
                <Baseline points="2226,1417 2235,1417 2280,1414 2325,1414 2370,1414 2414,1414 2459,1414 2504,1414 2549,1411 2594,1408 2638,1408 2683,1411 2728,1411 2773,1408 2817,1408 2862,1408 2907,1408 2952,1408 2996,1411 3041,1411 3086,1414 3131,1411 3176,1411 3220,1411 3265,1411 3310,1405 3355,1408 3399,1405 3444,1402 3489,1402 3534,1402 3579,1399 3623,1399 3668,1399 3713,1399 3758,1399 3802,1399 3847,1399 3892,1399 3937,1399 3982,1399"/>
                <TextEquiv>
                    <Unicode>Wenn mir das Buch dieses epklusiven Autors zugänglich</Unicode>
                </TextEquiv>
            </TextLine>
            <TextLine id="tr_1_tl_8" custom="readingOrder {index:7;}">
                <Coords points="2224,1625 3029,1554 3151,1630 3306,1552 3572,1594 3699,1539 3996,1614 3998,1501 3650,1428 3375,1499 3226,1461 2903,1526 2701,1464 2439,1548 2226,1530"/>
                <Baseline points="2238,1561 2256,1567 2301,1570 2346,1573 2391,1573 2435,1570 2480,1567 2525,1564 2570,1558 2614,1558 2659,1558 2704,1558 2749,1555 2794,1555 2838,1555 2883,1552 2928,1552 2973,1552 3017,1552 3062,1552 3107,1552 3152,1552 3196,1549 3241,1549 3286,1546 3331,1543 3376,1540 3420,1537 3465,1534 3510,1534 3555,1534 3599,1534 3644,1531 3689,1531 3734,1528 3779,1531 3823,1531 3868,1537 3913,1537 3958,1540 4002,1549"/>
                <TextEquiv>
                    <Unicode>wäre. Vielleicht können Sie, hochverehrter Herr Doktos,</Unicode>
                </TextEquiv>
            </TextLine>
            <TextLine id="tr_1_tl_9" custom="readingOrder {index:8;}">
                <Coords points="2242,1721 3652,1727 3790,1670 3991,1692 3994,1614 2244,1634"/>
                <Baseline points="2253,1701 2295,1701 2340,1701 2385,1701 2429,1698 2474,1698 2519,1695 2564,1692 2608,1692 2653,1695 2698,1692 2743,1692 2788,1692 2832,1692 2877,1689 2922,1689 2967,1689 3011,1689 3056,1686 3101,1686 3146,1686 3191,1686 3235,1683 3280,1683 3325,1683 3370,1680 3414,1680 3459,1680 3504,1680 3549,1680 3594,1677 3638,1674 3683,1671 3728,1671 3773,1671 3817,1668 3862,1668 3907,1668 3952,1668 3996,1668"/>
                <TextEquiv>
                    <Unicode>mir raten und zugleich mir eine zweite Frage beant¬</Unicode>
                </TextEquiv>
            </TextLine>
            <TextLine id="tr_1_tl_10" custom="readingOrder {index:9;}">
                <Coords points="2253,1858 2506,1876 2612,1825 2765,1896 2958,1816 3160,1869 3579,1809 3819,1849 3987,1827 3989,1736 2255,1778"/>
                <Baseline points="2265,1832 2292,1835 2337,1832 2382,1832 2426,1829 2471,1829 2516,1826 2561,1823 2605,1823 2650,1820 2695,1820 2740,1817 2785,1817 2829,1820 2874,1817 2919,1814 2964,1814 3008,1814 3053,1814 3098,1814 3143,1814 3188,1817 3232,1814 3277,1814 3322,1811 3367,1811 3411,1811 3456,1811 3501,1808 3546,1808 3591,1808 3635,1805 3680,1805 3725,1802 3770,1799 3814,1799 3859,1797 3904,1797 3949,1797 3994,1799"/>
                <TextEquiv>
                    <Unicode>worten, die mich sehr interessiert. Wann nämlich der</Unicode>
                </TextEquiv>
            </TextLine>
            <TextLine id="tr_1_tl_11" custom="readingOrder {index:10;}">
                <Coords points="2251,2051 2619,1960 2894,1951 3087,2016 3178,1969 3258,2016 3417,1947 3552,2005 3683,1945 3996,1954 3996,1849 3940,1845 3411,1911 2253,1894"/>
                <Baseline points="2265,1958 2301,1958 2346,1961 2391,1958 2435,1958 2480,1958 2525,1955 2570,1955 2614,1952 2659,1952 2704,1952 2749,1949 2794,1949 2838,1946 2883,1946 2928,1949 2973,1949 3017,1952 3062,1952 3107,1952 3152,1952 3196,1952 3241,1952 3286,1952 3331,1952 3376,1949 3420,1946 3465,1949 3510,1946 3555,1943 3599,1943 3644,1940 3689,1937 3734,1937 3779,1934 3823,1937 3868,1937 3913,1934 3958,1937 4002,1943"/>
                <TextEquiv>
                    <Unicode>junge Herr Medardus ursprünglich in Buchhandel hätte,</Unicode>
                </TextEquiv>
            </TextLine>
            <TextLine id="tr_1_tl_12" custom="readingOrder {index:11;}">
                <Coords points="2269,2120 2406,2158 2506,2109 2805,2131 3065,2082 3337,2149 3490,2078 3898,2076 3774,1998 2535,2058 2271,2011"/>
                <Baseline points="2283,2107 2289,2107 2334,2101 2379,2098 2423,2098 2468,2101 2513,2098 2558,2098 2602,2098 2647,2095 2692,2095 2737,2092 2782,2089 2826,2089 2871,2092 2916,2086 2961,2086 3005,2083 3050,2083 3095,2083 3140,2083 3185,2083 3229,2083 3274,2080 3319,2080 3364,2080 3408,2080 3453,2077 3498,2077 3543,2077 3588,2077 3632,2074 3677,2074 3722,2074 3767,2074 3811,2074 3856,2071 3901,2074"/>
                <TextEquiv>
                    <Unicode>erscheinen sollen, wenn er nicht (um die Zeit Ihrer</Unicode>
                </TextEquiv>
            </TextLine>
            <TextLine id="tr_1_tl_13" custom="readingOrder {index:12;}">
                <Coords points="2282,2242 2510,2282 2874,2222 3020,2266 3209,2220 3379,2262 3690,2213 4009,2240 4009,2180 3898,2138 3790,2175 3699,2127 3572,2173 3038,2127 2774,2186 2282,2169"/>
                <Baseline points="2295,2226 2313,2232 2358,2229 2402,2229 2447,2229 2492,2229 2537,2229 2582,2226 2626,2223 2671,2223 2716,2220 2761,2220 2805,2220 2850,2220 2895,2220 2940,2217 2985,2220 3029,2223 3074,2223 3119,2217 3164,2217 3208,2214 3253,2214 3298,2217 3343,2217 3388,2217 3432,2217 3477,2217 3522,2217 3567,2217 3611,2214 3656,2211 3701,2211 3746,2211 3791,2208 3835,2208 3880,2208 3925,2205 3970,2211 4014,2217"/>
                <TextEquiv>
                    <Unicode>Volkstheaterpremiere?) zurückgezogen worden wäre.</Unicode>
                </TextEquiv>
            </TextLine>
            <TextLine id="tr_1_tl_14" custom="readingOrder {index:13;}">
                <Coords points="2311,2382 2896,2435 2989,2375 3264,2359 3479,2406 3550,2359 3940,2348 3940,2273 3634,2313 2739,2273 2561,2328 2311,2284"/>
                <Baseline points="2322,2361 2334,2361 2379,2361 2423,2361 2468,2361 2513,2358 2558,2358 2602,2358 2647,2358 2692,2361 2737,2355 2782,2358 2826,2358 2871,2358 2916,2358 2961,2358 3005,2355 3050,2352 3095,2349 3140,2349 3185,2352 3229,2352 3274,2352 3319,2352 3364,2352 3408,2355 3453,2355 3498,2355 3543,2352 3588,2352 3632,2349 3677,2349 3722,2349 3767,2346 3811,2343 3856,2337 3901,2337 3946,2340"/>
                <TextEquiv>
                    <Unicode>Indem ich herzlichst für Ihre Empfehlung danke,</Unicode>
                </TextEquiv>
            </TextLine>
            <TextLine id="tr_1_tl_15" custom="readingOrder {index:14;}">
                <Coords points="2282,2512 2461,2566 2575,2497 2723,2537 3060,2512 3178,2559 3417,2492 3619,2543 3878,2484 3878,2419 3779,2410 3705,2457 3355,2455 3222,2404 2983,2461 2785,2406 2588,2459 2375,2375 2282,2404"/>
                <Baseline points="2295,2495 2316,2495 2361,2495 2405,2498 2450,2498 2495,2495 2540,2495 2585,2492 2629,2495 2674,2492 2719,2495 2764,2492 2808,2495 2853,2495 2898,2498 2943,2498 2988,2495 3032,2495 3077,2492 3122,2492 3167,2492 3211,2495 3256,2498 3301,2492 3346,2492 3391,2492 3435,2492 3480,2492 3525,2492 3570,2492 3614,2492 3659,2489 3704,2486 3749,2480 3794,2477 3838,2477 3883,2480"/>
                <TextEquiv>
                    <Unicode>Die scheint es, diesmal doch zu einem für das</Unicode>
                </TextEquiv>
            </TextLine>
            <TextLine id="tr_1_tl_16" custom="readingOrder {index:15;}">
                <Coords points="2286,2634 2619,2708 2830,2632 3016,2683 3122,2634 3249,2694 3373,2632 3428,2670 3632,2628 3748,2681 3965,2630 3965,2555 3825,2519 3703,2583 3304,2541 3116,2579 3062,2541 2912,2603 2745,2552 2286,2559"/>
                <Baseline points="2298,2632 2313,2629 2358,2626 2402,2626 2447,2629 2492,2629 2537,2629 2582,2629 2626,2632 2671,2635 2716,2635 2761,2635 2805,2632 2850,2632 2895,2632 2940,2629 2985,2629 3029,2629 3074,2629 3119,2629 3164,2626 3208,2626 3253,2629 3298,2626 3343,2626 3388,2623 3432,2623 3477,2623 3522,2623 3567,2623 3611,2623 3656,2623 3701,2620 3746,2620 3791,2620 3835,2620 3880,2617 3925,2614 3970,2614"/>
                <TextEquiv>
                    <Unicode>deutsche Schrifttum erfreulichen Resultaten führen</Unicode>
                </TextEquiv>
            </TextLine>
            <TextLine id="tr_1_tl_17" custom="readingOrder {index:16;}">
                <Coords points="2282,2807 2623,2783 2783,2838 3029,2770 3495,2807 3643,2759 3643,2681 3213,2681 3089,2725 2836,2690 2716,2739 2468,2672 2282,2708"/>
                <Baseline points="2295,2770 2307,2767 2352,2761 2396,2758 2441,2755 2486,2755 2531,2758 2576,2761 2620,2761 2665,2764 2710,2767 2755,2767 2799,2770 2844,2773 2889,2770 2934,2767 2979,2767 3023,2764 3068,2761 3113,2764 3158,2767 3202,2767 3247,2767 3292,2767 3337,2764 3382,2767 3426,2764 3471,2761 3516,2758 3561,2755 3605,2752 3650,2755"/>
                <TextEquiv>
                    <Unicode>Dürfte, bin ich mit den besten Grußen,</Unicode>
                </TextEquiv>
            </TextLine>
            <TextLine id="tr_1_tl_18" custom="readingOrder {index:17;}">
                <Coords points="2512,2938 2641,2980 2701,2976 2776,2936 2858,2965 2976,2923 3056,2954 3053,2845 3022,2832 2974,2867 2883,2821 2825,2858 2696,2834 2670,2807 2510,2801"/>
                <Baseline points="2522,2898 2567,2898 2611,2904 2656,2907 2701,2907 2746,2910 2791,2913 2835,2913 2880,2910 2925,2910 2970,2907 3014,2907 3059,2910"/>
                <TextEquiv>
                    <Unicode>Hochachtungsvoll</Unicode>
                </TextEquiv>
            </TextLine>
            <TextLine id="tr_1_tl_19" custom="readingOrder {index:18;}">
                <Coords points="2907,3060 2965,3087 3040,3071 3156,3096 3244,3085 3277,3060 3353,3080 3446,3040 3508,3049 3510,2958 3424,2936 3295,2943 3211,2996 3022,2940 2912,2963"/>
                <Baseline points="2922,3038 2931,3041 2976,3044 3020,3041 3065,3044 3110,3041 3155,3041 3199,3035 3244,3035 3289,3035 3334,3035 3379,3032 3423,3029 3468,3029 3513,3032"/>
                <TextEquiv>
                    <Unicode>Ihr ergebenster</Unicode>
                </TextEquiv>
            </TextLine>
            <TextLine id="tr_1_tl_20" custom="readingOrder {index:19;}">
                <Coords points="3244,3198 3415,3191 3455,3226 3630,3209 3697,3231 3854,3169 3909,3178 3912,3116 3666,3053 3610,3076 3566,3045 3422,3091 3386,3067 3246,3085"/>
                <Baseline points="3256,3182 3289,3185 3334,3182 3379,3182 3423,3185 3468,3185 3513,3185 3558,3185 3602,3182 3647,3179 3692,3176 3737,3173 3782,3170 3826,3167 3871,3161 3916,3161"/>
                <TextEquiv>
                    <Unicode>Albert Ehrenstein</Unicode>
                </TextEquiv>
            </TextLine>
        </TextRegion>
    </Page>
</PcGts>
