3384 4088
503 627 2788 843 gossen. Und er fragte sie lächelnd, siegesgevies:
531 789 3087 1060 "Vessen denkst du?" Und sie erwiderte, mit einem feuch-
535 971 3093 1127 ten Schimmer im Blick: "An den dunkeläugigen Gondolie-
506 1066 2969 1340 re, der uns zu unserem Heim gerudert...“ Da bebte er
506 1295 2670 1496 und eilte davon, tiefe Bitternis im Herzen...
735 1400 2890 1620 Und weiter suchte er, in fiebernder Haar. RiiK
506 1553 2855 1801 Er wollte das reine, holde Wesen finden, das noch
509 1719 2953 1910 Keinem gehört hatte vor ihm. - Und er fand sie. Sie
528 1859 2931 2062 var so jungfräulich, so ohnegleichen auss und wahr.
538 2018 2906 2209 Sie liebte ihn, und er verführte sie.- Es war eine
535 2164 3027 2352 Nacht, duftend von Frühling und Liebe. An seinen Lip-
547 2333 3049 2530 pen hing das Mädchen, und er fühlte, dass diesen Mund
544 2457 3081 2673 noch Keiner berührt hatte vor seinem ersten Kuss. Und
554 2591 3103 2829 auch sie fragte er: "Mein geliebtes Kind, woran denkst
554 2782 3007 2960 du?“ Und da schaute sie mit träumerischen Augen über
557 2937 3042 3103 ihn weg und sagte: “Aeh, an den braunlockigen Jungen,
560 3077 2931 3243 mit dem ich im letzten Sommer an einem dämmerigen
576 3230 2988 3424 Abend auf der grünen Wiese gespielt und den ich so
576 3361 1738 3593 gerne gekuist hätte......
