3368 4088
508 659 3018 851 dem Hlixir, und ihm war, als wäre er mit allen seinen
524 780 3095 1014 Zweifeln noch tausendmal glücklicher gewesen als jetzt.
521 962 3057 1180 Mehr als einmal war er daran, den Trank zu vernichten,
534 1135 3063 1317 aber kaum hatte er den Trieb davongescheucht, so behü-
540 1292 2686 1442 tete er den Saft sorglicher als je zuvor. - -
2900 1378 3047 1567 G.C.H.F.P.
771 1423 2852 1608 Und nun kam eine lange Zeit, da er ihn nicht
544 1557 3050 1759 brauchen wollte. Er lebte mit einer wunderbar schönen
2926 1685 3073 1816 G.C.H.F.P.
550 1739 2878 1909 Frau zusammen, die zu ihm aufschaute wie zu einem
556 1861 3047 2072 Gott. Er sah, wie aus diesem Herzen alles weggeflohen
572 1992 2951 2209 war, seit er darin herrschte. Ein ungeahntes Gefühl
569 2136 3066 2344 der Sicherheit kam über ihn und es kam die Stunde, da
576 2341 2954 2523 er sich sagte: "Nun darfst du wol dein Glück versu-
579 2510 847 2692 ehen!"
799 2564 2970 2807 Sie weilten in Venedig, am Strande des Meeres;
588 2801 2970 2948 eben waren sie von einer Gondelfahrt zurückgekehrt.
572 2942 3118 3105 Der blaue Mondglanz kam über das Bett geschlichen, und
540 3070 3082 3239 die flüsterten jene alten, immer gleich süssen Worte,
598 3220 3121 3415 Auf dem Balkon stand noch der Tisch mit den Resten ih-
585 3389 2964 3552 res Mahles, auch das Glas, aus dem sie, ohne es zu
579 3549 3009 3722 nen, jenen Tropfen geschlurft hatte, den er hineinge
