3384 4168
775 691 3050 926 Schon der erste Anblick hatte ihn berückt, da er
607 855 2896 1067 sie an einem trüben Herbstmorgen auf der Strasse
566 987 3063 1202 traf. Und eine Begierde quälte ihn, so heftig wie bei
566 1138 3104 1314 keinem anderen Weib, das er je besessen, alles zu vis-
585 1295 3095 1469 sen, was sie früher erlbt. Und da hatte er ihr den er-
588 1424 3066 1600 sten Trank gegeben. Und nun plauderte sie ihm vor. Da
620 1591 3082 1751 gab es viel zu hören, und er lauschte ihr mit Tränen
585 1745 3034 1899 des Zornes in den Augen. Und sie erzählte von jungen
582 1899 3108 2041 Burschen, wildlockigen Dichtern, eleganten Kavalieren,
585 2047 3076 2211 grauen Wüstlingen, denen sie sich hingegeben, wie ihr
601 2192 2947 2343 eben die Laune kam... Da wollte er fast wahnsinnig
588 2327 3172 2494 werden, er konnte es nicht ertragen. Er wollte schreim
604 2497 3024 2645 vor Schmerz, und eilig gab er ihr den zweiten Trank,
591 2651 3002 2802 der die alles vergessen machte. Da hörte er es nun.
595 2783 3114 2966 Nur ihn immer ihn, seit Anfang aller Zeiten; ihn hat-
601 2976 3088 3088 te sie geliebt, der sie in seinen Armen hielt und be-
604 3072 3082 3262 rauschte. Es gab nur Einen auf der ganzen Welt,- ihn,
601 3256 3098 3387 ihn! Sie war sein mit Leib und Seele. Aber es war ihm
585 3368 3056 3548 nicht genug - auch ihre Zukunft wollte er haben, und
640 3506 3014 3760 darum brauchte er jenen dritten Trank, ohne den es
2973 3651 3182 3901 15
