3336 4072
387 607 2776 884 die ihm entgegenkam auf allen Wegen. Nun empfand er
387 806 2770 969 bei der Verworfensten, was ihm bei der Reinsten nie
375 973 2798 1209 mals geblüht: er bedeutete den Einzigen, er war Er:
614 1171 2836 1388 Er wurde stolz. Ihm war beschieden, was Keinem
409 1338 2874 1549 vorher. Er hatte nicht, wie wir andern Unglücklichen,
415 1552 2833 1709 es XX tun müssen, die Küsse von Anderen wegzuklissen,
403 1678 2940 1866 die Träume von Anderen wegzuscheuehen; nie klangen die
409 1866 2723 2033 Seufzer der Erinnerung in die tiefen Atemzüge der
403 1977 2716 2143 Liebe - und so durfte er der Einzige sein auf der
460 2112 2852 2313 Welt, neben dem Einfältigen, für den es keine Ei-
412 2288 1045 2474 fersucht gab.
645 2430 2855 2619 Aber niemals verriet er einer Frau sein Geheim-
412 2609 2773 2757 nis; denn ein brennendes Weh erfasste ihn, wenn er
425 2735 2754 2918 dachte, dass man ihn vergessen könnte, so, wie die
419 2883 2622 3044 Anderen um seinetwillen vergessen wurden worden. -
658 3022 2741 3220 Aber noch war er nicht völlig glücklich. Wol
409 3214 2814 3362 hörte ihm jedes Veib mit ihrer ganzen Gegenwart, mi
431 3352 2694 3525 ihrer ganzen Vergangenheit an, aber über die Z u
510 3531 2638 3723 nft war er nicht Herr. Freilich sagte ihn
