3336 4072
778 684 3038 865 Da löste er sich aus ihrer Umarmung und verliess
557 846 2942 1020 sie, ohne sich mit einem Blick nach ihr umzuwenden.
784 1126 3054 1291 Und nun zog er von Neuem auf die Wanderung, denn
560 1303 2895 1446 er wollte einen anderen Wundertrank suchen, den er
554 1400 2933 1589 finden musste, um glücklich sein zu können. Und er
547 1586 3045 1776 fand den besten, den gebenedeitesten. Wenn ein Trop-
547 1695 3032 1897 fen davon über die Lippen eines Weibes kam, da hatte
557 1850 3042 2015 sie mit einem Male alles vergessen, was sie jemals er
554 2056 2961 2202 lebt - und der Mann, der an ihrem Herzen ruhte, war
563 2168 3010 2311 der einzige und erste für sie. Oh, wie liess es sich
554 2314 3032 2535 nun wennig lieben; es gab keine Schmerzen mehr, denn
563 2454 3051 2656 es gab keine Andren. Nun besass er Weiber, die ihres
541 2612 3026 2799 Mannes nicht mehr gedachten, ja sogar solche, die ih-
547 2749 3051 2982 res letzten Liebhabers vergassen; nun schwelgte er in
554 2933 2939 3116 den Armen von Gefallenen, die sich ihres Verführers
541 3038 2827 3228 nicht mehr erinnerten, und er las Dirnen von der
550 3206 2808 3368 Strasse auf, die unter seinen Küssen wieder rein
588 3374 2911 3573 worden, in neuen ungekannten Entzückungen lachten
557 3530 2858 3763 rasten. Er var ganz trunken vor so viel Keuschheit
