<?xml version="1.0" encoding="UTF-8" standalone="yes"?>
<PcGts xmlns="http://schema.primaresearch.org/PAGE/gts/pagecontent/2013-07-15" xmlns:xsi="http://www.w3.org/2001/XMLSchema-instance" xsi:schemaLocation="http://schema.primaresearch.org/PAGE/gts/pagecontent/2013-07-15 http://schema.primaresearch.org/PAGE/gts/pagecontent/2013-07-15/pagecontent.xsd">
    <Metadata>
        <Creator>prov=READ-COOP:name=TrHtr:version=2.1.0:model_id=51170:date=14_08_2023_13:23</Creator>
        <Created>2023-05-10T14:20:36.050+02:00</Created>
        <LastChange>2023-08-14T13:23:11.192+02:00</LastChange>
        <TranskribusMetadata docId="1428613" pageId="55418570" pageNr="2" tsid="132803194" status="IN_PROGRESS" userId="64420" imgUrl="https://files.transkribus.eu/Get?id=FRNBAFCVADIHAGKGODCNJUXO&amp;fileType=view" xmlUrl="https://files.transkribus.eu/Get?id=SIZGTPKDICNLJLCRATSGFDXZ" imageId="44692674"/>
    </Metadata>
    <Page imageFilename="1428613_0002.jpg" imageWidth="3352" imageHeight="4120">
        <ReadingOrder>
            <OrderedGroup id="ro_1711787120081" caption="Regions reading order">
                <RegionRefIndexed index="0" regionRef="tr_2"/>
                <RegionRefIndexed index="1" regionRef="tr_1"/>
                <RegionRefIndexed index="2" regionRef="tr_3"/>
            </OrderedGroup>
        </ReadingOrder>
        <TextRegion id="tr_2" custom="readingOrder {index:0;}">
            <Coords points="826,573 3140,573 3140,974 826,974"/>
            <TextLine id="tr_2_tl_1" custom="readingOrder {index:0;}">
                <Coords points="1267,675 1498,652 1584,688 1650,638 1852,678 1922,648 2117,671 2239,655 2242,576 2054,513 1991,539 1634,486 1475,539 1273,486"/>
                <Baseline points="1286,656 1307,656 1352,653 1397,653 1442,653 1486,650 1531,650 1576,647 1621,647 1665,647 1710,644 1755,644 1800,644 1845,644 1889,644 1934,641 1979,641 2024,641 2068,638 2113,635 2158,635 2203,632 2248,623"/>
                <TextEquiv>
                    <Unicode>drei Blixir</Unicode>
                </TextEquiv>
            </TextLine>
            <TextLine id="tr_2_tl_2" custom="readingOrder {index:1;}">
                <Coords points="847,774 996,738 1101,781 1227,784 1234,549 1177,529 1105,569 976,542 850,559"/>
                <Baseline points="865,665 883,668 928,671 973,668 1018,668 1062,668 1107,665 1152,665 1197,665 1238,653"/>
                <TextEquiv>
                    <Unicode>Die</Unicode>
                </TextEquiv>
            </TextLine>
            <TextLine id="tr_2_tl_3" custom="readingOrder {index:2;}">
                <Coords points="2236,741 2272,747 2312,787 2371,777 2388,790 2461,738 2540,771 2547,533 2514,533 2474,556 2401,529 2365,552 2335,539 2295,566 2242,559"/>
                <Baseline points="2257,701 2283,698 2328,695 2373,692 2418,692 2463,692 2507,692 2552,692"/>
                <TextEquiv>
                    <Unicode>o.</Unicode>
                </TextEquiv>
            </TextLine>
            <TextLine id="tr_2_tl_4" custom="readingOrder {index:3;}">
                <Coords points="2107,721 2127,718 2133,724 2143,718 2150,724 2156,721 2166,731 2173,724 2176,728 2180,724 2203,728 2203,658 2173,658 2156,648 2143,662 2130,658 2123,665 2107,665"/>
                <Baseline points="2125,698 2170,698 2212,698"/>
                <TextEquiv>
                    <Unicode>—</Unicode>
                </TextEquiv>
            </TextLine>
            <TextLine id="tr_2_tl_5" custom="readingOrder {index:4;}">
                <Coords points="1313,771 1389,754 1449,784 1482,764 1528,797 1568,774 1627,804 1660,787 1667,658 1617,662 1584,688 1482,691 1449,675 1373,678 1343,695 1313,688"/>
                <Baseline points="1331,719 1358,722 1403,722 1447,719 1492,716 1537,716 1582,713 1627,716 1671,713"/>
                <TextEquiv>
                    <Unicode>erends...</Unicode>
                </TextEquiv>
            </TextLine>
            <TextLine id="tr_2_tl_6" custom="readingOrder {index:5;}">
                <Coords points="807,966 2156,999 2752,919 3089,982 3139,827 2368,863 2203,777 2018,876 1723,771 1502,853 1244,767 807,830"/>
                <Baseline points="826,964 856,961 901,961 946,961 991,958 1035,955 1080,952 1125,949 1170,949 1215,946 1259,946 1304,943 1349,940 1394,940 1439,940 1483,937 1528,937 1573,934 1618,934 1662,931 1707,931 1752,931 1797,928 1842,928 1886,928 1931,928 1976,928 2021,928 2065,925 2110,925 2155,922 2200,925 2245,922 2289,922 2334,919 2379,916 2424,916 2469,916 2513,916 2558,919 2603,919 2648,916 2692,916 2737,916 2782,913 2827,913 2872,913 2916,913 2961,913 3006,910 3051,907 3095,904 3140,904"/>
                <TextEquiv>
                    <Unicode>Er litt unendliche Qualen; nie konnte er sich mit</Unicode>
                </TextEquiv>
            </TextLine>
        </TextRegion>
        <TextRegion id="tr_1" custom="readingOrder {index:1;}">
            <Coords points="609,1000 3125,1000 3125,2587 609,2587"/>
            <TextLine id="tr_1_tl_1" custom="readingOrder {index:0;}">
                <Coords points="599,1154 2414,1065 3059,1144 3063,966 602,943"/>
                <Baseline points="618,1104 653,1101 698,1095 743,1092 788,1092 832,1089 877,1086 922,1083 967,1083 1012,1080 1056,1080 1101,1080 1146,1080 1191,1077 1236,1074 1280,1071 1325,1071 1370,1068 1415,1068 1459,1065 1504,1065 1549,1065 1594,1065 1639,1065 1683,1062 1728,1065 1773,1065 1818,1068 1862,1065 1907,1065 1952,1068 1997,1065 2042,1065 2086,1065 2131,1065 2176,1065 2221,1062 2266,1062 2310,1062 2355,1059 2400,1059 2445,1059 2489,1059 2534,1062 2579,1062 2624,1059 2669,1062 2713,1062 2758,1059 2803,1062 2848,1059 2892,1059 2937,1056 2982,1056 3027,1050 3072,1050"/>
                <TextEquiv>
                    <Unicode>einem Weibe glücklich fühlen, da die Zweifel ihn pei-</Unicode>
                </TextEquiv>
            </TextLine>
            <TextLine id="tr_1_tl_2" custom="readingOrder {index:1;}">
                <Coords points="592,1240 2732,1263 2954,1234 2954,1101 903,1088 592,1164"/>
                <Baseline points="609,1233 632,1230 677,1227 722,1230 767,1227 812,1224 856,1221 901,1215 946,1215 991,1212 1035,1212 1080,1212 1125,1212 1170,1209 1215,1209 1259,1206 1304,1206 1349,1206 1394,1203 1439,1203 1483,1203 1528,1200 1573,1200 1618,1200 1662,1200 1707,1200 1752,1200 1797,1200 1842,1200 1886,1203 1931,1203 1976,1203 2021,1200 2065,1200 2110,1200 2155,1197 2200,1197 2245,1197 2289,1197 2334,1197 2379,1197 2424,1200 2469,1200 2513,1197 2558,1197 2603,1200 2648,1200 2692,1200 2737,1200 2782,1200 2827,1197 2872,1197 2916,1194 2961,1191"/>
                <TextEquiv>
                    <Unicode>nigten. Er musste immer an die Anderen denken, die</Unicode>
                </TextEquiv>
            </TextLine>
            <TextLine id="tr_1_tl_3" custom="readingOrder {index:2;}">
                <Coords points="595,1396 2990,1412 3112,1369 3112,1263 595,1293"/>
                <Baseline points="612,1361 615,1361 659,1361 704,1364 749,1361 794,1361 838,1358 883,1358 928,1358 973,1355 1018,1355 1062,1355 1107,1355 1152,1355 1197,1355 1241,1355 1286,1355 1331,1358 1376,1355 1421,1355 1465,1352 1510,1355 1555,1355 1600,1355 1645,1355 1689,1355 1734,1355 1779,1355 1824,1355 1868,1358 1913,1358 1958,1358 2003,1358 2048,1355 2092,1355 2137,1352 2182,1352 2227,1352 2271,1352 2316,1352 2361,1352 2406,1349 2451,1349 2495,1349 2540,1349 2585,1349 2630,1349 2675,1349 2719,1352 2764,1352 2809,1352 2854,1349 2898,1349 2943,1346 2988,1343 3033,1343 3078,1334 3122,1334"/>
                <TextEquiv>
                    <Unicode>dieses Weib vor ihm geliebt, die es nach ihm lieben</Unicode>
                </TextEquiv>
            </TextLine>
            <TextLine id="tr_1_tl_4" custom="readingOrder {index:3;}">
                <Coords points="592,1521 3093,1578 3096,1412 592,1429"/>
                <Baseline points="609,1510 641,1510 686,1510 731,1510 776,1510 821,1507 865,1507 910,1507 955,1510 1000,1507 1044,1507 1089,1507 1134,1507 1179,1507 1224,1507 1268,1510 1313,1510 1358,1510 1403,1510 1447,1513 1492,1510 1537,1510 1582,1507 1627,1507 1671,1507 1716,1507 1761,1507 1806,1507 1851,1507 1895,1510 1940,1510 1985,1507 2030,1504 2074,1504 2119,1507 2164,1507 2209,1510 2254,1507 2298,1507 2343,1504 2388,1504 2433,1504 2477,1501 2522,1501 2567,1501 2612,1504 2657,1504 2701,1501 2746,1501 2791,1504 2836,1507 2881,1507 2925,1507 2970,1504 3015,1501 3060,1498 3104,1498"/>
                <TextEquiv>
                    <Unicode>würde. Und diese grosse evige Lüge marterte ihn, ohne</Unicode>
                </TextEquiv>
            </TextLine>
            <TextLine id="tr_1_tl_5" custom="readingOrder {index:4;}">
                <Coords points="602,1664 1918,1753 3056,1680 3056,1564 2868,1525 1174,1607 602,1545"/>
                <Baseline points="620,1656 647,1653 692,1653 737,1653 782,1653 826,1656 871,1653 916,1656 961,1656 1006,1653 1050,1653 1095,1656 1140,1656 1185,1656 1230,1656 1274,1659 1319,1659 1364,1659 1409,1656 1453,1659 1498,1659 1543,1659 1588,1656 1633,1653 1677,1653 1722,1653 1767,1653 1812,1653 1856,1653 1901,1653 1946,1653 1991,1653 2036,1653 2080,1653 2125,1656 2170,1656 2215,1656 2260,1656 2304,1656 2349,1659 2394,1656 2439,1653 2483,1653 2528,1653 2573,1653 2618,1653 2663,1650 2707,1653 2752,1653 2797,1653 2842,1656 2886,1656 2931,1653 2976,1653 3021,1653 3066,1650"/>
                <TextEquiv>
                    <Unicode>dies es nie abging, dass alles dahingeschwunden wäre</Unicode>
                </TextEquiv>
            </TextLine>
            <TextLine id="tr_1_tl_6" custom="readingOrder {index:5;}">
                <Coords points="599,1803 1743,1899 3116,1819 3066,1700 599,1720"/>
                <Baseline points="618,1800 662,1797 707,1797 752,1797 797,1800 841,1800 886,1797 931,1797 976,1797 1021,1797 1065,1797 1110,1797 1155,1797 1200,1800 1244,1800 1289,1800 1334,1803 1379,1800 1424,1800 1468,1800 1513,1800 1558,1800 1603,1797 1648,1800 1692,1800 1737,1800 1782,1800 1827,1800 1871,1800 1916,1803 1961,1800 2006,1800 2051,1800 2095,1803 2140,1803 2185,1803 2230,1803 2274,1803 2319,1806 2364,1803 2409,1803 2454,1803 2498,1803 2543,1803 2588,1806 2633,1806 2678,1806 2722,1806 2767,1806 2812,1806 2857,1806 2901,1809 2946,1809 2991,1809 3036,1809 3081,1803 3125,1800"/>
                <TextEquiv>
                    <Unicode>wie ein Traum, dass sie nun erst in seinen Armen wüss-</Unicode>
                </TextEquiv>
            </TextLine>
            <TextLine id="tr_1_tl_7" custom="readingOrder {index:6;}">
                <Coords points="599,2051 3083,1978 3083,1889 2881,1846 847,1902 599,1816"/>
                <Baseline points="618,1952 662,1949 707,1949 752,1952 797,1952 841,1955 886,1952 931,1949 976,1949 1021,1949 1065,1949 1110,1949 1155,1946 1200,1949 1244,1949 1289,1949 1334,1949 1379,1949 1424,1946 1468,1949 1513,1949 1558,1949 1603,1949 1648,1949 1692,1949 1737,1952 1782,1952 1827,1952 1871,1952 1916,1955 1961,1955 2006,1955 2051,1955 2095,1955 2140,1955 2185,1955 2230,1955 2274,1958 2319,1958 2364,1958 2409,1958 2454,1958 2498,1958 2543,1958 2588,1958 2633,1955 2678,1958 2722,1958 2767,1958 2812,1958 2857,1961 2901,1958 2946,1958 2991,1958 3036,1958 3081,1952 3092,1955"/>
                <TextEquiv>
                    <Unicode>ten, was Leben und Liebe sei. Sie logen ihm eine Ver-</Unicode>
                </TextEquiv>
            </TextLine>
            <TextLine id="tr_1_tl_8" custom="readingOrder {index:7;}">
                <Coords points="592,2213 3083,2137 3083,2044 2831,1984 595,2064"/>
                <Baseline points="612,2131 629,2128 674,2122 719,2119 764,2119 809,2119 853,2119 898,2116 943,2116 988,2116 1032,2116 1077,2113 1122,2113 1167,2110 1212,2110 1256,2113 1301,2113 1346,2113 1391,2113 1436,2113 1480,2113 1525,2113 1570,2110 1615,2110 1659,2110 1704,2110 1749,2113 1794,2113 1839,2113 1883,2113 1928,2116 1973,2113 2018,2113 2062,2113 2107,2113 2152,2113 2197,2110 2242,2113 2286,2113 2331,2113 2376,2116 2421,2113 2466,2113 2510,2113 2555,2113 2600,2113 2645,2113 2689,2113 2734,2113 2779,2113 2824,2110 2869,2113 2913,2113 2958,2113 3003,2110 3048,2110 3092,2116"/>
                <TextEquiv>
                    <Unicode>gangenheit voll Irptümer vor. Ach! sie hatten Niemand</Unicode>
                </TextEquiv>
            </TextLine>
            <TextLine id="tr_1_tl_9" custom="readingOrder {index:8;}">
                <Coords points="592,2335 2947,2315 3007,2163 592,2216"/>
                <Baseline points="609,2277 641,2271 686,2266 731,2266 776,2266 821,2263 865,2263 910,2260 955,2260 1000,2260 1044,2263 1089,2263 1134,2263 1179,2260 1224,2263 1268,2263 1313,2263 1358,2263 1403,2263 1447,2260 1492,2260 1537,2260 1582,2260 1627,2263 1671,2263 1716,2263 1761,2263 1806,2263 1851,2266 1895,2266 1940,2263 1985,2263 2030,2263 2074,2263 2119,2263 2164,2263 2209,2263 2254,2263 2298,2266 2343,2268 2388,2266 2433,2268 2477,2266 2522,2266 2567,2266 2612,2266 2657,2263 2701,2263 2746,2266 2791,2266 2836,2266 2881,2268 2925,2266 2970,2266 3015,2260"/>
                <TextEquiv>
                    <Unicode>gekannt) - sie waren betrogen worden. -  sie hatten</Unicode>
                </TextEquiv>
            </TextLine>
            <TextLine id="tr_1_tl_10" custom="readingOrder {index:9;}">
                <Coords points="599,2418 734,2491 1005,2418 1373,2500 1869,2418 3043,2487 2983,2299 595,2365"/>
                <Baseline points="618,2412 662,2409 707,2406 752,2406 797,2406 841,2406 886,2406 931,2406 976,2406 1021,2406 1065,2406 1110,2409 1155,2409 1200,2409 1244,2409 1289,2409 1334,2409 1379,2409 1424,2412 1468,2412 1513,2409 1558,2409 1603,2406 1648,2409 1692,2409 1737,2412 1782,2412 1827,2412 1871,2412 1916,2412 1961,2412 2006,2412 2051,2415 2095,2415 2140,2418 2185,2418 2230,2418 2274,2418 2319,2421 2364,2424 2409,2424 2454,2424 2498,2421 2543,2418 2588,2415 2633,2415 2678,2415 2722,2415 2767,2418 2812,2421 2857,2424 2901,2424 2946,2424 2991,2424 3036,2424 3048,2427"/>
                <TextEquiv>
                    <Unicode>sich selbst betrogen — sie hattenihn, ja nur ihn ge-</Unicode>
                </TextEquiv>
            </TextLine>
            <TextLine id="tr_1_tl_11" custom="readingOrder {index:10;}">
                <Coords points="602,2603 2947,2636 2944,2484 2682,2451 599,2484"/>
                <Baseline points="620,2552 665,2552 710,2552 755,2552 800,2555 844,2558 889,2558 934,2555 979,2552 1024,2555 1068,2555 1113,2555 1158,2552 1203,2555 1247,2555 1292,2555 1337,2555 1382,2558 1427,2555 1471,2555 1516,2558 1561,2561 1606,2561 1650,2561 1695,2561 1740,2561 1785,2561 1830,2561 1874,2561 1919,2561 1964,2561 2009,2561 2054,2564 2098,2564 2143,2564 2188,2564 2233,2567 2277,2567 2322,2570 2367,2570 2412,2570 2457,2570 2501,2570 2546,2570 2591,2570 2636,2570 2680,2570 2725,2570 2770,2570 2815,2573 2860,2573 2904,2573 2949,2576 2954,2577"/>
                <TextEquiv>
                    <Unicode>sucht und waren unsäglich glücklich, da sie ihn en</Unicode>
                </TextEquiv>
            </TextLine>
        </TextRegion>
        <TextRegion id="tr_3" custom="readingOrder {index:2;}">
            <Coords points="591,2666 3248,2666 3248,3553 591,3553"/>
            <TextLine id="tr_3_tl_1" custom="readingOrder {index:0;}">
                <Coords points="589,2782 2950,2742 2864,2620 585,2653"/>
                <Baseline points="606,2722 650,2722 695,2719 740,2719 785,2719 829,2722 874,2722 919,2719 964,2716 1009,2716 1053,2716 1098,2716 1143,2716 1188,2716 1233,2719 1277,2719 1322,2722 1367,2719 1412,2719 1456,2719 1501,2716 1546,2719 1591,2719 1636,2719 1680,2719 1725,2719 1770,2719 1815,2719 1859,2722 1904,2722 1949,2722 1994,2719 2039,2719 2083,2719 2128,2719 2173,2722 2218,2722 2263,2725 2307,2722 2352,2722 2397,2725 2442,2728 2486,2728 2531,2728 2576,2728 2621,2728 2666,2728 2710,2728 2755,2725 2800,2725 2845,2725 2889,2725 2934,2731 2958,2731"/>
                <TextEquiv>
                    <Unicode>lieh gefunden. Er aber hatte keine Ruhe; er musste</Unicode>
                </TextEquiv>
            </TextLine>
            <TextLine id="tr_3_tl_2" custom="readingOrder {index:1;}">
                <Coords points="585,2917 2484,2891 2904,2973 3245,2930 3245,2745 585,2805"/>
                <Baseline points="603,2863 647,2860 692,2860 737,2860 782,2860 826,2860 871,2860 916,2860 961,2860 1006,2857 1050,2857 1095,2857 1140,2860 1185,2860 1230,2860 1274,2860 1319,2863 1364,2863 1409,2863 1453,2863 1498,2863 1543,2863 1588,2863 1633,2866 1677,2869 1722,2866 1767,2869 1812,2869 1856,2869 1901,2869 1946,2869 1991,2872 2036,2872 2080,2872 2125,2872 2170,2872 2215,2875 2260,2872 2304,2872 2349,2875 2394,2878 2439,2875 2483,2875 2528,2875 2573,2875 2618,2878 2663,2878 2707,2878 2752,2878 2797,2878 2842,2878 2886,2878 2931,2881 2976,2884 3021,2881 3066,2878 3110,2872 3155,2875 3200,2875 3245,2872 3248,2872"/>
                <TextEquiv>
                    <Unicode>wissen, ver vor ihm angebetet, wer vor Ihm geschuldigt hebben</Unicode>
                </TextEquiv>
            </TextLine>
            <TextLine id="tr_3_tl_3" custom="readingOrder {index:2;}">
                <Coords points="592,3079 913,3016 1042,3093 1670,3043 2894,3129 2894,2967 2742,2924 592,2954"/>
                <Baseline points="609,3003 653,3003 698,3006 743,3006 788,3006 832,3006 877,3009 922,3009 967,3009 1012,3009 1056,3006 1101,3009 1146,3009 1191,3009 1236,3009 1280,3012 1325,3012 1370,3012 1415,3012 1459,3012 1504,3015 1549,3015 1594,3018 1639,3015 1683,3018 1728,3015 1773,3018 1818,3018 1862,3018 1907,3018 1952,3018 1997,3018 2042,3021 2086,3021 2131,3021 2176,3024 2221,3027 2266,3027 2310,3027 2355,3027 2400,3027 2445,3027 2489,3027 2534,3027 2579,3030 2624,3033 2669,3030 2713,3030 2758,3030 2803,3030 2848,3033 2892,3033 2901,3033"/>
                <TextEquiv>
                    <Unicode>- und er erbebte unter der Antwort, die ihm stets</Unicode>
                </TextEquiv>
            </TextLine>
            <TextLine id="tr_3_tl_4" custom="readingOrder {index:3;}">
                <Coords points="582,3172 1535,3251 2636,3192 2861,3274 2861,3106 2755,3073 579,3076"/>
                <Baseline points="600,3161 644,3155 689,3155 734,3155 779,3155 824,3158 868,3155 913,3155 958,3155 1003,3155 1047,3155 1092,3155 1137,3158 1182,3158 1227,3158 1271,3158 1316,3158 1361,3158 1406,3158 1450,3158 1495,3158 1540,3158 1585,3158 1630,3161 1674,3161 1719,3161 1764,3164 1809,3164 1854,3167 1898,3167 1943,3167 1988,3167 2033,3167 2077,3170 2122,3170 2167,3170 2212,3170 2257,3173 2301,3173 2346,3173 2391,3176 2436,3176 2480,3179 2525,3179 2570,3176 2615,3179 2660,3179 2704,3179 2749,3179 2794,3182 2839,3182 2869,3188"/>
                <TextEquiv>
                    <Unicode>teil wurde: “Ich habe alles vergessen.!“ - Denn</Unicode>
                </TextEquiv>
            </TextLine>
            <TextLine id="tr_3_tl_5" custom="readingOrder {index:4;}">
                <Coords points="576,3423 1495,3360 2921,3423 2917,3248 2517,3195 2256,3268 572,3248"/>
                <Baseline points="591,3328 635,3322 680,3325 725,3328 770,3325 815,3325 859,3325 904,3328 949,3328 994,3328 1038,3325 1083,3328 1128,3328 1173,3328 1218,3331 1262,3331 1307,3331 1352,3331 1397,3331 1442,3331 1486,3331 1531,3334 1576,3334 1621,3334 1665,3334 1710,3337 1755,3334 1800,3334 1845,3337 1889,3340 1934,3340 1979,3340 2024,3340 2068,3340 2113,3340 2158,3343 2203,3343 2248,3343 2292,3346 2337,3349 2382,3349 2427,3346 2472,3349 2516,3349 2561,3349 2606,3349 2651,3352 2695,3355 2740,3355 2785,3355 2830,3352 2875,3355 2919,3355 2925,3355"/>
                <TextEquiv>
                    <Unicode>empfand es in tiefster Seele: während sie so sprae</Unicode>
                </TextEquiv>
            </TextLine>
            <TextLine id="tr_3_tl_6" custom="readingOrder {index:5;}">
                <Coords points="576,3575 2633,3612 2914,3562 2911,3407 572,3436"/>
                <Baseline points="591,3490 635,3490 680,3493 725,3493 770,3493 815,3493 859,3496 904,3496 949,3499 994,3502 1038,3502 1083,3504 1128,3507 1173,3510 1218,3513 1262,3513 1307,3516 1352,3522 1397,3522 1442,3522 1486,3525 1531,3531 1576,3531 1621,3531 1665,3534 1710,3534 1755,3534 1800,3534 1845,3537 1889,3537 1934,3540 1979,3543 2024,3543 2068,3543 2113,3540 2158,3540 2203,3540 2248,3540 2292,3537 2337,3534 2382,3534 2427,3534 2472,3534 2516,3534 2561,3531 2606,3531 2651,3528 2695,3528 2740,3528 2785,3528 2830,3525 2875,3525 2919,3528 2922,3528"/>
                <TextEquiv>
                    <Unicode>zogen Bilder der Vergangenheit durch ihre Erinnerung</Unicode>
                </TextEquiv>
            </TextLine>
        </TextRegion>
    </Page>
</PcGts>
