3352 4088
459 754 2846 1015 blonden Mann, der mich geküsst hat, bevor ich dich
477 892 2805 1216 kannte!“ Da schauerte er zusammen - und er fragte
521 1071 2915 1310 nicht weiter; aber er verliess sie am nächsten Mor.
496 1297 713 1470 gen.
738 1363 2899 1561 Und schon die nächste Frau, der er sich nahte,
512 1498 2997 1740 wagte er nicht zu fragen, obwol er ihr von dem verrä-
525 1668 2978 1856 terischen Trank ins Glas gegossen. Sie sassen zusam-
521 1781 3050 2045 men; er sah sie lächeln wie jene Andere, aber er frag-
534 1954 2956 2152 te nicht, - er wollte glücklich sein. Als er jedoch
537 2117 2997 2347 mit ihr in das dämmerige Gemach schritt, wo er selig
562 2259 2990 2478 werden sollte, und die Bäume des Parkes hereingrüss-
562 2428 3041 2642 ten und die Frühlingswinde wehten, da konnte er nicht
565 2566 2953 2799 länger an sich halten, und er sprach: "Woran denkst
565 2730 3088 2931 du -? Sie lächelte sehnsuchtsvoll: “Ach, des Sängers
575 2890 3082 3085 denk' ich, der im letzten Frühling an einem Abend wie
578 3028 3009 3229 dieser unter den Bäumen des Parkes wartete, bis ich
603 3198 3104 3380 kam, um ihn zu herzen und zu küssen!" - Und wie-
587 3333 3091 3590 der zuckte er zusammen und verliess sie. - Er fluchte
