3400 4136
539 558 3099 813 wie durch die seine... Er wollte Gewissheit - und dar-
548 748 3109 942 um zog er in jenes alte Wunderland, den Orient, wo für
555 858 3148 1103 die Poeten, diese Wunderkinder der Erde noch immermär-
568 1080 3122 1313 ehenhafte Blumen bluhen, deren Geheimnis keinem Andern
2867 1206 3099 1380 G.C.H.F.P.
551 1200 1296 1403 kund wird.
1513 1384 1783 1574 ==== =====
2961 1500 3096 1629 G.C.H.F.P.
800 1542 3096 1787 Und nach langen, langen Fahrten hatte er die Blu-
558 1693 3077 1938 me gefunden, aus deren Säften er das herrliche Elixir
564 1851 3067 2070 bereitete. Das burg eine wunderbare, tückische Kraft.
577 2048 2990 2219 Wenn ein Tropfen davon über die Lippen eines Weibes
577 2196 3086 2361 kam, so mussten sie ihm das Bild nennen, das eben in
584 2364 1687 2509 ihrer Seele aufstieg...
822 2435 3131 2667 Wie freudig war er heimgekehrt - nun nahte seiner
584 2606 3122 2828 Zweifel und seines Elends Ende. - Und er eilte zur Ge-
580 2757 3138 2967 liebten. In das erste Glas Wein, das sie an die Lippen
584 2928 3035 3109 führte, mengte er einen Tropfen seines Elixires - da
590 3067 3144 3251 versank sie in Träume und schaute ine Leere mit matten
574 3219 3115 3438 grossen Augen. Er aber fragte sie bebend: "Voran erin
616 3402 2957 3586 nerst du dich -? Und sie erwiderte: “An den gro¬
