3368 4168
524 684 3052 892 "Ich werde dir für ewig angehören." Aber das sagen sie
499 914 2998 1084 ja Alle, und auch den Männern hatten sie es zuge-
1758 1010 1969 1112 ihnen
502 1026 3004 1202 flüstert, deren Gedächtnis heute entschwunden war...
732 1208 2937 1346 Da machte er sich auf's Neue auf die Wanderung
511 1365 3008 1496 und suchte und suchte. Wieder streifte er in den Wäl-
499 1537 3075 1681 dern des Oriente herum und suchte einen Trank, der ihm
515 1675 2953 1879 das letzte grösste Glück geben sollte, - die Gewiss-
508 1838 2691 2007 heit, dass nach ihm Keiner mehr geliebt wurde.
758 1982 2931 2148 Viele Tage und Mächte dauerte seine Wanderung;
527 2148 2947 2298 endlich gewahrte er, versteckt im Walde und Keinem
521 2311 2896 2490 sichtbar als ihm, die seltene Blume, in deren Saft
524 2410 3036 2698 das Wunder schlief. Freudevoll wie nie zuvor eilte er
534 2640 1208 2762 der Heimat zu.
761 2688 3049 2931 Da wartete seiner ein holdes Kind, schön wie der
527 2902 2918 3065 Lenz, an der sein Herz hing, so heiss, wie niemals
537 3078 2966 3238 früher an einem anderen Wesen. Achi für xxx war
540 3235 2883 3391 er ja in die Ferne gezogen; sie war es ja, die er
543 3372 3107 3532 für's ganze Leben sein nennen wollte, und darum musste
543 3557 2621 3752 sie ihm so gänzlich gehören wie Keine zuvor.
