3368 4104
2744 363 2894 548 10
2751 564 2894 638 G.C.H.P
449 520 2607 800 kein vollkommenes Glück für ihn geben konnte.
704 724 2936 928 Umals er zurückkam, da gab es ein Wiedersehen
488 880 2869 1065 voll überirdischer Seligkeit. In heisser Sehnsucht
488 1014 3041 1230 hatte sie sein geharrt, sie wollte vergehen in inniger
510 1125 3070 1336 Freude, da sie wieder an seinem Herzen lag. Und nachts,
504 1316 2952 1485 während sie schlief, nahm er mit fiebernder Hand das
500 1463 2936 1642 kleine Fläschchen, das er von der Reise mitgebracht,
510 1603 3015 1801 und goss ihr langsam zwei Tropfen auf die halboffenen
497 1756 2974 1954 Lippen, die noch feucht waren vom letzten Küsse. Und
504 1925 3044 2097 mit einem Seufzer der Erlösung sprach er vor sich hin:
555 2011 3063 2266 "Nun bist du für immer mein und wirst Keinen mehr lieb
516 2241 2980 2400 haben können nach mir! Und jetzt erst gehörst du mir
532 2451 800 2585 ganz!“
752 2560 3070 2700 Die zwei Tropfen zerflossen langsam auf ihren ro-
539 2713 2968 2872 ten Lippen. Er sass ihr zu Häupten, während sie reg-
536 2815 3086 2999 ungslos weiterschlief, und er atmete den Duft ein, der
583 3009 1699 3184 um ihre Locken spielte.
765 3127 3060 3315 Der Morgen kam, aber das geliebte Mädchen wollte
539 3296 2993 3474 nicht erwachen. Und wie er sich zu ihr niederbeugte
545 3430 2920 3682 und den gelast blassen Mund küsste, überkam ihn ain
