3432 4264
1138 811 2840 1068 durchfliegt den Brief; wirft ihn hin
1208 979 2816 1226 h! - Sie haben keine Ahnung, Maria
1217 1141 2808 1377 was es für Menschen giebt! Von vis
1193 1309 2847 1534 viel Gemeinheit und Dummheit man um-
1184 1433 2948 1680 stellt ist... (Wovon sprachen wir nur
1226 1584 2961 1833 Sie haben ja den Brief Cäciliens noch
1036 1663 1160 1857 M:
2602 1746 3020 1927 Paure...
1186 1814 1875 2015 nicht gelesen,
1023 1947 2382 2183 A: Es hat Zeit, es hat Zeit.
1219 2082 2543 2281 Und ich will nun doch gehen.
1025 2174 1136 2305 M:
1346 2205 1977 2355 erstreit: Merzell
1296 2233 2895 2471 Kann ich Cäcilien irgend etwas be¬
1235 2456 1641 2648 stellen?
1276 2528 2985 2792 Ich muss sie doch selbst sprechen.
1108 2633 1206 2775 M:
1250 2688 2969 2924 Freilich hätt' ich sie gern noch hem
1405 2976 1497 3118 —
1320 3037 2930 3288 Nun so bleiben Sie doch... Ja, vas
1318 3138 2913 3439 haben Sie denn, Maria? Was giebt“,
559 3214 1097 3479 & is so with
1318 3328 2948 3583 lenn? Ist irgend etwas vorgefallen?
479 3413 1108 3605 and so irrest
1315 3470 3009 3752 0 nein! Was sollte in meinem Leben
1429 3651 2768 3926 behandeln Sie nur Ihre Exist.
