3432 4136
2629 494 2751 594 23
1466 627 3069 818 ung Ihre Notizen über mich konfis-
1474 797 3033 986 ziert oder wenn Sie, lieber Niko-
1470 947 2965 1134 laus, gar in Ihrer Testalität in
1458 1117 2595 1275 Verlust geraten sollten?
1559 1250 3046 1464 Lassen Sie das doch, Herr Rhen.
1316 1318 1512 1439 Nik:
1611 1437 2986 1590 Lieber Nikolaus, Sie wollten
1364 1480 1576 1644 Alb:
1549 1547 1723 1661 Sir,
1522 1580 3127 1744 sich meinem Freunde verstellen,- da¬
1505 1727 3035 1902 mit, dass ich Ihren Namen nenne,
1534 1883 3141 2099 ist nichts getan. - Siehst du, Ama-
1497 2024 3164 2217 deus, dies hier ist nämlich ein Mäm
1549 2195 3100 2375 der Tat.). einer, der bereit ist,
1545 2363 3156 2543 für seine Ideen Freiheit und Leben
1507 2514 3175 2701 zum Opfer zu bringen... :Stolz ihm
1559 2683 3125 2836 die Hand auf die Schulterlegend:
1447 2820 3077 3002 Er steht (auch)unter polizeilicher
1565 2986 3062 3177 Aufsicht, kann jeden Augenblick
1516 3114 3108 3357 (von unserer Regierung) ausgewiesen
1592 3295 3233 3488 oder auch (von seiner Partei) in seh
1609 3457 3197 3687 Vaterland zurückberufen und zu ge-
1580 3764 3175 3928 waltigen Taten ausersehen werden.
