3336 4184
2529 303 2686 615 181.
1135 633 2825 889 mer noch eh' der Bub aufgewacht war
1151 783 2434 1030 es war beinah noch finster,
1057 1005 1423 1187 A: So?
1061 1046 2805 1328 P: Und ich kann auch schon spielen,
1160 1274 2912 1485 Papa. Es ist ein König - und ein Rit-
1182 1389 2926 1629 ter - und ein Bauer — und eine Braut
1187 1521 2960 1775 und ein Teufel, ein ganz roter! Er ist
1200 1696 2856 1925 beinah so rot wie der König! Willst
1200 1840 2538 2066 du's nicht anschaun, Papa?
1299 1990 2917 2244 :auf dem Diwan, den Ruben zwischen
1111 2071 1223 2233 A:
1263 2134 2968 2401 den Knieen, sehr abwesend:
1221 2284 3004 2553 werd’ mir’s xxxon anschauen.
1218 2535 1685 2713 ne Pause.
1140 2605 2556 2865 P: Also, Papa, kommst du mit?
1333 2755 2897 3018 Später, mein Kind; jetzt muss ich
1149 2856 1256 3031 A:
1254 2908 2892 3179 arbeiten. (Zum Frl:) Die gnädig.
1308 3058 2995 3285 Frau hat sich nachher wol nicht mehr
1259 3276 2028 3442 schlafen gelegt?
1178 3352 2982 3599 Frl: Ich weiss nicht. :Da sie seine
1277 3505 3049 3720 Zerstreutheit bemerkt:
