3352 4152
2903 407 3035 580 61
1158 710 2955 921 gut, Cäcilie: wir hätten nie etwas ver
2162 788 2436 904 annof
1170 855 2874 1058 schweigen können; es hätte gar keine
1184 1030 1939 1219 Worte gebraucht.
1229 1129 3019 1366 Und trotzdem ist eine gewisse Befangen
1042 1188 1155 1380 C:
1177 1312 2936 1487 heit zwischen uns in den allerletzten
1196 1470 2661 1657 Tagen. Das fühlst du doch auch?
1238 1567 3109 1802 Das muss überwunden werden. Soll uns der
1061 1693 1167 1811 A:
1193 1780 3094 1958 Mut zur Wahrheit verlassen gerade in dem
1205 1939 3052 2152 Augenblick, wo wir ihn am notwendigsten
1217 2083 3038 2285 brauchen? Jetzt muss alles klar werden.
1215 2244 3104 2450 Cäcilie, wir sind es doch! Sag' mir, was
1226 2415 2216 2581 du mir zu sagen hast.
1278 2564 3064 2744 Du musst mir nicht Mut zusprechen, Ama-
1089 2543 1188 2716 c:
1233 2716 3026 2900 deus. Wir ahnen beide lang genug, dass
1231 2855 2313 3049 irgend etwas herannaht.
1288 2985 3035 3217 Aber dass es nun da ist, ist dir doch
1099 3011 1215 3206 A:
1262 3187 2959 3381 erst heute gewiss worden... heute...
1252 3319 3035 3494 vor einer Stunde... Aus dem Ton deiner
1264 3480 3092 3677 Stimme hör' ich's heraus, dass du jetzt
1250 3651 2543 3814 nicht mehr daran zweifelst.
