3384 4168
2738 451 2876 639 63
1128 722 2871 881 Aber vielleicht giebt es heute etwas,
948 786 1057 917 C:
1100 848 2966 1064 das zurückhält, - das zutückhalten könnte,
1135 1040 2047 1204 wenn es nur wollte.
1126 1147 3023 1373 nach einer Pause: Es will nicht. Nein
967 1242 1081 1416 A:
1102 1313 2985 1499 Es darf nicht wollen. Wozu? - Heute wäre
1100 1475 2862 1682 ich der Stärkere, vielleicht auch ein
1116 1610 2997 1826 anderes Mal, - und endlich käme doch der
1123 1748 2969 1957 Tag, an dem ich unterliegen müsste, und
1130 1921 2997 2109 selbst wenn man immer der Sieger bliebe:
1130 2062 2926 2304 ist das noch ein Glück, um das man oft
1133 2214 3035 2418 kämpfen und immer zittern müsste? - Nein,
1133 2382 2933 2574 Cäcilie, in der Angst um einander soll
1135 2544 3045 2738 unsere Liebe nicht enden! Denn dann ginge
1135 2703 2997 2898 mehr zugrunde als die Liebe allein, und
1150 2852 3047 3071 du weisst, dass wir uns Höheres zu erhal-
1150 3083 1641 3206 ten haben.
1071 3135 2905 3354 C: Du hast Recht, Amadeus; aber es ist
1147 3306 2947 3508 nicht allein aus Stolz, dass du unsere
1147 3468 2696 3672 Liebe so leicht entgleiten lässt.
1090 3615 2959 3876 A: Und es ist nicht nur aus Liebe, dass
