3400 4168
2587 255 2725 408 64
993 508 2873 745 du dich noch auf halbem Wege zurückrufen
988 785 1441 933 liessest.
1048 897 1907 1074 Auch das ist wahr.
873 921 981 1074 C:
1102 964 2945 1198 Nun also! Dass es keinem von uns beiden
928 1093 1038 1308 A:
1031 1145 2916 1370 bestimmt war, mit seiner Zärtlichkeit al-
2219 1243 2560 1365 compte un
1045 1293 2875 1527 lein zurückzubleiben, das haben wir uns
1052 1439 2849 1678 doch beide wohl verdient. Warum sollen
1059 1568 2959 1847 wir die Stunde, in der es end giltig klar
1071 1773 2899 1990 wird, durch Bitterkeit entweihen? Seien
1088 1902 2885 2114 wir doch beide froh, dass es ausgespro-
1100 2066 2883 2293 chen ist, denn jetzt wird alles wieder
1095 2231 2885 2467 ganz gut werden. Die Befangenheit, die
1105 2386 3002 2603 über uns gelastet hat, wird schwinden.
1117 2520 2985 2727 und wenn nur ein paar Tage um sind, wer-
1122 2668 3011 2918 den wir uns näher sein als je. Denke nur,
1133 2823 3016 3062 wie anders wir uns heute gegenüberstehen
1145 2988 3023 3193 als die meisten Andern in einem solchen
1143 3136 2954 3355 Augenblick könnten, die sich einmal ge-
1145 3315 3004 3541 liebt haben.) Wie müde sind Andere in ei-
1155 3453 3064 3649 nem solchen Augenblick - von kleinlichen
1172 3594 3097 3847 Ausflüchten, mühseligen Beschwichtigungen
