3336 4104
1232 643 2410 837 kommen morgen zu Cäcilie.
1038 790 1949 989 M: Ja, jedenfalls.
1041 944 2866 1145 A: l:öffnet die Türe: O, was für ein
1242 1100 2748 1279 Wetter! /:Es regnet und stürmt:
1093 1239 2996 1471 M: Bleiben Sie doch; die vordere Garten
1190 1436 2032 1639 tür ist ja offen.
1270 1556 2883 1776 :nimmt rasch einen Plaid, der auf
1050 1629 1185 1755 A:
1223 1710 2968 1925 dem Diwan liegt; nimmt ihn um:
1232 1847 3001 2107 es ist ganz dunkel.  Beide ab. Bühne
1261 2074 1542 2266 leer:
