3416 4168
2534 304 2705 449 199
1152 584 1520 793 Sie - -
1074 758 2085 945 S: Wer denn als ich?
1074 838 2947 1092 A: Sie haben kein Recht dazu. Je unwah¬
1176 998 2895 1235 rer die Gerüchte sind, umso weniger.
1097 1147 2857 1406 S: So wäre Ihrer Logik nach also Cä-
1221 1318 2992 1546 cilie heute die einzige Frau der Welt,
1233 1444 3052 1696 die gegen Verleumdungen schutzlos blei-
1242 1682 1700 1864 ben muss?
1335 1750 3023 2016 Wenn Sie wirklich die Wahrheit spre-
1278 1921 3057 2183 chen, Aigismund, so-hätte sie nur einer
1159 1881 1280 2090 A:
1280 2054 2755 2323 zu schützen — und das wäre ich.
1192 2221 3052 2494 S: Ich habe dan lebhaften xxxx Grund
1306 2349 3083 2601 zu zweifeln, dass Sie von diesem Recht
1323 2515 3052 2750 Gebrauch machen und diese Pflicht er-
475 2620 770 2772 Monsieur le dernier
1337 2724 2040 2938 füllen würden.
1278 2805 3190 3064 A: Sie irren sich, Sigismund! - Und wenn
1356 2969 3135 3218 Sie sich von hier aus nach Hause bemü-
1373 3123 3178 3370 hen wollen, so werden Sie sich von die-
1446 3278 2933 3534 sem Irrtum bald überzeugt haben.
1320 3460 2328 3684 S: Was bedeutet das?
1506 3553 3095 3836 Ganz einfach: Herr Albert Roon be-
