3288 4152
2570 385 2758 551 163
1041 584 2927 811 Kopf: Es ist das Einzige... Was sonst?
1090 757 2835 943 :Auf; hin u.her, mit zusammengebisse-
1051 915 2762 1112 nen Zähnen:! Sonst geh' ich einfach
1051 1083 2772 1252 zugrunde.... Er oder ich. - - Sollte
1107 1198 2840 1388 sie wirklich noch schlafen?... Es ist
1067 1379 2776 1527 beinahe elf Uhr. - Aber was hätte es
1067 1508 2882 1710 für einen Sinn, vorher mit ihr zu spre
1081 1684 2683 1824 chen? Sie soll es ja doch erst er-
1067 1836 2786 2000 fahren, wenn es vorbei ist — so oder
1086 1965 2837 2136 so... Aber sie sehen - ihr guten Mor¬
1081 2129 2844 2289 gen sagen - ja. :Er geht nachhinten
1088 2270 2910 2436 zur Türe Cäciliens; klopft leise. Klei
1086 2434 2868 2610 ne Pause: Cäcilie! :Er klopft wie-
1095 2589 2762 2776 der: Cäcilie!:Er öffnet rasch,
1151 2748 2751 2934 tritt ins Zimmer, kommt wieder zu-
1107 2875 2601 3088 rück. Sie ist fort...? :Zum
1107 3034 2228 3248 Schreibtisch, klingelt:
