3480 4216
2701 572 2828 746 12
1194 811 2833 1015 Wozu? Sie wissen es doch. Es fällt
843 833 1152 1017 Fried:
1117 948 2940 1182 mir auch nicht ein, was Uebles dran zu
1134 1167 1515 1358 finden.
873 1291 1928 1483 Amad: Auch mir nicht.
1229 1378 2888 1632 Der Fürst hat gar nicht den Ruf ei-
878 1527 1187 1659 Fried:
1149 1575 2886 1801 nes Don Juan,- so leicht es ihm auch
595 1689 997 1876 Rasselhast.
1182 1711 2883 1963 bei seiner Schönheit und seinem Rang
1196 1863 2913 2147 fallen müsste, sich diesen Ruf zu er-
1201 2119 1567 2281 werben.
923 2119 2933 2458 Amad: Wom erzählen Sie das! Ich kenne den
1229 2376 2311 2622 Fürsten besser als Sie.
995 2507 2552 2801 Fried: Sie waren ja sein Lehrer.
1294 2657 3050 2908 Das ist allerdings lang her. Vor zehn
1264 2788 2945 3070 Jahren, als ganz junger Mensch, hab'
963 2791 1226 2975 Am ad:
1274 2955 2997 3221 ich auf dem Schloss seines Vaters ge-
1286 3109 2935 3418 wohnt, bei Komotau, und damals hab'
1085 3293 2341 3602 ich Sigismund unterrichtet.
1087 3410 3082 3761 Fried: Wollte er sich nicht zum Pianisten
1346 3694 1831 3878 ausbilden!
