3352 4136
2538 308 2710 536 202
1986 497 2246 644 nicht
1142 591 2807 825 selbstverständlich in Wien sein.
1156 694 2906 942 Bitte, das ist kein plötzlich Einfall
1172 874 2777 1099 - es war mein Entschluss: wenn Sie
1161 1057 3009 1262 sich nicht scheiden lassen, so geh' ich
1163 1168 3014 1409 fort. Ihre Frau Gemalin wird auch nicht
1165 1347 2993 1559 überraschtssein; gestern in dem berühm-
1177 1499 2926 1740 ten Speisewagen hab' ich ihr angedeu-
1198 1662 2862 1890 tet, dass ich verreisen verde; erst
1175 1788 2998 2060 heute Nacht ist mir die Idee zu diesem
1205 1949 2952 2159 letzten Versuch gekommen. - Also bit¬
1234 2096 2607 2356 te, grüssen Sie Frau Cäcilie.
1168 2234 2736 2513 A: Sie wollte Sie dabehalten -?
1175 2432 2915 2618 S: Sie schien nicht recht zu begrei-
1237 2577 2947 2802 fen, warum ich fort wollte. Aber ich
1253 2731 2814 2952 glaube, jetzt wird sie nicht mehr
1248 2864 3016 3106 wünschen, dass ich hierbleibe, da ich
1724 3018 2018 3115 duisir
1271 3057 2630 3260 ja meinen Zweck erfüllt habe.
1184 3239 2011 3425 A: Ihren Zweck —
1188 3257 3041 3561 S: Nun, ich sehe ja jetzt, was ich ihr
1361 3476 3011 3701 war - vielleicht auch ohne dass sie
2411 3558 2871 3703 bel Regel of
1317 3609 3142 3915 es ahnt: ein Mittel, Sie, wieder zurück-
