3256 4120
2632 384 2774 551 58
1019 575 2444 796 C: Ja. Er lässt dich griissen.
1019 764 2875 957 A: lächelnd: Wozu? :Mit den Noten
1109 926 2877 1109 zum Klavier: Da könnte er doch eben¬
1117 1087 2733 1242 sogut wieder in unser Haus kommen.
984 1256 2877 1408 C: Es gefällt mir nicht am wenigsten an
1126 1420 2645 1562 ihm, dass er das nicht tun will.
1033 1545 2890 1714 A: Nun ja - ich lasse ihn auch grüssen.
1126 1724 2880 1886 Aber es ist ein Unsinn, dass er nicht
1126 1859 2865 2006 mehr kommt. Es war so hübsch, wenn er
1126 2001 2867 2172 Walzer spielte... schade! Es waren so
1131 2162 2924 2385 nette Abende. Ich sprach eben mit Frie-
1129 2336 2439 2500 derike von diesen Abenden.
1036 2441 2897 2674 C: So? Und ich habe eben ihr Bild gese-
1117 2628 1359 2794 hen.
989 2772 1371 2941 A: Du?
989 2936 2958 3122 C: Ja; ich war mit Sigismund im Künstler-
1126 3093 1388 3296 haus.
989 3237 2456 3440 A: Es soll sehr gelungen sein.
987 3406 2946 3560 C: Es wäre ein Wunder, wenn das nicht ge-
1141 3587 2924 3764 lungen wäre! Sie wird sicher auch die
1031 3698 2150 3928 Isolde sehr gut singen.
