3416 4184
2614 340 2783 526 132
1102 529 2104 810 9:A: Wie sollt' ich?
1098 754 2369 943 C: Du wirst ihn verlangen.
1098 875 2806 1109 A: Das kann ich nicht. Nein; gerade
1256 1073 2720 1260 jetzt.... es sähe aus, als wenn
1123 1195 2932 1382 C: Als wenn du keine Lust hättest, fit
1262 1350 2781 1564 sie zu sterben. Das wird sie dir
1262 1490 2642 1735 hoffentlich nicht übelnehmen.
1314 1663 2932 1852 Nun ja; ich will’s versuchen, wenn
1134 1726 1258 1852 A:
1292 1780 2909 2014 du es wünschst. Er ist auf- und
1287 1942 2844 2178 abgegangen und setzt sich wieder:
1730 2133 2066 2304 :Pause:
1354 2225 2932 2450 So wäre also jetzt der Augenblick,
1172 2322 1285 2457 C:
1352 2390 2966 2626 dich am Busen deiner Freundin aus-
1364 2549 2884 2774 zuweinen, wie es in unserem Pro-
1328 2720 2338 2925 gramm vorgesehen war.
1395 2826 2756 3076 :trinkt tee u.schweigt:
1202 2907 1316 3089 A:
1402 2988 3006 3204 Oder hat sich etwa schon ein Trost
1208 3085 1318 3188 C:
1397 3134 2956 3350 gefunden? - Nun, du wirst mir da-
1372 3285 2997 3535 von erzählen, wenn du gelaunt bist.
1364 3465 2894 3672 Hoffentlich bist du diesmal ver-
1370 3575 3031 3818 nünftiger und man muss nicht wieder
