3336 4120
2574 318 2758 582 190
1164 556 2861 816 Einwilligung nicht weiter. - so ver¬
1187 750 2927 970 stunde sich ja meine Einwilligung von
1197 944 1568 1131 selbst.
1279 1028 2987 1262 Sie glaubt, es nicht zu wollen. In
1094 1113 1227 1283 S:
1204 1197 2999 1431 Wahrheit steht die Sache so, dass Frau
1211 1398 2492 1599 Cäcilie Adams-Ortenburg....
1290 1491 2959 1716 Aber bitte, lassen Sie doch den Zu-
1113 1557 1262 1821 A:
1218 1697 1723 1889 namen weg!
1129 1795 3011 2031 S: Dass Frau Cäci keinen eigenen Willen
1225 2010 1449 2200 hat.
1339 2085 2894 2330 Was fällt Ihnen denn ein? Es muss
1138 2253 1253 2373 A:
1258 2305 2873 2492 Ihnen doch bekannt sein, dass Frau
1244 2445 3022 2651 Adams-Ortenburg jede Freiheit hat, die
1262 2578 2978 2791 sie wünscht - also auch die, mich zu
1283 2779 1760 2973 verlassen.
1365 2854 3034 3093 Erlauben Sie mir, das besser zu wis-
1169 2927 1288 3109 S:
1290 3027 3046 3251 sen als Sie. Sie wird erst dann ihnen
1295 3195 2906 3403 eigenen Willen haben, wenn sie von
1300 3389 3074 3579 Ihnen geschieden ist... dann erst, wenn
1318 3492 3055 3714 sie frei ist, wird sie wissen, zu vem
