3384 4104
2692 380 2785 571 7
1119 715 2886 819 tor, er möge die Partie mit Ihnen ein-
1164 850 3011 1007 studieren. Ich geb' es auf, Zwei Monate
1167 1013 2990 1153 lang arbeiten wir jetzt an dieser Szene
1199 1172 2945 1302 es ist umsonst! Verzeihen Sie, gnädi-
1172 1310 3019 1541 ge Frau, und ich habe wirklich Besseres
1169 1525 1533 1709 zu tuh.
1265 1560 2963 1781 Das glaub' ich schon. Wie weit sind
901 1695 1201 1842 Fried:
1188 1810 2352 1932 Sie denn mit Ihrer Oper?
912 1927 3051 2174 Amad: (Ach Gott, tun Sie doch nicht, als wenn
1201 2097 2636 2240 Sie dergleichen interessierte!
981 2166 2979 2421 Fried: Bekomm' ich nicht die Hauptpartie?
1252 2352 3048 2572 So weit sind wir noch nicht, Noch lag
943 2498 1207 2658 Amad:
1236 2533 2859 2724 nicht. - Oder glauben sie, dass es
1233 2711 2963 2878 möglich ist, sich nach einer solchen
1252 2844 2915 3038 Stunde hinzusetzen und zu arbeiten?
1345 2937 2987 3226 „Nach einer solchen...“ Sie sind in
986 3123 1278 3282 Fried:
1276 3120 3027 3367 Ihrem Urteil mir gegenüber nicht ganz
1284 3317 3080 3513 unbefangen, das müssen Sie doch selbst
1302 3582 1656 3713 fühlen.
