3384 4136
2774 380 2929 518 191
1182 578 2987 764 sie gehört. Jetzt lebt sie unter einem
1187 754 2977 953 Dach mit Ihnen, steht unter Ihrem Bam
1196 891 2834 1084 und wir kämpfen, sozusagen, mit un-
2669 1024 2846 1172 G.H.F.P.
1201 1067 1979 1253 gleichen Waffen.
1105 1203 3025 1394 A: Es handelt sich nicht um einen Kampf.
1201 1347 2918 1545 Sie misverstehen unser Verhältnis in
1507 1538 1669 1614 un
1225 1487 2944 1755 einer vollkommen unbegreiflichen Wei-
1225 1664 2965 1860 se! Denn ich kann nicht glauben, dass
1220 1805 2975 2008 Ihnen Cäcilie verschiwgen hätte, war-
1230 1963 2977 2137 um wir zusammen geblieben sind,- dass
1237 2094 2848 2333 wir eben unserer Kunst und unseres
1270 2242 2992 2481 Kindes willen weiter mit einander zu
1227 2392 2844 2617 leben wünschen - also aus tieferen
1237 2574 2951 2772 Griinden, als sonst Eheleute zusammen
1760 2738 1850 2891 G.P.
1246 2767 1643 2939 bleiben.
1585 2834 2440 2992 gast très cemt in ut
1325 2834 2872 3070 Aber vor diesen tieferen Gründen
1151 2946 1273 3073 S:
1258 3030 2987 3228 würde ich in jedem Falle den weitest-
1273 3197 2500 3383 gehenden Respekt bekunden.
2378 3345 2500 3476 P.S.
1172 3354 2268 3536 A: Wie meinen Sie das?
1175 3474 2894 3679 S: Meine Verahrung für Ihre Kunst -
1292 3627 3008 3841 wenn ich ihr auch nicht immer zu fol-
