3464 4136
2887 477 3008 589 24
1256 635 3058 813 Nik: Nieh habe nie dergleichen behaup-
1395 788 3065 980 tet, Herr Rhon. Und Sie haben nicht
1473 966 3021 1151 das Recht, mich dem Herrn Kapell-
1418 1119 3063 1329 meister als eine Art von Umsturzge-
1478 1290 2382 1519 cken darzustellen.)
1299 1420 3138 1644 :Zu Amad: Die Wahrheit ist, dass
1496 1589 3088 1809 ich an der Wiener Universität Phi-
1505 1738 3113 1962 Josephie studiere, Herr Adams, und
1455 1893 3129 2076 mich nebstbei durch schriftstelleri
1521 2051 2994 2208 sche Arbeiten fortbringe. Alles
1521 2211 3147 2421 Andere ist - zum mindesten kein Ge-
1491 2371 3156 2590 sprächsstoff für die ersten fünf Mi¬
1539 2496 3053 2713 nuten einer neuen Bekanntschaft.
1564 2688 3186 2832 :Alb.flüchtig anblickend: | Sie ha¬
1567 2846 3028 3026 ben nicht viel Takt, Herr Rhon.
1432 2978 3065 3227 Alb: : gutmütig: Ja, das ist ein
1580 3152 3136 3332 Fehler von mir. — Na, entschuldi-
1612 3309 2983 3542 gen Sie, Nikolaus. Man sellte
1594 3467 3117 3622 nicht dazu verurteilt sein, alle
2830 3508 3273 3691 wurde betrift
1512 3579 2766 3736 all me me an torzige in to you
1587 3629 3140 3814 seine Vorzüge und Tugenden nur in
