3336 4120
2775 382 2905 515 37.
931 589 1429 770 Amad: Wo?
940 628 2876 928 Alb: In der Welt des leichten Lebens, in
1178 921 2912 1046 die du jetzt endlich - ich hab' es ja
1171 981 2884 1224 längst kommen sehen - mit fliegenden
1176 1207 2489 1388 Fahnen einzuziehen gedenkst.
1299 1344 2783 1544 O, mein Freund, dort gelten aber
950 1366 1193 1520 Amad:
1145 1513 2915 1698 auch andere Gesetze! - Siehst du, hier
1183 1607 2917 1854 ist das Reich der Wahrheit, des Frie-
1188 1823 2848 2003 dens, des Vertrauens, und jede Lüge
661 1744 940 2102 6th
1195 1902 2848 2157 wäre Qual, Gefahr, Zerstörung. Dort
1154 2059 2804 2333 ndrüben ist das Lügen (erstens keine
1154 2196 2903 2465 Mühe - ja eher eine Art von Spiel, im
1200 2451 2869 2629 gewissen Sinn sogar Lebensbedingung.
1248 2523 2852 2783 Damit, dass du selbst etwas leicht
979 2573 1174 2749 Alb:
1200 2737 2862 2924 nimmst, ist nichts getan. Ohne dass
1207 2843 2864 3102 man es ahnt, wird man in Schicksale
1205 2980 3009 3252 hineingezogen,- plötzlich bedeutest du
1222 3143 2951 3398 ein Gewitter, wo du nichts sein woll-
1227 3276 2999 3574 test als ein Hauch,- was dir eine Lau-
1224 3458 2941 3634 ne war, ist dem, der daran verblutet,
1234 3656 2982 3865 ein Bubenstück,- und wo du als ein Dä-
