3336 4088
2305 344 2472 472 230
1111 564 2981 760 so verzweifelt die Wahrheit gesagt, dass
1104 714 2903 944 Einer dem Andern überhaupt nichts mehr
1114 925 1835 1051 glauben könnte.
1165 1237 1697 1346 Szene.
1755 1261 2150 1438 G.C.H.F.F:H.P.H:F.P:
995 1399 2935 1622 Vorige. Peterl herein, mit Figuren in der
1535 1579 1811 1760 Hand.
995 1738 2789 1956 P: Papal Mama! Ich kann schon Theater
1153 1956 3019 2150 spielen! Wollt’s ihr nicht hineinkommen?
1136 2094 2874 2310 Es Das Fräulein hat’s aufgestellt:
1133 2278 2784 2460 hinten ist ein Wald und eine Mühle.
1203 2460 2475 2627 :streicht P.über die Haare:
1005 2487 1119 2598 C:
1201 2591 2942 2775 Nun?... Da hast du dein geliebtes Le-
1022 2644 1123 2804 A:
1213 2731 2990 2930 ben! Jetzt wär' der Augenblick, wo ihr
1177 2889 2988 3094 euch mit Sicherheit in die Arme sänket,
1174 3087 2925 3252 wan ihr das Glück hättet, erfunden zu
1225 3172 2600 3358 sein... Alleze... nicht er mein.
1036 3358 2983 3576 C: Dazu halten wir den Jungen doch beide
1242 3511 3039 3767 ein wenig zu wert. Nicht wahr, Amadeuste,
