3432 4232
1293 671 2876 949 schaftsstunden für die Seligkeiten
1254 945 1616 1097 freuen.
1310 991 2924 1238 Da verlangen Sie Unmögliches. Das,
1125 1147 1243 1353 A:
1282 1188 2894 1419 was Sie meinen, kann Monate, Jahre
1301 1293 2909 1569 dauern, aber nicht evig. Und unter
1295 1471 3052 1745 allen Abschlüssen der Ehe bleibt der,
1306 1647 2683 1903 den wir gefunden, der beste.
1612 1823 2270 2027 :Ea klingelt:
1377 1957 2918 2186 Das wird wol Albertus sein. Wenn
1388 2123 3094 2359 Sie ihn jetzt nicht sprechen wollen,
1406 2294 2924 2540 gehen Sie doch zu Peterl hinein.
1412 2414 3028 2705 Nein, ich will ihm nicht begegnen.
1214 2507 1338 2750 M:
1421 2596 2948 2842 Bitte, sagen Sie ihm auch nicht,
1566 2766 3133 2983 - ach, dass ich da war, können Sie
1462 2929 3113 3161 ihm sagen, aber nichts, was ich mit
1462 3072 3059 3324 Ihnen gesprochen habe... das werd
1473 3200 3126 3489 ich ihm schon selbst - - Ich könnte
1501 3415 2731 3643 ja durch den Garten gehen.
1506 3535 3122 3817 Nun ja, wenn Sie vollen. - Also Sie
