3400 4088
2700 313 2884 499 229
1100 560 2832 828 Du hast falsche Gerüchte verbreitet,
956 660 1075 819 A:
1097 848 1544 985 Albertus.
1227 936 2915 1092 So?... Etwas Aehnliches habe ich ja
970 973 1188 1151 Alb:
1117 1095 2874 1276 vermutet. + Nun ja, ich vermute immer
1119 1234 2976 1417 alles; denn was ist nicht möglich? - So-
1119 1395 2932 1613 mit ist jetzt in diesem Hause alles in
1134 1569 1989 1774 schönster Ordnung.
1193 1659 2847 1869 Ja, in schönster Ordnung: ich fahre
1002 1745 1112 1970 A:
1136 1838 3047 2033 morgen ab, und wenn ich zurückkomme, ist
1158 1979 2309 2172 Cäcilie schon in Berlin.
1063 2124 2959 2366 Alb: sieht beide an: Wie...? Ihr - -
1175 2275 3001 2490 So? - - Das gefällt mir eigentlich. Ja.
1183 2434 3001 2644 Ihr Zwei, Ihr seid feine Menschen - be-
1227 2603 3033 2786 sonders Sie, Cäcilie - Ihr müsst jetzt
1237 2759 2996 2962 auseinander. So werdet ihr wenigstens
1803 2898 2363 3020 das ist die auf¬
1210 2893 2920 3116 das Gelöbnis der Freundschaft halten
1219 3165 1562 3280 können.
1251 3233 3057 3409 Du misverstehst uns. Auch damit ist es
699 3353 926 3548 Avril
1222 3485 1422 3583 aus.
1090 3499 3060 3758 C: Ja. Wir haben uns nun so lange,so oft
