3448 4248
2824 416 2996 557 118
1483 754 2742 1011 Bub und Fräulein v.rechts.
1044 1077 2621 1324 Ahad: Was, der Bub ist noch auf?
1052 1152 3045 1495 Frl: Er hat nicht einschlafen können, und
1206 1334 3109 1624 jetzt, wie er den Wagen vorfahren gehört
1198 1501 2916 1752 hat, war er nicht mehr zu beruhigen.
1090 1688 2267 1962 Peterl: Die Mama kommt!
1095 1806 3165 2103 Alb: Was hast du denn da für schöne Blumen
1111 1983 3060 2265 Amad:  :nimmt die Blumen Friederikens aus
1316 2103 3183 2455 der Vase und lässt sie zu Boden gleiten
