3288 4056
917 562 1841 749 C: Welches Gesetz?
927 694 2835 891 A: Dass zwei Menschen - auch die besten
1050 860 2939 1062 nicht dazu ausersehen sind, sich ewig zu
1062 1038 1417 1228 lieben.
1119 1183 2766 1337 Da wäre die Welt offenbar zu schön.
936 1183 1040 1330 C:
1403 1268 2406 1386 Crey tiel. ###.... (on
1112 1330 2936 1524 Nun ja. Aber das verstehst du doch, Cä-
936 1370 1052 1488 A:
1088 1493 2865 1645 cilie, wenn ich dir sage: gerade jetzt
1100 1645 2771 1815 vielleicht in schönerm Sinne als je,
1135 1775 2823 1962 dass ich ohne dich nicht leben kann?
1121 1948 1984 2145 Ich glaube es dir.
946 1953 1050 2109 C:
1130 2078 2707 2287 Glaub' es mir - ja, glaub' ea mir!
946 2114 1052 2311 A:
1128 2259 2377 2434 :Er steht auf, umarmt sie:
1000 2398 2813 2593 C: Amadeus!.:Mit verhaltener Freude:
995 2538 2256 2754 A: Leb' wohl, Geliebte....
