3352 4136
2507 385 2671 572 151
1266 622 2834 860 Schicksal zu bestimmt bist, denen
1321 805 2267 989 du gehören wirst....
1194 939 2964 1150 C: Niemandem gehör' ich und werd' ick
1284 1091 2845 1308 gehören. - Deine Freundin ist da,
1284 1273 1693 1458 Cäcilie!
1319 1403 2953 1581 Du bist nicht meine Freundin, denn
1121 1387 1260 1616 Ce
1297 1530 2946 1746 du bist auch nicht die Cäcilie, die
1310 1708 2907 1913 ich geliebt habe; du bist nur sehr
1321 1829 2812 2062 ähnlich einer, die mir lieb war,
1315 2003 2874 2210 aber doch ganz anders als die. Du
1335 2166 2825 2353 bist nicht die, die sieben Jahre
1379 2280 2942 2502 lang meine Frau war! Das hab' ich
1401 2438 2896 2641 empfunden in dem Augenblick, als
1346 2610 2982 2832 du hier hereintratest. Nur ein ge-
1339 2764 2953 2955 heimnisvoller Zusammenhang besteht
1348 2896 2867 3098 zwi chen dem jungen Mädchen, das
1412 3047 3061 3250 vor sieben Jahren eines Abends ganz
1368 3204 2929 3417 plötzlich in meine Arme sank, und
1385 3342 3043 3571 der Frau, die heute durch diese Tür¬
1394 3500 2896 3685 eintrat. Aber diese sieben Jahre
1372 3628 2964 3832 habe ich mit einer Andern verlebt,
