3400 4200
2603 435 2790 566 134
1275 675 2186 903 du jünger wärst...?
1137 834 2920 1003 C: Dann dächte ich womöglich noch we-
1286 949 2855 1108 niger daran. Ich möchte mich wahr
1295 1108 2481 1295 haftig nicht mehr binden.
1208 1241 2831 1473 A: Natürlich! - Aber wäre es nicht
1311 1402 2991 1609 denkbar, dass deine Neigung sich als
1322 1576 2933 1776 tiefer erwiese, als du anfangs ver
1324 1770 1868 1881 mutet hast?
1373 1870 2993 2077 Und wenn auch! Dass sie nicht ewig
1188 1908 1304 2039 C:
1384 2030 2570 2211 währt, weiss ich ja doch.
1206 2171 2953 2405 A: Du denkst also schon an das Ende?
1384 2334 3022 2536 Ich sage nicht, dass ich daran den-
1215 2396 1326 2496 C:
1308 2454 2987 2728 ke; aber wenn man mich danach fragt,
1357 2646 2969 2864 so weiss ich, dass es kommen wird.
1366 2819 2135 3000 A: Und dann —?
1237 2906 2949 3136 C: Es giebt so viele Verheissungen!
1246 3009 3044 3296 A: Und ahnt Sigismund, dass dirsolehe
1386 3227 2824 3468 Gedanken durch den Kopf gehen?
1451 3370 3013 3617 Was fällt dir ein! Dergleichen ge
1261 3403 1411 3582 c:
1460 3539 2833 3776 steht man nur seinem Freunde.
1478 3671 2683 3905 :Sie reicht ihm die Hand:
