3368 4120
2541 353 2671 472 113
1381 627 1516 784 G.F.P
1018 602 1351 802 kann.“
876 754 2417 955 A: Nun, wie findest du das?
922 891 2848 1109 Alb: Nun, ich finde, wenn es derselbige
1015 1031 2986 1244 ist, von dem die anderen Briefe herrühren,
1079 1181 2968 1396 so wird er zusehends milder. Anfangs hat
1064 1381 2927 1584 er dich einen Schurken, neulich nur mehr
1046 1511 2975 1731 einen Idioten genannt - dieser Brief ist
1099 1665 2963 1879 beinahe herzlich zunennen - und im näch-
1066 1810 2993 2051 sten dürfte dir selbiger das Du antragen.
972 1978 3013 2257 A: So heiter du die Sache nimmst, ich kann
1117 2140 2826 2336 dir nicht verhohlen, dass mich diese
1117 2331 1973 2534 Briefe irritieren.
988 2458 2800 2691 Alb: Das begreif' ich nicht. Es steht
1132 2587 2826 2846 doch nichts drin, als was du weisst.
1008 2757 2909 2978 A: Was ich weiss -? Aus diesen Briefen
1163 2889 3034 3148 geht hervor, dass mich die Leute einfach
1203 3064 2917 3326 für einen betrogenen Ehemann halten.
1036 3227 2970 3470 Alb: Darauf musstest du doch vorbereitet
1125 3377 2904 3641 sein, dass eine Anzahl von Leuten die
2503 3501 2887 3699 übrigens
1148 3575 2435 3806 Sache nicht anders auffasst.
1241 3679 2978 3912 belangt, so bin ich wahrhaftig unsehn
