3416 4200
2352 371 2560 596 les
1270 636 2835 902 cha, die durchaus keinen Aufschub
1239 959 1682 1069 verträgt.
1089 981 2931 1232 Alb: Maria will mich verlassen - mich,
1237 1251 1928 1366 Max und Moriz,
1105 1294 2948 1529 A: Ja, sie hat es mir angedeutet. Aber
1261 1517 2871 1656 sie ist doch noch in deinem Hause?
1268 1610 2904 1756 Lass' mich also gefälligst zuerst..
1115 1622 3046 1909 Alb: Und sie verkümmert in meinem Hause!
1270 1809 3041 1967 Sie wünscht, ihre Existenz einer gros
1285 1921 3091 2117 sen Sache zu widmen - einem Lebenswerk
1292 2070 2919 2280 Sie will nicht länger die Geliebte
1306 2220 3041 2436 ihres Mannes sein... dies ihre Worte!
1383 2436 2995 2579 - Ich brauche dir nicht erst zu sa-
1316 2512 3015 2823 gen, dass Herr Fichtenstein dahinter
1325 2744 2952 2931 steckt, - meiner Ueberzeugung nach
1340 2818 3082 3122 völlig ohne seine Schuld. Er verlässt
1340 2981 3055 3280 Wien, sie will ihm folgen. Dabei ist
1349 3165 3137 3433 sie so wenig in ihn verliebt als er in
1354 3273 3149 3594 sie. Es wäre ein Unglück für sie beide
1266 3436 2928 3754 A: Und für dich eine arge Störung-
1275 3591 3105 3871 Alb: Ganz richtig. Darum wäre es eben
