3384 4120
2569 384 2754 531 226
948 611 2940 824 A: Wahrhaftig, schwer willst du uns Beide
1092 775 2757 974 büssen lassen, dass wir noch einmal
1103 1015 1863 1167 glücklich waren!
1177 1046 2916 1304 Büssen? - Was will dieses Wort hier?
1005 1170 1128 1353 C:
1108 1288 2893 1456 Keiner von uns hat etwas begangen, wo-
1108 1412 2947 1623 für er Busse verdient, Keiner kann dem
1131 1556 2983 1770 Andern einen Vorwurf machen. Es ist wol
1144 1744 3017 1955 alles so gekommen, wie es kommen musste.
994 1876 3068 2092 A: Wie es kommen musste?... War es dir denn
2594 1953 3066 2064 in Honder
1149 2012 2999 2216 selbst bewusst, dass diese Rückkehr das
1144 2234 2180 2380 Ende bedeuten musste?
1023 2332 2988 2535 C: In dem Moment, dass es für dich etwas
1170 2486 2986 2679 Anderes bedeuten könnte, hab' ich's ge¬
1175 2684 1489 2878 wusst.
1229 2798 3112 3037 Warum hast du mich dann nicht von deiner
1036 2888 1154 3027 A:
1195 3001 2066 3161 Tiire fortgewiesen?
1239 3171 1687 3359 Warum?...
1046 3187 1175 3334 C:
