3400 4136
2778 526 2911 639 47
1311 670 2860 871 Von der Veranda MARIA und PETERL.
1295 851 2347 1014 Amad: Ah, deine Frau.
1311 975 3067 1171 Maria: :noch an der Türe: Ist's er¬
1450 1136 2981 1324 laubt? :Sie tritt mit dem Kind
1465 1293 3063 1454 ins Zimmer: Guten Tag. Grüss Sie
1461 1478 2944 1651 Gott, Amadeus. Guten Morgen, Al¬
1456 1620 3096 1801 bert... Herr Peterl hat mir erlaukt
1456 1797 2287 1945 hier einzutreten.
1339 1927 3045 2117 Amad: ihr die Hand reichend: Wie
1448 2115 2309 2272 geht’s Ihnen dann?
1339 2214 2683 2409 Alb: Was machst du denn da?
1348 2362 3021 2581 Maria: Du weisst ja, Albertus, ich
1505 2550 3127 2734 wollte mit Cäcilie sprechen - wegen
1503 2751 2139 2913 des Konzerts.
1368 2824 3145 3045 Alb: Ach se! Ich hatte ganz vergessen
429 2944 946 3136 in the harron
1388 3023 3129 3207 Amad: Cäcilie ist noch nicht da; sie
451 3129 946 3271 Thealerkübrer
1470 3121 3083 3361 muss aber jeden Augenblick kommen.
1551 3342 2612 3514 - Setzen Sie sich doch.
1441 3465 3105 3669 Maria: :sitzt auf dem Divan, Amad.
1509 3662 3065 3832 sitzt auf dem Klaviersessel. Alb.
