3352 4120
2470 251 2666 506 192.
1028 554 2818 754 gen vermag - ist so gross, wie die Be-
1051 688 2776 913 wunderung für den Gesang von Frau Cä¬
1056 872 2760 1056 cilie. Ich weiss, wie viel Sie Beide
1056 1012 2820 1210 einander verdanken, wie Sie sich, wenn
1106 1162 2836 1364 ich so sagen darf, musikalisch ergän-
1058 1327 2776 1534 zen, und ich würde ebensowenig daran
1065 1463 2829 1656 denken, mich irgendwie in die Musikge-
1070 1626 2778 1785 schichte einzumischen, als ich Ihnen
1053 1757 2834 1969 (in irgend einem Falle) den Verkehr mit
2187 1909 2404 2008 cung.
1070 1955 2454 2139 Ihrem Kinde erschweren würde.
982 2065 2831 2309 A: Sie hätten nichts dagegen, dass der
1086 2217 2852 2440 frühere Gatte Ihrer... der Frau Cä...
1083 2376 2769 2590 der Fürstin von Lohsenburg in Ihrem
1076 2599 1877 2753 Hause verkehrte?
1003 2702 2760 2893 S: Jede Einwendung dagegen wäre eine
1104 2799 2836 3008 Beleidigung gegen Ihre - gegne meine
1109 3001 2870 3192 gegen Cäcilie und gegen Sie.
1109 3156 2845 3367 se: Ich bin überzeugt, wenn Sie nä
1106 3307 2900 3519 her darüber nachdenken, werden Sie mir
1120 3461 2742 3650 nicht nur zustimmen, sondern sogar
1122 3604 2827 3818 staunen, dass Sie nicht schon früher
