3384 4136
2749 391 2864 513 40
1129 621 2828 847 reichere Existenz als je. Ich erlebe
1125 820 2939 983 meine Abenteuer ohne Zeitverschwendung,
1141 917 2869 1141 oder Unannehmlichkeiten, oder Gefahr;
1145 1120 2851 1287 kein beleidigter Gatte lauert mir auf,
1150 1256 2742 1446 keine verführte Jungfrau ringt die
1175 1403 2832 1579 Hande; wie einem Maler, dem aus ei-
1132 1559 2878 1746 nem einzigen Modell hundert verschie-
1156 1719 2941 1875 dene Gestalten werden, bedeutet mir Ma-
1147 1882 2848 2049 ria alle irdische Weiblichkeit, nach
1147 2019 2966 2193 der meine Phantasie verlangt; denn sie
1138 2175 2889 2349 hat das seltene Genie, beinahe nichts
1145 2315 2860 2469 zu sein. Wie glücklich ich mich in
1147 2480 2882 2640 meiner Ehe fühle, kann niemand ahnen,
1154 2652 2893 2830 und am wenigsten meine Frau, weil sie
1161 2796 2823 2975 ja keine Ahnung hat und nicht ahnen
1163 2932 2975 3115 darf, was sie alles vorstellt. Es könn-
1260 3072 1403 3180 ihr
1163 3133 2848 3284 te ja passieren, so eifersüchtig auf
1168 3282 2977 3415 sich selbst zu werden, dass sie darüber
1163 3399 2943 3573 wahnsinnig wird. (Wie sollte sie es be-
1166 3591 2963 3711 greifen, dass in einem gewissen höhern
1168 3698 2902 3883 Sinn nicht sie sondern die egyptische
