3416 4152
1300 865 2069 1124 Amadeus, Albert.
927 1022 2879 1248 Amad: Es ist unglaublich - kein Wort hat
1134 1226 2151 1410 sie davon gesprochen!
975 1310 2944 1561 Alb: Sie wollte dich wahrscheinlich nicht
1156 1519 2354 1770 aus der Stimmung bringen.
1169 1624 3046 1880 Und die Sache selbst - welche Ungeheuer-
992 1745 1099 1897 A:
1141 1788 2926 2074 lichkeit! Ihrem Mann ist es gleichgil-
1161 1962 3016 2220 tig - er schiesst einen Menschen nieder,
1218 2136 2807 2364 den er offenbar nicht gehasst hat
1228 2267 3041 2516 einen Menschen, der vielleicht auch gar
1241 2432 2991 2698 nicht mehr daran dachte, der in glück-
1201 2650 2098 2884 licher Ehe lebt....
1079 2710 3085 2996 Alb: Ja, es ist sehr verwirrend, dass jede
1268 2854 3080 3182 Seele ihre eigene Sprache redet. Daher
1256 3031 3095 3324 wird mit dem Aufbau der menschlichen Ge-
1308 3212 3150 3516 sellschaft so venig zu Ende kommen, viel
1313 3319 3175 3615 mit der Vollendung jenes Turme.). Uebri-
2882 3521 2966 3657 mit
1541 3523 2822 3806 dacht' ich, ihr väret fertig.
