3528 4232
2709 217 2884 351 141
1277 492 1835 648 rat erfuhr!
1163 555 2737 808 A: Ermutigend war es ja wirklich
1315 678 2976 935 nicht, wie wir nach dem gemeinsamen
1346 845 2851 1115 Jahr in Köln wieder auseinander
1192 928 1409 1040 zwei
1400 977 2972 1234 mussten, und du mir mit dem Buben
1370 1098 3009 1387 davonfuhrst und mich allein zurück-
1394 1414 1828 1534 liessest.
1451 1442 3055 1673 Das war nicht notwendig, - dass du
1477 1580 3044 1833 dort allein bliebst das war dein
1262 1598 1376 1721 C:
1440 1879 1932 1997 Eigensinn.
1499 1875 3062 2145 Sag' das doch nicht! Hätte es dir
1488 2019 3073 2309 vielleicht gefallen, wenn ich hier
1326 2063 1433 2166 A:
1484 2114 3253 2439 als Gatte meiner Frau gelebt hätte...
1370 2331 3073 2594 womöglich von deiner Gage? - Nun ja,
1569 2476 3132 2779 werhat sich vor vier Jahren schon
1541 2623 3108 2889 um mich gekümmert? - Es war schon
1602 2748 3152 3033 gut so. Alles war gerade so gut,
1620 2904 3187 3167 wie es verlaufen ist.
1631 3053 3196 3330 zurück. Und auch die Zeit, in der
1651 3196 3295 3512 wir nicht bei einander waren, hatte
1635 3365 3303 3624 sehr viel Schönes - eine ganz beson-
1629 3499 3328 3782 dere Art von Schönheit. So ungestört
