<?xml version="1.0" encoding="UTF-8" standalone="yes"?>
<PcGts xmlns="http://schema.primaresearch.org/PAGE/gts/pagecontent/2013-07-15" xmlns:xsi="http://www.w3.org/2001/XMLSchema-instance" xsi:schemaLocation="http://schema.primaresearch.org/PAGE/gts/pagecontent/2013-07-15 http://schema.primaresearch.org/PAGE/gts/pagecontent/2013-07-15/pagecontent.xsd">
    <Metadata>
        <Creator>prov=READ-COOP:name=TrHtr:version=2.1.0:model_id=51170:date=25_07_2023_03:21</Creator>
        <Created>2023-05-10T13:04:59.291+02:00</Created>
        <LastChange>2023-07-25T03:21:16.633+02:00</LastChange>
        <TranskribusMetadata docId="1428562" pageId="55408287" pageNr="161" tsid="130581801" status="IN_PROGRESS" userId="64420" imgUrl="https://files.transkribus.eu/Get?id=NWLSZMDOJXTDLFRIKWHELLEO&amp;fileType=view" xmlUrl="https://files.transkribus.eu/Get?id=TMPFKEWSNEUGLTPBFXHVHQSI" imageId="44682433"/>
    </Metadata>
    <Page imageFilename="1428562_0161.jpg" imageWidth="3432" imageHeight="4232">
        <ReadingOrder>
            <OrderedGroup id="ro_1711794449050" caption="Regions reading order">
                <RegionRefIndexed index="0" regionRef="tr_1"/>
                <RegionRefIndexed index="1" regionRef="tr_2"/>
            </OrderedGroup>
        </ReadingOrder>
        <TextRegion id="tr_1" custom="readingOrder {index:0;}">
            <Coords points="1056,469 2939,469 2939,2188 1056,2188"/>
            <TextLine id="tr_1_tl_1" custom="readingOrder {index:0;}">
                <Coords points="2647,529 2670,527 2703,538 2721,554 2730,547 2754,557 2772,541 2793,545 2825,536 2823,370 2793,377 2770,395 2742,381 2689,393 2666,374 2645,374"/>
                <Baseline points="2659,519 2703,519 2748,522 2793,519 2832,522"/>
                <TextEquiv>
                    <Unicode>171</Unicode>
                </TextEquiv>
            </TextLine>
            <TextLine id="tr_1_tl_2" custom="readingOrder {index:1;}">
                <Coords points="1176,855 2915,781 2920,633 2525,651 2423,709 2220,638 1180,742"/>
                <Baseline points="1190,805 1220,805 1265,805 1310,805 1354,805 1399,802 1444,802 1489,799 1534,796 1578,796 1623,796 1668,793 1713,793 1757,790 1802,790 1847,787 1892,787 1936,784 1981,781 2026,781 2071,778 2116,778 2160,778 2205,775 2250,772 2295,769 2339,764 2384,764 2429,761 2474,761 2518,761 2563,758 2608,761 2653,758 2697,755 2742,755 2787,752 2832,752 2877,752 2921,752"/>
                <TextEquiv>
                    <Unicode>tern besprochenen Stück. - Ich danke,</Unicode>
                </TextEquiv>
            </TextLine>
            <TextLine id="tr_1_tl_3" custom="readingOrder {index:2;}">
                <Coords points="1176,986 1839,993 2541,915 2786,966 2821,820 2689,778 2338,875 1693,862 1575,906 1180,866"/>
                <Baseline points="1190,966 1208,961 1253,961 1298,958 1343,955 1387,952 1432,952 1477,952 1522,949 1566,949 1611,946 1656,946 1701,943 1745,943 1790,940 1835,937 1880,937 1924,934 1969,934 2014,931 2059,928 2104,928 2148,928 2193,925 2238,922 2283,922 2327,919 2372,916 2417,916 2462,913 2506,910 2551,910 2596,907 2641,910 2686,907 2730,904 2775,904 2821,896"/>
                <TextEquiv>
                    <Unicode>der ist mir zu abgeschmackt! Das f</Unicode>
                </TextEquiv>
            </TextLine>
            <TextLine id="tr_1_tl_4" custom="readingOrder {index:3;}">
                <Coords points="1185,1143 1518,1143 1562,1116 1705,1143 1788,1109 2010,1130 2102,1095 2107,984 1982,961 1813,1005 1686,979 1538,1040 1351,1067 1190,1044"/>
                <Baseline points="1199,1116 1211,1116 1256,1113 1301,1113 1346,1110 1390,1107 1435,1107 1480,1104 1525,1101 1569,1098 1614,1098 1659,1095 1704,1095 1748,1095 1793,1092 1838,1089 1883,1089 1927,1086 1972,1086 2017,1083 2062,1086 2107,1089"/>
                <TextEquiv>
                    <Unicode>glaubt kein Mensch.</Unicode>
                </TextEquiv>
            </TextLine>
            <TextLine id="tr_1_tl_5" custom="readingOrder {index:4;}">
                <Coords points="1222,1301 2848,1234 2894,1150 2763,1123 2562,1178 2160,1113 1386,1208 1227,1164"/>
                <Baseline points="1238,1259 1241,1259 1286,1262 1331,1259 1375,1259 1420,1259 1465,1259 1510,1250 1554,1250 1599,1250 1644,1250 1689,1247 1733,1244 1778,1244 1823,1241 1868,1241 1913,1241 1957,1238 2002,1238 2047,1235 2092,1235 2136,1232 2181,1229 2226,1226 2271,1226 2315,1223 2360,1220 2405,1220 2450,1217 2495,1217 2539,1214 2584,1214 2629,1211 2674,1208 2718,1208 2763,1205 2808,1202 2853,1202 2897,1199"/>
                <TextEquiv>
                    <Unicode>Lass' das doch! Wir befinden uns im</Unicode>
                </TextEquiv>
            </TextLine>
            <TextLine id="tr_1_tl_6" custom="readingOrder {index:5;}">
                <Coords points="1044,1307 1063,1305 1086,1326 1104,1314 1113,1319 1134,1310 1157,1319 1171,1317 1169,1190 1148,1185 1120,1201 1102,1185 1072,1206 1042,1210"/>
                <Baseline points="1056,1271 1101,1271 1146,1271 1178,1277"/>
                <TextEquiv>
                    <Unicode>A:</Unicode>
                </TextEquiv>
            </TextLine>
            <TextLine id="tr_1_tl_7" custom="readingOrder {index:6;}">
                <Coords points="1194,1444 1940,1441 2347,1379 2419,1421 2490,1377 2756,1407 2797,1294 2024,1340 1890,1294 1458,1368 1199,1324"/>
                <Baseline points="1208,1414 1235,1414 1280,1411 1325,1414 1369,1414 1414,1411 1459,1411 1504,1408 1548,1408 1593,1405 1638,1399 1683,1399 1728,1399 1772,1396 1817,1396 1862,1393 1907,1390 1951,1390 1996,1384 2041,1384 2086,1381 2130,1381 2175,1381 2220,1381 2265,1381 2309,1375 2354,1372 2399,1369 2444,1369 2489,1369 2533,1363 2578,1360 2623,1360 2668,1357 2712,1357 2757,1354 2802,1348"/>
                <TextEquiv>
                    <Unicode>Leben. Das solltest du doch selber</Unicode>
                </TextEquiv>
            </TextLine>
            <TextLine id="tr_1_tl_8" custom="readingOrder {index:7;}">
                <Coords points="1194,1582 1432,1624 1940,1557 2356,1575 2541,1520 2742,1536 2770,1453 1197,1504"/>
                <Baseline points="1208,1569 1250,1569 1295,1569 1340,1569 1384,1569 1429,1566 1474,1566 1519,1560 1563,1560 1608,1557 1653,1554 1698,1551 1742,1551 1787,1548 1832,1545 1877,1545 1922,1545 1966,1542 2011,1539 2056,1542 2101,1542 2145,1542 2190,1542 2235,1537 2280,1534 2324,1534 2369,1528 2414,1525 2459,1525 2503,1519 2548,1519 2593,1516 2638,1513 2683,1510 2727,1507 2772,1507"/>
                <TextEquiv>
                    <Unicode>schon gemarkt haben.... unrattbar</Unicode>
                </TextEquiv>
            </TextLine>
            <TextLine id="tr_1_tl_9" custom="readingOrder {index:8;}">
                <Coords points="1199,1751 1273,1765 1377,1728 1460,1756 1557,1737 1608,1756 1742,1716 1774,1744 1973,1707 1975,1659 1827,1659 1767,1624 1686,1649 1631,1629 1522,1672 1374,1666 1307,1633 1204,1668"/>
                <Baseline points="1214,1722 1220,1722 1265,1722 1310,1722 1354,1719 1399,1716 1444,1716 1489,1716 1534,1716 1578,1710 1623,1710 1668,1707 1713,1704 1757,1701 1802,1701 1847,1701 1892,1701 1936,1698 1981,1698"/>
                <TextEquiv>
                    <Unicode>mitten im Leben.</Unicode>
                </TextEquiv>
            </TextLine>
            <TextLine id="tr_1_tl_10" custom="readingOrder {index:9;}">
                <Coords points="1067,1910 2795,1843 2922,1816 2924,1739 1252,1823 1074,1769"/>
                <Baseline points="1080,1886 1092,1886 1137,1880 1181,1880 1226,1880 1271,1880 1316,1874 1360,1877 1405,1874 1450,1871 1495,1871 1539,1871 1584,1868 1629,1868 1674,1862 1719,1859 1763,1856 1808,1856 1853,1853 1898,1853 1942,1850 1987,1850 2032,1847 2077,1844 2121,1844 2166,1841 2211,1835 2256,1835 2301,1832 2345,1832 2390,1829 2435,1829 2480,1826 2524,1823 2569,1823 2614,1820 2659,1820 2703,1817 2748,1814 2793,1811 2838,1808 2883,1805 2927,1805"/>
                <TextEquiv>
                    <Unicode>Alb: Nun ja, es scheint wirklich, dass</Unicode>
                </TextEquiv>
            </TextLine>
            <TextLine id="tr_1_tl_11" custom="readingOrder {index:10;}">
                <Coords points="1213,2056 2934,1996 2941,1873 1215,1989"/>
                <Baseline points="1226,2029 1238,2029 1283,2026 1328,2026 1372,2026 1417,2026 1462,2020 1507,2017 1551,2014 1596,2014 1641,2011 1686,2011 1731,2008 1775,2008 1820,2008 1865,2005 1910,2002 1954,1999 1999,1996 2044,1993 2089,1993 2133,1990 2178,1987 2223,1987 2268,1984 2312,1981 2357,1981 2402,1978 2447,1975 2492,1975 2536,1972 2581,1969 2626,1969 2671,1966 2715,1966 2760,1966 2805,1960 2850,1960 2894,1960 2939,1960"/>
                <TextEquiv>
                    <Unicode>man zuweilen zu diesem unsaubern und</Unicode>
                </TextEquiv>
            </TextLine>
            <TextLine id="tr_1_tl_12" custom="readingOrder {index:11;}">
                <Coords points="1229,2197 1594,2222 2097,2148 2167,2194 2837,2144 2841,2040 1234,2102"/>
                <Baseline points="1244,2178 1277,2178 1322,2175 1366,2175 1411,2175 1456,2172 1501,2169 1545,2166 1590,2166 1635,2163 1680,2160 1725,2157 1769,2157 1814,2157 1859,2154 1904,2154 1948,2151 1993,2148 2038,2145 2083,2145 2127,2142 2172,2139 2217,2136 2262,2136 2307,2133 2351,2133 2396,2127 2441,2127 2486,2124 2530,2124 2575,2121 2620,2118 2665,2116 2709,2116 2754,2113 2799,2110 2844,2113"/>
                <TextEquiv>
                    <Unicode>lächerlichen Aufenthalt verurteilt</Unicode>
                </TextEquiv>
            </TextLine>
        </TextRegion>
        <TextRegion id="tr_2" custom="readingOrder {index:1;}">
            <Coords points="1122,2215 2999,2215 2999,3854 1122,3854"/>
            <TextLine id="tr_2_tl_1" custom="readingOrder {index:0;}">
                <Coords points="1231,2389 1384,2338 2712,2308 2760,2298 2763,2213 2606,2181 2476,2229 2030,2206 1924,2264 1721,2218 1236,2275"/>
                <Baseline points="1247,2330 1289,2333 1334,2330 1378,2330 1423,2327 1468,2324 1513,2321 1557,2321 1602,2318 1647,2315 1692,2312 1736,2309 1781,2309 1826,2307 1871,2304 1916,2301 1960,2298 2005,2298 2050,2298 2095,2295 2139,2292 2184,2292 2229,2289 2274,2289 2318,2286 2363,2283 2408,2280 2453,2280 2498,2277 2542,2274 2587,2274 2632,2274 2677,2268 2721,2268 2766,2265"/>
                <TextEquiv>
                    <Unicode>ist. - Höho! - Also du meinst im</Unicode>
                </TextEquiv>
            </TextLine>
            <TextLine id="tr_2_tl_2" custom="readingOrder {index:1;}">
                <Coords points="1231,2534 2308,2446 2968,2462 2989,2333 1238,2412"/>
                <Baseline points="1247,2480 1289,2480 1334,2477 1378,2477 1423,2477 1468,2477 1513,2477 1557,2471 1602,2468 1647,2468 1692,2465 1736,2462 1781,2459 1826,2456 1871,2456 1916,2453 1960,2453 2005,2450 2050,2447 2095,2447 2139,2447 2184,2447 2229,2441 2274,2441 2318,2435 2363,2435 2408,2432 2453,2432 2498,2432 2542,2429 2587,2426 2632,2426 2677,2426 2721,2423 2766,2420 2811,2417 2856,2414 2900,2414 2945,2411 2990,2408"/>
                <TextEquiv>
                    <Unicode>Ernst, dass ich den Fürsten Sigismund</Unicode>
                </TextEquiv>
            </TextLine>
            <TextLine id="tr_2_tl_3" custom="readingOrder {index:2;}">
                <Coords points="1238,2636 1469,2682 1744,2629 1866,2659 2003,2615 2199,2629 2292,2613 2296,2520 2024,2557 1850,2499 1550,2576 1240,2557"/>
                <Baseline points="1250,2632 1268,2632 1313,2635 1357,2629 1402,2629 1447,2629 1492,2629 1537,2626 1581,2623 1626,2623 1671,2620 1716,2617 1760,2614 1805,2611 1850,2611 1895,2608 1939,2608 1984,2605 2029,2602 2074,2599 2118,2599 2163,2596 2208,2593 2253,2590 2298,2587"/>
                <TextEquiv>
                    <Unicode>für dich fordern soll?</Unicode>
                </TextEquiv>
            </TextLine>
            <TextLine id="tr_2_tl_4" custom="readingOrder {index:3;}">
                <Coords points="2631,2673 2687,2661 2728,2673 2760,2661 2797,2675 2827,2666 2864,2673 2864,2576 2848,2571 2802,2599 2719,2569 2689,2539 2670,2548 2633,2536"/>
                <Baseline points="2644,2650 2686,2659 2730,2659 2775,2659 2820,2656 2865,2653 2871,2653"/>
                <TextEquiv>
                    <Unicode>Konnty</Unicode>
                </TextEquiv>
            </TextLine>
            <TextLine id="tr_2_tl_5" custom="readingOrder {index:4;}">
                <Coords points="1139,2814 2936,2777 2941,2670 1143,2723"/>
                <Baseline points="1154,2796 1199,2793 1244,2793 1289,2793 1334,2787 1378,2784 1423,2781 1468,2778 1513,2778 1557,2778 1602,2778 1647,2775 1692,2772 1736,2772 1781,2769 1826,2766 1871,2766 1916,2763 1960,2760 2005,2760 2050,2760 2095,2760 2139,2754 2184,2754 2229,2751 2274,2748 2318,2745 2363,2742 2408,2742 2453,2739 2498,2736 2542,2736 2587,2733 2632,2733 2677,2730 2721,2727 2766,2724 2811,2721 2856,2718 2900,2715 2945,2709"/>
                <TextEquiv>
                    <Unicode>A: Es scheint dir ja ziemlich lächer-</Unicode>
                </TextEquiv>
            </TextLine>
            <TextLine id="tr_2_tl_6" custom="readingOrder {index:5;}">
                <Coords points="1252,2959 1471,2985 1550,2954 1927,2927 2067,2948 2070,2857 1917,2862 1869,2837 1813,2864 1783,2837 1656,2878 1612,2862 1497,2890 1446,2860 1365,2892 1257,2885"/>
                <Baseline points="1268,2939 1313,2942 1357,2939 1402,2939 1447,2936 1492,2936 1537,2930 1581,2930 1626,2930 1671,2930 1716,2927 1760,2924 1805,2921 1850,2918 1895,2915 1939,2912 1984,2915 2029,2915 2074,2915"/>
                <TextEquiv>
                    <Unicode>lich vorzukommen.</Unicode>
                </TextEquiv>
            </TextLine>
            <TextLine id="tr_2_tl_7" custom="readingOrder {index:6;}">
                <Coords points="1109,3132 2948,3070 2952,2959 2590,2899 1111,3035"/>
                <Baseline points="1122,3106 1152,3103 1196,3100 1241,3100 1286,3100 1331,3097 1360,3094 1387,3091 1432,3091 1477,3088 1522,3085 1566,3085 1611,3082 1656,3082 1701,3079 1745,3077 1790,3077 1835,3074 1880,3071 1924,3068 1969,3068 2014,3065 2059,3065 2104,3062 2148,3059 2193,3059 2238,3059 2283,3056 2327,3053 2372,3050 2417,3050 2462,3047 2506,3044 2551,3041 2596,3038 2641,3038 2686,3038 2730,3035 2775,3032 2820,3029 2865,3029 2909,3023 2954,3014"/>
                <TextEquiv>
                    <Unicode>Alb: Darauf kommt's wol nicht an. Es</Unicode>
                </TextEquiv>
            </TextLine>
            <TextLine id="tr_2_tl_8" custom="readingOrder {index:7;}">
                <Coords points="1261,3259 1730,3296 1871,3241 2763,3225 2950,3190 2954,3098 1264,3190"/>
                <Baseline points="1274,3259 1298,3259 1343,3256 1387,3250 1432,3247 1477,3244 1522,3241 1566,3241 1611,3238 1656,3235 1701,3232 1745,3232 1790,3229 1835,3229 1880,3226 1924,3223 1969,3223 2014,3220 2059,3220 2104,3217 2148,3214 2193,3211 2238,3211 2283,3208 2327,3205 2372,3205 2417,3202 2462,3199 2506,3196 2551,3193 2596,3193 2641,3193 2686,3193 2730,3190 2775,3184 2820,3181 2865,3181 2909,3175 2954,3175"/>
                <TextEquiv>
                    <Unicode>giebt wahrscheinlich mehr Leute, da-</Unicode>
                </TextEquiv>
            </TextLine>
            <TextLine id="tr_2_tl_9" custom="readingOrder {index:8;}">
                <Coords points="1277,3416 1425,3460 2479,3361 2654,3403 2991,3363 2996,3269 2037,3326 1631,3276 1282,3336"/>
                <Baseline points="1289,3408 1298,3408 1343,3405 1387,3405 1432,3402 1477,3399 1522,3396 1566,3396 1611,3393 1656,3390 1701,3387 1745,3384 1790,3381 1835,3381 1880,3378 1924,3375 1969,3375 2014,3372 2059,3372 2104,3369 2148,3366 2193,3363 2238,3363 2283,3363 2327,3357 2372,3357 2417,3354 2462,3351 2506,3351 2551,3351 2596,3348 2641,3345 2686,3342 2730,3342 2775,3339 2820,3336 2865,3336 2909,3333 2954,3327 2999,3324"/>
                <TextEquiv>
                    <Unicode>nen du bis heute lächerlich vorgekom¬</Unicode>
                </TextEquiv>
            </TextLine>
            <TextLine id="tr_2_tl_10" custom="readingOrder {index:9;}">
                <Coords points="1270,3604 2779,3500 2941,3544 2945,3423 2084,3483 1827,3451 1714,3507 1502,3437 1275,3497"/>
                <Baseline points="1286,3560 1292,3560 1337,3557 1381,3554 1426,3554 1471,3554 1516,3551 1560,3548 1605,3548 1650,3545 1695,3542 1739,3539 1784,3539 1829,3536 1874,3533 1919,3530 1963,3530 2008,3527 2053,3524 2098,3524 2142,3521 2187,3521 2232,3518 2277,3518 2321,3515 2366,3512 2411,3509 2456,3506 2500,3506 2545,3503 2590,3500 2635,3500 2680,3500 2724,3497 2769,3494 2814,3491 2859,3488 2903,3488 2948,3488"/>
                <TextEquiv>
                    <Unicode>men bist und die dich nun plötzlich</Unicode>
                </TextEquiv>
            </TextLine>
            <TextLine id="tr_2_tl_11" custom="readingOrder {index:10;}">
                <Coords points="1291,3717 2578,3708 2994,3647 2998,3576 2696,3604 2211,3548 1294,3657"/>
                <Baseline points="1307,3703 1343,3706 1387,3703 1432,3703 1477,3703 1522,3703 1566,3700 1611,3700 1656,3697 1701,3697 1745,3694 1790,3694 1835,3691 1880,3688 1924,3685 1969,3682 2014,3679 2059,3679 2104,3676 2148,3673 2193,3670 2238,3670 2283,3664 2327,3667 2372,3664 2417,3664 2462,3664 2506,3658 2551,3658 2596,3658 2641,3655 2686,3650 2730,3647 2775,3644 2820,3644 2865,3641 2909,3641 2954,3641 2999,3644"/>
                <TextEquiv>
                    <Unicode>vernünftig finden werden. Obzwar sie</Unicode>
                </TextEquiv>
            </TextLine>
            <TextLine id="tr_2_tl_12" custom="readingOrder {index:11;}">
                <Coords points="1284,3865 1575,3897 2114,3809 2534,3846 2656,3791 2814,3839 2987,3812 2991,3731 2749,3675 2550,3735 1936,3701 1289,3761"/>
                <Baseline points="1298,3844 1340,3844 1384,3844 1429,3844 1474,3844 1519,3841 1563,3841 1608,3838 1653,3832 1698,3832 1742,3832 1787,3829 1832,3829 1877,3823 1922,3820 1966,3817 2011,3814 2056,3811 2101,3811 2145,3808 2190,3805 2235,3802 2280,3802 2324,3799 2369,3796 2414,3796 2459,3793 2503,3793 2548,3790 2593,3790 2638,3787 2683,3784 2727,3784 2772,3778 2817,3778 2862,3775 2906,3778 2951,3778 2996,3778"/>
                <TextEquiv>
                    <Unicode>sich ja logischerweise sagen müssen,</Unicode>
                </TextEquiv>
            </TextLine>
        </TextRegion>
    </Page>
</PcGts>
