3448 4216
2726 391 2885 553 13
851 586 2991 861 Amad: Im Gegenteil; er wollte zu dieser Zeit
1176 785 2392 1043 in einen Orden eintreten.
964 934 2680 1199 Fried: Wie? Mönch wollte er werden?
1236 1063 3018 1322 Er hätte es wol auch getan, wenn sich
921 1206 1189 1381 Amad:
1226 1255 2935 1487 der alte Fürst nicht dagegen gewehrt
1216 1361 2985 1676 hätte. Er ist ein wirklich religiöser
1236 1640 1607 1825 Mensch.
971 1699 2928 1981 Fried: Dabei spielt er so hübsch Walzert
987 1822 2932 2133 Amad: Nun ja, das widerspricht sich doch
421 1978 3091 2358 Der liebe soll ihr welche nicht. Wenn das Leben so einfach wäre
1289 2163 3024 2458 ... Haben Sie ihn denn je spielen ge-
487 2272 1120 2524 weil a 5/9 Eukl. p
590 2405 745 2594 v.
1305 2451 1587 2633 hört?
1408 2474 2998 2776 Natürlich. Hier in diesem Zimmer,
1355 2633 3057 2945 Straussische Walzer. Es war reizend.
1060 2657 1368 2822 Fried:
1458 2799 2951 3107 Was gab’s überhaupt für hübsche
1385 2945 3197 3236 Abende bei Ihnen, noch im verflossenen
1408 3064 3011 3375 Winter! Lädt man den Fürsten jetzt
1431 3329 2408 3574 auch nicht mehr ein?
1159 3409 3018 3753 Amad: Erst vor vierzehn Tagen war er zu
