3464 4168
2947 390 3116 559 145
1707 443 2379 648 Zwischen auslegen.
1339 616 2080 752 gründe da sind.
2047 654 2765 789 nicht. - Willst
1209 741 2994 909 C: Nein, wirklich Wienst du noch eine
1355 878 2969 1064 Tasse? :Giesst ein: Und wenn uns
1406 1009 3022 1220 jetzt auch die Zufälligkeiten unse-
1421 1180 3031 1395 res Berufs auf einige Zeit von ein-
1373 1359 2985 1486 ander trennen, und was noch kommen
1333 1472 3049 1692 mag, - können wir uns denn im Wesent-
1386 1630 2945 1825 lichen anders finden, als wir uns
1404 1794 2905 1971 verlassen haben? - Nein, das ist
1439 1931 2914 2111 doch unmöglich. Und wenn du die
1413 2087 2963 2260 Frauen dutzendweise verfuhrst und
1461 2244 2920 2415 sich die Männer gegenseitig für
1406 2368 3089 2581 mich totschiessen, wie jetzt für Ma-
1424 2559 2943 2734 dame Isolde: was geht das unsere
1430 2670 3031 2889 Freundschaft an? Von wo immer wir
1481 2825 3098 3051 nach Hause zurückkehren, hier sind
1457 2987 3120 3189 wir die, die wir immer gewesen sind.
1350 3116 3127 3328 A: Es ist nichts dagegen einzuwenden.
1546 3291 3127 3493 Immerhin bleibt es bewundernswert,
1475 3424 3025 3639 wie du dich in alles findest, wie
1468 3581 2991 3803 ruhig du bleibst in allen diesen
