3352 4184
2629 495 2801 654 184
1147 704 1975 891 zur Sache kommen.
1005 833 2828 1063 A: Bitte. :Lädt ihn zum Sitzen ein:
1023 1014 2767 1213 S: wehrt leicht ab: Also ich habe
1113 1136 2851 1358 mich zu diesem Gang, der mir wahrhaf-
1127 1299 2860 1505 tig nicht leicht wurde, entschlossen,
1134 1441 2733 1624 weil ich die Situation, in der wir
1129 1631 2855 1787 uns Alle befinden.... jawol, Alle!...
1145 1744 2882 1973 s/o vollkommen unhaltbar i ja, von mei-
1134 1907 2914 2104 nem Standpunkt aus sogar unerträglich
1138 2057 2919 2260 finde und der Meinung bin, dass ihr so
1154 2222 2869 2444 oder so ein Ende gemacht werden muss,
1274 2387 2869 2604 ... Sie schweigen.... Sie sind viel-
1158 2559 2848 2769 leicht nicht meiner Ansicht?... Der
1161 2713 2941 2912 Zweck meines Besuches ist eben, Sie zu
1156 2869 2862 3029 meiner Ansicht zu bekehren. Denn die
1163 3016 2846 3244 Aenderung der eben erwähnten unhalt-
1181 3152 2937 3396 baren Situation ist ja selbstverständ-
1174 3301 2944 3534 lich nur durch Ihre feundliche Beihil-
1172 3514 2136 3652 fe herbeizuführen.
1113 3561 2907 3826 4: :mit mühsam beherrschter Ungeduld:
1195 3790 1602 4005 äh höre.
