3384 4184
2791 276 2966 516 1/3
1195 562 2287 751 es selber nicht wissen.
2026 646 2513 785 wussten es
1094 691 2966 950 A: Wahrhaftig - wir nicht! Das
1200 905 2940 1092 wirst du mir doch glauben? Warum hät-
1068 1042 2998 1255 Alb: Freundschaft zwischen zwei Menschen
1222 1188 2863 1406 verschiedenen Geschlechts ist immer
1226 1363 2861 1531 eine gefährliche Sache - sogar zwi¬
1234 1495 2983 1675 schen Eheleuten. Wenn die Seelen sich
1241 1668 2858 1814 allzugut verstehen, so reissen sie
1246 1800 2899 1970 allmälig manches mit auchaklerlei
259 1800 972 2002 Dein doch zi der
1258 1930 3024 2119 allerlei mit, was man bewahren möchte.
274 1963 1092 2143 Unter Gründniß
1270 2110 2950 2280 Und wenn die Sinne zu einander flie-
350 2146 586 2304 Ain
1279 2244 2890 2455 gen, so gleitet mehr von der Seele
242 2263 953 2446 Winte sie will
254 2388 1066 2568 to Mr. O/a
1282 2412 2978 2606 nach, als wir ihnen nachsenden woll-
338 2510 982 2702 duftent je suis
1291 2542 2988 2736 ten. - Ein ewiges Gesetz, mein Lie-
1298 2707 2995 2962 ber! Und wie die meisten ewiges Geg-
1318 2849 2930 3101 setze hauptsächlich darum über uns
1318 3017 3072 3247 waltend, damit uns das Leben nicht zu
1330 3158 3031 3398 einfach und zu leicht gemacht werde.
1330 3312 3010 3559 Ein Gesetz, aus dem alle Verwirrung.
1327 3463 3079 3730 alles Mistrauen, alle Eifersucht über
1358 3586 3046 3778 die Liebe kommt,) und die ewige Unsi-
