3368 4136
2834 451 2963 637 51
1446 643 1941 850 rechts ab:
1316 763 3075 1004 Amad: Wo hat er denn das wieder her?
1307 921 2966 1168 Cäe: Das ist seine eigene Auffas-
1462 1137 1706 1313 sung.
1304 1217 2827 1443 Alb: Ein selbständiger Denker.
1323 1428 3096 1625 :Alb.u.Amad. am Klavier, Maria und Cäc.
1381 1554 3109 1733 gehen nach vern links, setzen sich xxx
1338 1709 2874 1919 Lauf des Gesprächs an den Kamin:
1347 1839 3065 2036 Maria: Du wunderst dich über die un-
1357 2021 3019 2222 gewehnte Stunde meines Besuehs. Ich
1492 2166 2936 2376 kemme natürlich, dich um etwas
1533 2373 1903 2528 bitten.
1329 2494 2049 2713 Cäe: Ich höre.
1366 2630 3031 2852 Maria: Es handelt sich um ein Ken-
392 2741 547 2886 in
1514 2796 3127 3013 zert, bei dem du mitwirken sellst.
414 2787 1168 3007 die Uitwirkung
297 2939 2787 3257 Ge... so diese Sache an! — Cäs: Heuer noch? Im Mai?...
328 2951 868 3158 in August..
1446 3050 3065 3350 Maria: Segar noch später. Es soll
256 3220 1236 3442 Dan. J. C. H.
1548 3257 3105 3464 übrigens nicht in der Stadt sein
269 3377 1057 3572 Wie. Carbe er kost.
1653 3421 3099 3618 eine Art Semmer fest zu wehltä-
1656 3606 2321 3859 ligen zwar
