3432 4184
2477 305 2652 433 135
1154 530 2901 747 A: Aber du verschweigst sie ihm doch
1249 634 2851 933 nicht geradezu? Wenn er es merkte,
1273 842 2771 1070 du würdest es ihm doch nicht ab-
1275 1067 1676 1221 leugnen?
1334 1119 2905 1381 Ich glaube wol, dass ich auch das
1147 1210 1254 1336 C:
1308 1351 1972 1524 imstande wäre.
1340 1362 2925 1641 Mir ist, Cäcilie, (als (sprächst du
1163 1539 1275 1680 A:
1334 1524 2752 1819 von etwas ganz bestimmtem, als
2516 1648 2793 1788 bestimmen
1334 1747 3007 1961 dächtest du an irgend etwas, das dir
1386 1903 2921 2120 in der letzten Zeit wiederfahren
1366 2039 2999 2249 ist... O, ich spüre das heraus! aus
1357 2197 2977 2414 deinem Tom... Mir wirst du es doch
1362 2353 2899 2557 nicht verschweigen?... Mir! - Du
1379 2498 2905 2721 liebst Sigismund nicht mehr,+ du
1390 2648 2975 2892 weisst es vielleicht selbst nicht,
1446 2784 3014 3031 aber ich versichere dich, dass es
1457 2957 2931 3150 so ist. Irgend ein neues Gefühl
1477 3094 3025 3317 regt sich in dir. - Sag’ mir, Cä-
1448 3228 3092 3470 cielio: was hast du erlebt? was ist
1466 3473 2022 3659 vorgefallen?
1316 3648 1853 3810 C: Nichta.
