3464 4280
1207 683 2995 927 höhern Dingen - Gefahren um Beispiel.
1032 840 2859 1114 A: Darin kann man sich täuschen. Seien
1182 983 2742 1257 Sie froh, dass Ihnen dergleichen
1184 1212 2335 1397 nicht in Aussicht steht.
1004 1385 1704 1580 M: Wer weiss.
1076 1558 1708 1727 A: 01 Maria!
1076 1626 2962 1870 M: Nun ja; auf irgend eine Weise möchte
1217 1776 2958 2001 man doch erfahren, ob man nicht doch
1231 1961 2764 2174 zu irgendwas auf der Welt taugen
1200 2193 1565 2342 könnte.
1116 2242 2976 2501 A: Aber Maria! Wie können Sie denn nur
1221 2471 1519 2682 so...
1095 2555 2834 2843 M: Die Andern rings um mich, die was
1282 2710 2909 2960 wert sind, sind (doch) auch alle für
2448 2857 2761 2972 Weltaf
1346 2869 2869 3124 sich selber was;) und am Ende wird
1294 3000 3049 3295 mein Geschick doch, dass ich mich ein
1257 3203 2976 3459 mal einer grossen Sache widmen darf.
1324 3363 2984 3604 Vielleicht einer grössern und wich-
1355 3501 3108 3763 tigern als die Leute, die mich gering¬
1402 3763 1781 3901 chätzen.
1399 3852 2827 4060 Ja, Maria, ich kenne Sie ja gar
