3368 4136
2578 333 2752 473 193
1046 519 2779 772 auf diese Lösung verfallen sind./Ich
1071 682 2892 922 glaube, es ist wirklich nur ein Zufall,
1074 845 2854 1062 dass ich mit diesem Vorschlag als Ers-
328 877 861 1112 Hauherein.
1085 1037 2788 1216 ter hervorgetreten bin. Sie scheinen
213 1069 738 1248 lie schmerze,
2770 1173 2861 1307 G.C.F.P.
1112 1210 2659 1391 ja allerdings unter der jetzigen,
202 1214 745 1400 Aber jezt
1108 1334 2852 1520 wahrhaft unmöglichen Situation am we-
204 1357 829 1504 somme il se a
1108 1452 2874 1701 nigsten zu leiden; aber schon in Anbe-
199 1465 840 1687 dischreiheit
1121 1597 2829 1839 tracht Ihrer einstigen Sympathie für
1123 1776 2888 1982 mich kann Ihnen ja auch mein Seelenzu-
1148 1943 2795 2134 stand nicht vollkommen gleichgiltig
1155 2070 2815 2308 sein; und was mich anbelangt, - ich
1155 2195 2906 2473 ertrage die Fortdauer dieses Verhält-
1166 2347 2661 2591 nises nicht! Ich leide zu sehr!
1092 2541 2915 2750 A: Sie entschuldigen, lieber Sigismund,
1257 2686 2818 2906 aber ich finde, dass Sie sich in
1253 2788 3033 3051 diese unleidlichen Verhältnisse mit so
1223 2949 2992 3191 viel Leichtigkeit zu finden verstehen,
1219 3169 2079 3377 als nur möglich.
1135 3305 2929 3545 s: :nickt: Nun ja, ich kann mir es
1266 3456 2800 3687 ja denken, worauf Sie anspielen.
