3400 4152
2605 289 2783 492 131
1105 515 2933 788 A: :befangen lächelnd: Nun, was dem
1298 779 1715 931 Cäcilie?
1312 845 2876 1098 Ein derartiger Vorfall giebt doch
1134 945 1241 1100 C:
1269 1011 2913 1241 zu denken. So war es nicht gemeint,
1273 1164 2765 1398 Amadeus. Ich gönne dir ja alles
1335 1312 2781 1533 Schöne und Tolle auf der Welt -
1300 1448 2699 1679 das ist nun einmal abgemacht -
1303 1640 2931 1813 aber nun gar den Tod für eine Ande.
1305 1754 2979 1984 re, das wäre doch zu arg! Ueberdies
1328 1906 2945 2125 bist du wol noch zu etwas Besserem
1339 2100 1874 2298 aufbewahrt.
1205 2184 3038 2432 A: Sei ganz ruhig: die Sache ist zu Ehr
1305 2437 1469 2619 de.
1221 2558 2006 2783 C: Wirklich -?
1239 2703 2997 2897 A: Ja. Ich will dich nicht etwa beru-
1382 2829 2794 3066 higen; ich gebe dir mein Wort.
1248 2954 3018 3227 C: Aber es scheint ja, dass man auch
1389 3136 3061 3346 nachher noch einige Zeit zu zittern
1355 3300 2788 3516 hat. - Hat sie Briefe von dir?
1310 3432 3102 3680 A: Der Abschiedsbrief ist der einzige.
1289 3624 2801 3831 C: Du musst ihn zurückbekommen!
