3320 4120
2729 352 2900 493 224.
1100 510 2734 807 Wo wäre denn der ganze Unterschied
919 674 1026 810 O:
1067 755 2827 950 zwischen uns und den Andern, wenn wir
1076 876 2915 1122 jetzt zusammen blieben?.... Dass wir es
1083 1053 2838 1250 unsb bequemer gemacht haben. Und alle
1083 1193 2934 1395 unsere schönen Worte, mit denen wir uns
1086 1353 2784 1555 über die Andern zu erheben glaubten,
1088 1517 2979 1719 wären billiges Geschwätz. Nur wenn diese
1088 1669 2848 1879 Nacht unsere letzte war, brauchen wir
1110 1834 2381 2019 uns ihrer nicht zu schämen.
1012 1953 2924 2174 A: Die letzte? Jetzt, in dem Augenblick,
1112 2136 2903 2350 da wir Beide fühlen, dass wir uns lie-
1112 2253 3022 2498 ben, wie wir uns nie geliebt haben, soll!
1122 2438 2867 2660 ten wir von einander Abschied nehmen?
1193 2591 2841 2767 Dieser Augenblick kann trügen. Ich
1029 2677 1150 2793 C;
1834 2712 2707 2829 so ist der dazu geworben
1217 2748 1736 2853 Mein wyr ein
1141 2755 2872 2936 traue ihm weniger als manchen andern.
1133 2912 2900 3084 Verdienen denn die vielen Stunden, in
1138 3036 2993 3236 denen wir unsere Zärtlichkeit schwinden
1138 3196 2958 3427 fühlten,- die Stunden, in denen es uns
1145 3367 2900 3553 zu Andern lockte, weniger Glauben als
1157 3536 2858 3760 diese? Was wir jetzt empfinden, wäre
