3432 4232
2507 351 2639 476 92
1180 548 2822 788 davonzustellen, aber an meinem Ent-
1190 678 2918 916 schluss wird es nichts ändern. Es ist
1195 899 2921 1115 eben doch etwas ganz Anderes Amadeus,
1180 1053 2865 1272 zwischen uns als zwisschen Ihnen und
1202 1262 2067 1425 Cäcilie. /Krisen/
582 745 1029 952 at the xxx
450 901 1007 1091 Sie dat ausserte
548 1043 800 1163 wasser
344 1113 1007 1308 Ich weise er... Die
274 1214 1007 1411 est à avait jettir hier.
267 1308 1058 1505 Wiederhinden.... Wer
990 1375 2476 1579 Amad: Wie meinen Sie das?
255 1423 993 1601 voir au et vu Enhjour
202 1548 935 1736 an andern haben, von
1050 1502 2983 1731 M: Nun, Sie und Cäcilie, Sie gehören zu-
228 1637 998 1836 erste tung... das ist an
1228 1663 2933 1906 sammen; wenn Sie's auch selber nicht
236 1738 1022 1937 sonst tacht et t schon...
257 1834 925 2031 à C... de Thun est de
1236 1829 3029 2058 wissen - ich weiss es; und so entfrem-
288 1882 1062 2106 in rien sur les faisses.
276 2012 1043 2228 Kreis xxxx xxx
1240 2014 2897 2235 det Sie einander jetzt sein mögen -
1240 2156 2947 2399 Sie müssen sich einmal wiederfinden.
1267 2296 3082 2497 :hin und her:  Einmal Wieder finden
1062 2392 1178 2555 A:
1375 2440 2901 2690 ... Sie sagen das! Sie, Maria!...
1276 2637 3043 2848 :Er schüttelt den Kopf: Es ist doch
1267 2798 3029 3017 merkwürdig, dass selbst eine so kluge
1262 2928 3005 3161 Frau wie Sie eine Beziehung zwischen
1303 3096 2882 3315 Cäcilie und mir nicht richtig und
1324 3255 2973 3473 einfach anzusehen vermag... Wieder-
1324 3401 3144 3603 finden —!... Vir haben einander doch
1339 3584 2942 3815 niemals verloren, Cäellie und ich!
1392 3697 2976 3949 Wir sind einander so nah wie nur an.
