3384 4264
2286 485 2467 625 170
1069 717 2761 892 Dazu geb' ich mich nicht her, - Und
1093 902 2630 1025 übrigens weisst du, dass ich ein
1066 1011 2749 1188 prinzipieller Gegner des Duells bin.
1105 1161 2686 1345 Prinzipien haben mit dem, was wir
909 1251 1035 1352 A:
1105 1282 2841 1503 schliesslich tun, nichts zu schaffen:
1071 1469 2622 1653 sonst brauchten wir sie ja nicht.
412 1605 778 1774 in der
926 1634 2875 1796 Alb: Du bist mir zu geistreich für einen
1079 1784 2850 1958 Kompehisten; - ich werde aufhören, an
1081 1932 2414 2133 deine Melodieen zu glauben.)
945 2109 2867 2286 A: Es handelt sich nicht um Isolde, son-
1100 2269 1881 2424 dern um Cäcilie!
962 2373 1985 2601 Alb: Was ist das -?
1020 2523 2870 2722 A: Ich bitte dich, dich zum Fürsten Si-
1105 2644 2838 2889 gismund zu begeben und ihm in meinem
1113 2925 1423 3061 Namen
984 2976 2925 3163 Alb: :Ihn mit Lachen unterbrechend:
1137 3151 2865 3330 Fürsten Sigismund -?! Ah, ich danke
1149 3330 2196 3502 verbindlichst - danke!
999 3497 2019 3650 A: Was hast du denn?
1013 3616 2875 3800 Alb: Sehr liebenswürdig! Du beschenkst
1154 3735 2925 3926 mich mit einem Schluss zu unserem ges-
