3320 4136
2798 374 2928 550 57
1075 620 2858 781 A: Das werden wir ja jetzt auch tun.-
1233 753 3091 982 Wirst du denn wirklich für Maria singen?
1090 924 2863 1112 C: Warum denn nicht? Die paar Lieder!
1303 1107 3011 1268 Immerhin; als Liedersängerin bist du
1120 1118 1241 1246 A:
1218 1246 3076 1401 ja schon zwei Jahre lang nicht aufgetre-
1223 1404 3054 1590 ten. - Was für Lieder wirst du denn wäh
1213 1572 1429 1703 I en?
1298 1710 2396 1893 Such' mir doch was aus.
1110 1680 1225 1851 C:
1120 1856 3096 2004 A: Ja, wir können wirklich gleich Einiges
1130 2022 2853 2200 durchschauen. :Bei der Etagère, ge-
1218 2150 2936 2368 bückt: Wie wär' es... "Schneeglöck-
1218 2363 2119 2529 chen“ von Schumann?
1273 2466 1929 2634 Etwas von dir.
1072 2486 1165 2629 C:
1253 2657 3084 2780 Ja, ja. - Ein paar Sachen von Brahms...
1070 2664 1178 2835 A:
1218 2782 1700 2951 "Therese"?
1115 2958 3003 3134 C: "Nicht mehr zu dir zu gehn beschloss
1200 3114 1517 3267 ich...
1062 3240 3081 3433 A: Ja, eben habe ich das Heft in der Hand.
1253 3408 3094 3594 :Leicht, ohne sie nzusehen:  Du gingst
1203 3548 2534 3742 wol mit Sigismund spazieren?
