3384 4152
2473 259 2646 444 222
1335 535 2981 726 wäre ja doch alles wieder gut gewor-
2783 627 3035 726 und
1332 667 3025 857 den, wäre gut gewesen von dem Augen-
1339 838 2947 1008 blick an, in dem wir uns wiederge-
1341 966 2949 1160 funden haben, in dem wir trotz al-
1347 1118 3044 1303 lam Leid und aller Qual wieder glück
1391 1263 2958 1459 lich gewesen sind und gefühlt ha-
1362 1444 2926 1623 ben, dass wir einander nicht mehr
1381 1587 2339 1789 verlieren können.
1412 1690 3042 1922 Nicht mehr verlieren...? - Du hast
1246 1741 1356 1937 C:
1396 1873 2998 2067 das wirklich gefühlt? Und wer sagt
1436 2027 3061 2242 dir, dass ich nicht das Gleiche in
1417 2174 3067 2379 einem Jahr oder in dreien von neuem
1406 2322 3059 2545 abspielen könnte - vielleicht etwas
2326 2461 2646 2568 Kledrik
1450 2505 3059 2686 leichtfertiger und jämmerlicher...
1326 2635 2974 2856 A: Nein, das ist unmöglich! Gerade
2094 2779 2368 2875 was also
1415 2776 3025 3002 nach dem, was geschehen ist. Jetzt
1423 2934 2772 3149 kann ich für mich einstehen!
1455 3118 2939 3299 Ich bin meiner nicht so sicher
1299 3088 1423 3387 O:
1484 3267 3128 3440 nach allem, was geschehen und nicht
1461 3427 2126 3616 geschehen ist.
1457 3557 3025 3804 Was du da sagst, macht mir nicht
