3352 4168
2865 408 2994 558 52
1006 588 2903 882 Alb: Zu was für einem Zweck eigentlich?
1055 766 2961 1001 Cäc: Es wird schon ein guter sein, wenn
1247 948 2391 1146 Maria bei der Sache ist.
1022 1075 2966 1306 Maria: Es ist für Volksklichen hauptsäch-
1262 1247 3055 1475 lich. - Wärst du (also) bereit, Cäcilie?
1273 1437 2989 1635 Zwei, drei Lieder, mehr werden nicht
1288 1602 1721 1762 verlangt.
1298 1681 2885 1922 Es wird sich schon machen lassen.
1057 1777 1257 1909 Cäe:
1235 1858 2862 2071 Man wäre dir sehr dankbar. Willner
1052 1957 1176 2089 M:
1298 1998 2930 2246 und einige Andere haben schon zuge-
1359 2226 1600 2393 sagt.
1075 2304 2958 2555 Alb: Wann warst du denn bei den Leuten?
1077 2515 2274 2710 M: In den letzten Tagen,
1080 2611 3032 2839 Amad: Das muss Ihnen aber viel zu tun ge-
1321 2801 2598 3007 ben, so eine Veranstaltung.
1275 2930 2910 3166 Irgend eine Beschäftigung muss man
1080 3017 1217 3148 M:
1344 3083 3141 3328 sich doch suchen, wenn man kein Talent
1331 3288 1551 3481 hat.
1105 3453 1731 3653 Amad: Oh!...
1103 3549 3138 3815 M: Wenn ich was könnte wie du und die hier
