3336 4104
2731 468 2897 652 187
1147 662 2915 876 durfte, - an die unvergesslichen Aben-
1147 824 2874 1001 de, an denen Sie mit Frau Adam-Orten-
1154 970 2931 1147 burg die Tatjana einstudierten, ich in
1163 1132 2840 1284 jenem Sessel sitzen :Zum Kamin deu-
1166 1252 2925 1460 tend: und lauschen durfte. Dann sind
1154 1426 2808 1599 wir alle Drei beim schwarzen Kaffee
456 1433 721 1697 1 als
1163 1588 2763 1788 oder Tee dort beim Kamin gesessen,
1152 1720 2840 1923 haben geplaudert oder auch geschwie-
1157 1891 2897 2055 gen - zuweilen ist Peterl erschienen.
1163 2021 2897 2236 ich habe ihn manchmal auf dem Schooss
1154 2190 2856 2345 gehalten... Gestehen Sie, lieber Ka-
1163 2336 2687 2525 pellmeister, dass auch Sie diese
1159 2503 2836 2680 zwanglosen und reizvollen Abende zu-
1166 2639 2779 2861 weilen vermissen - ja, ich getraue
1163 2776 2808 2975 mich sogar, es zu sagen, dass Ihnen
1163 2950 2808 3146 meine Gesellschaft zuweilen abgeht.
1248 3102 2902 3306 Sie dürften unterrichtet sein, lie-
1063 3144 1184 3276 A:
1173 3235 2918 3420 ber Sigismund, dass Sie mir jederzeit
1166 3424 2366 3611 willkommen gewesen wären.
1072 3570 2904 3828 S: mit einer leise abwehrenden Handbe-
