3304 4072
2426 359 2559 500 67
1002 592 2834 735 ter gehen wie bisher. Haat du es je für
1002 790 2727 901 möglich gehalten, dass dieses gemein-
1012 908 2745 1082 schaftliche Leben aufhören könnte?...
1007 1017 2869 1203 Nein! Ich fühle auch, gerade nach die-
1015 1238 2849 1431 ser Ufterredung, dass alles so ist, wie
366 1351 797 1527 C. Mirword
1037 1418 1359 1532 es war.
1596 1440 2106 1591 Aller et de m'a
213 1505 822 1653 c'est même très
1114 1443 2856 1683 :nach einer Pause: Wir wollen's hof
889 1542 995 1700 C:
1027 1700 2789 1807 fen. - Also wenn wir noch etwas durch-
1022 1824 2831 2047 nehmen wollen, Amadeus, so ist es höchs-
1002 2022 1431 2168 ste Zeit.
1084 2148 2168 2302 Wie?... Ah, die Lieder!
898 2079 1005 2302 A:
1079 2218 2834 2428 Natürlich. Oder sollen wir vielleicht
908 2354 1000 2450 C:
1052 2477 2886 2579 diese neue Epoche unseres Daseins durch
1052 2621 2918 2755 eine ungenützte Viertelstunde einweihen?
1057 2772 2740 2893 Wir wollten die Lieder durchschauen.
960 2960 1497 3071 A: Jetzt?!
918 3084 2282 3213 C: Nun ja; warum denn nicht?
968 3240 2722 3356 A:  : spielt:  Was sagte Marie - wann
1064 3403 2527 3517 sollte das Konzert stattfinden?
928 3529 2918 3720 C: In vierzehn Tagen. Später wäre es auch
