3416 4152
2483 319 2661 473 197
1226 536 2842 793 Und ich bin in der angenehmen Lage
1011 668 1148 819 S:
1123 739 2824 973 Ihnen zu sagen, dass ich dem Urheber
1152 940 2918 1170 dieser Verleumdungen auf der Spur bin.
1152 1103 2773 1328 Noch gestern Abend sprach ich zwei
1168 1255 2900 1485 Freunde im Klub, denen ich vor meiner
1183 1438 2806 1627 Abreise den Auftrag gegeben hatte,
1199 1547 2902 1786 diesen Verleumdungen auf ihre Quelle
1206 1708 2909 1936 nachzugehen... Und wissen Sie, wohin
1230 1866 2998 2083 die erste Spur geht? - Zu einem Herrn,
1235 1989 2913 2253 dem ich manchmal bei Ihnen zu begeg-
1248 2141 2909 2409 nen das mässige Vergnügen hatte: zu
1255 2324 3000 2541 Herrn Albert Roon. Und ich versichere
1277 2458 3059 2699 Ihnen, dass ich diese Leichtfertigkeit
1331 2547 2992 2851 nicht ungeahndet zu lassen gedenke.
1255 2757 3056 3007 A: Dann haben Sie die Spur nicht weit
1319 2907 3072 3157 genug verfolgt - sie geht bis zu mir.
1244 3076 3041 3331 S: nach einer Pause:
1411 3257 2402 3483 glaubten wirklich -?
1288 3355 3081 3637 A: Lieber Sigismund, es besteht nicht
1391 3492 3085 3827 der geringste Anlass, eine derartige
