3464 4264
1159 712 2867 899 nicht mit solcher Geringsehätzung. Es
1179 888 2854 1062 ist eine Manier von Ihnen, gegen die
1225 970 2944 1214 ich Einspruch erheben muss. Ich glau
1190 1139 2839 1409 be Sie sind dazu geboren, viel mehr
1201 1299 2896 1572 Vernünftiges und sogar Gutes auf der
1170 1475 2880 1691 Welt zu tun als manche andere Leute,
1170 1631 2891 1858 zu denen Sie lächerlicherweise aufzu-
1227 1849 2034 2012 schauen scheinen.
1269 1933 2964 2181 Ich?... O, ich glaube gar, Sie spie-
1099 2032 1223 2201 M:
1249 2093 2962 2339 len auf meine Wohltätigkeitsversuche
1255 2245 3028 2491 an... Sie lächelt u. schaut vor sich
1741 2456 1981 2540 Nuin
1260 2403 2971 2643 hin! Da möcht' ich Ihnen aber doch
1240 2579 2944 2823 endlich was gestehen, damit Sie mich
1277 2698 3045 2968 nicht für besser halten, als ich bin.
1203 3032 1348 3173 A:
1170 3028 2933 3283 M: Dieses Konzert im Sommer, bei dem
1282 3166 2975 3417 Cäcilie mitwirkte, das war nicht für
1321 3379 2520 3617 die Volksküchen allein.
1783 3586 1913 3760 7
1207 3577 1744 3769 A: Sondern
1368 3690 2986 3931 Es war auch zu Gunsten von einigen
