3368 4120
2640 359 2832 591 195
1149 607 2836 837 mir die Blicke waren, mit denen man
1163 782 2848 986 mich und Cäcilie manchmal angesehen
1163 972 2903 1135 hat?... Besonders meine Tante in Ber¬
1182 1090 2971 1302 lin... Und wie oft war ich daran, ei
1184 1224 2967 1444 fach abzufahren - ihr - mir selber zu
1203 1418 2884 1624 entfliehen - und der unerträglichen
1208 1518 2926 1747 Situation einfach ein Ende zu machen
1208 1702 2865 1908 statt ein Wesen, das mir teuer ist,
1217 1825 2924 2059 in einer so unverantwortlichen Weise
1224 2012 2156 2224 zu kompromittieren.
1988 2099 2614 2215 wozu cher. commiss.
1177 2189 2919 2371 A:  Wier... darauf läuft es hinaus?
1229 2335 2933 2532 Na, wenn das Cäcilie und mich nicht
1255 2444 2985 2669 kümmert, darf es Ihnen wol gleichgil-
1260 2614 2884 2818 tig sein. Sie wissen wol, dass ich
1258 2756 2889 2967 nichts auf das Geschwätz der Leute
1279 2943 2971 3127 gebe. Dass wir uns das Leben so ein-
1288 3078 2981 3286 gerichtet haben, wie es uns beliebt,
1291 3186 3028 3432 und dass es mir sehr egal ist, ob Cä-
1312 3347 3004 3591 cilie kompromittiert ist oder nicht!
1222 3515 3130 3728 Sig: Ihnen - aber mir ist es nicht egal
1435 3654 3059 3867 Eine Frau, die ich so hochschätze,
