3464 4168
2643 355 2823 490 144
1129 568 2875 802 C: Amadeus, ich verstehe dich ja gar
1254 778 2842 953 nicht! Steht auf, streicht ihm
1265 895 2799 1116 über die Haare:  Du sprichst ja
1280 1061 2905 1250 geradeso, als wäre es aus zwischen
1295 1211 2944 1386 uns, als wäre das Beste vorbei. Das
1345 1345 2916 1545 ist doch nicht der Fall, das kann
1345 1512 2790 1694 doch überhaupt gar nicht sein!
1308 1666 2799 1869 Amadeus! Wir Zwei, wir sind uns
1319 1796 2929 2012 doch geblieben, was wir uns waren;
2350 1908 2946 2025 diese andern
1287 1965 2853 2160 wir wissen ja, das alle das-Andere-
1352 2082 2998 2311 gar nicht so wichtig sind. Und wenn
1200 2151 1451 2257 Dinge
1395 2268 3000 2472 sie es selbst einmal würden - oder
1406 2405 2849 2634 wird es uns einbildeten –.wir
1410 2532 3039 2766 wissen doch, dass XXX das, was uns
1365 2695 3059 2920 Zwei verbindet, nie und durch nichts
1425 2833 3063 3059 zerstört werden kann, dass wir uns
1399 3000 3126 3204 auch über Abgründe die Hände reichen,
1493 3156 3091 3345 Gewiss. Du sprichst wie gewöhnlich
1306 3228 1438 3379 A:
1460 3301 2814 3505 äusserst vernünftig. Du hast
1419 3447 3126 3678 Recht - natürlich. Immerhin habe ich
1425 3611 3074 3813 noch nicht die Empfindung, dass Ab-
