3352 4168
2676 297 2847 481 186
1080 523 2862 745 S: Es steht mir vielleicht nicht zu
1180 716 2869 899 heute gewisse Erinnerungen (in Ihnen
1182 880 2950 1066 wachzurufen, aber ich kann doch nicht
1173 1030 2907 1232 umhin, es zu tun.... Erinnerungen an
1192 1168 2859 1342 das wirklich freundschaftliche Ver-
1180 1337 2883 1508 hältnis, das mich mit Ihnen verband,
1204 1465 2988 1677 Frinnerungen an die schönen Jahre, die
1770 1634 1996 1708 amme
1199 1648 2871 1820 Sie nach als Unbekannter im Schloss
1201 1796 2881 1979 meines Vaters verbrachten, - an die
1204 1946 2957 2158 Zeit, in der ich das Vergnügen hatte,
1208 2091 2931 2293 Ihr Schüler, Sie das geringere, mein
1213 2234 1946 2353 Lehrer zu sein.
1120 2269 3004 2517 A: O, keine Bescheidenheit! Ihr Walzer-
1235 2474 2992 2643 spiel ist ja sogar draussen im Reiche
1225 2640 2050 2800 berühmt geworden.
1132 2726 3045 2935 S: Das wissen Sie auch schon? - Nun ja
1142 2885 3026 3126 4... Ich wollte Sie ferner an eine Zeit
1256 3054 2957 3257 erinnern, die noch viel näher liegt:
1251 3202 3016 3392 an die vielen schönen - wunderschönen
1249 3342 3019 3554 Stunden, die ich im Laufe der letzten
1258 3521 2838 3716 Jahre in diesen Räumen verbringen
