<?xml version="1.0" encoding="UTF-8" standalone="yes"?>
<PcGts xmlns="http://schema.primaresearch.org/PAGE/gts/pagecontent/2013-07-15" xmlns:xsi="http://www.w3.org/2001/XMLSchema-instance" xsi:schemaLocation="http://schema.primaresearch.org/PAGE/gts/pagecontent/2013-07-15 http://schema.primaresearch.org/PAGE/gts/pagecontent/2013-07-15/pagecontent.xsd">
    <Metadata>
        <Creator>prov=READ-COOP:name=TrHtr:version=2.1.0:model_id=51170:date=25_07_2023_03:20</Creator>
        <Created>2023-05-10T13:04:41.255+02:00</Created>
        <LastChange>2023-07-25T03:20:31.919+02:00</LastChange>
        <TranskribusMetadata docId="1428562" pageId="55407636" pageNr="25" tsid="130581658" status="IN_PROGRESS" userId="64420" imgUrl="https://files.transkribus.eu/Get?id=XZQUKAVVYQONGHRBXTDJJVJV&amp;fileType=view" xmlUrl="https://files.transkribus.eu/Get?id=MTLDFQATXOYMUFVMZELOZUCL" imageId="44681782"/>
    </Metadata>
    <Page imageFilename="1428562_0025.jpg" imageWidth="3448" imageHeight="4136">
        <ReadingOrder>
            <OrderedGroup id="ro_1711794338062" caption="Regions reading order">
                <RegionRefIndexed index="0" regionRef="tr_1"/>
                <RegionRefIndexed index="1" regionRef="tr_2"/>
            </OrderedGroup>
        </ReadingOrder>
        <TextRegion id="tr_1" custom="readingOrder {index:0;}">
            <Coords points="1366,385 3085,385 3085,2089 1366,2089"/>
            <TextLine id="tr_1_tl_1" custom="readingOrder {index:0;}">
                <Coords points="2723,478 2748,480 2766,465 2798,478 2831,474 2942,421 2994,451 3025,451 3033,340 3002,334 2971,357 2937,340 2906,344 2812,382 2789,373 2754,384 2729,373"/>
                <Baseline points="2736,456 2763,456 2808,453 2852,447 2897,441 2942,441 2987,441 3031,435"/>
                <TextEquiv>
                    <Unicode>27 2</Unicode>
                </TextEquiv>
            </TextLine>
            <TextLine id="tr_1_tl_2" custom="readingOrder {index:1;}">
                <Coords points="1375,676 2958,620 3050,607 3056,494 2862,563 2604,526 1746,582 1640,638 1513,584 1377,603"/>
                <Baseline points="1387,671 1399,671 1444,671 1489,668 1533,665 1578,665 1623,662 1668,659 1712,659 1757,656 1802,653 1847,650 1891,647 1936,644 1981,644 2026,644 2070,641 2115,638 2160,638 2205,635 2250,632 2294,632 2339,629 2384,626 2429,623 2473,620 2518,620 2563,617 2608,614 2652,614 2697,614 2742,611 2787,611 2831,605 2876,602 2921,599 2966,599 3010,596 3055,599"/>
                <TextEquiv>
                    <Unicode>Mann, als Greis vor mir - (ich weiss</Unicode>
                </TextEquiv>
            </TextLine>
            <TextLine id="tr_1_tl_3" custom="readingOrder {index:2;}">
                <Coords points="1394,882 1625,818 2293,860 2514,782 2593,820 2971,784 3019,693 2593,676 2280,745 1402,722"/>
                <Baseline points="1408,835 1453,829 1498,826 1542,823 1587,823 1632,817 1677,817 1721,814 1766,811 1811,808 1856,808 1900,805 1945,805 1990,805 2035,805 2079,802 2124,799 2169,796 2214,793 2258,790 2303,787 2348,784 2393,781 2438,778 2482,775 2527,772 2572,772 2617,769 2661,766 2706,766 2751,763 2796,760 2840,760 2885,757 2930,757 2975,754 3019,754"/>
                <TextEquiv>
                    <Unicode>ganz genau, was Ihnen durch's Hirn</Unicode>
                </TextEquiv>
            </TextLine>
            <TextLine id="tr_1_tl_4" custom="readingOrder {index:3;}">
                <Coords points="1352,1043 2080,966 2351,1016 2846,960 2990,1008 3013,864 2226,841 1358,899"/>
                <Baseline points="1366,981 1405,984 1450,984 1495,981 1539,978 1584,978 1629,975 1674,972 1718,969 1763,969 1808,966 1853,963 1897,963 1942,963 1987,960 2032,960 2076,957 2121,951 2166,948 2211,948 2256,942 2300,940 2345,940 2390,940 2435,934 2479,934 2524,934 2569,928 2614,928 2658,925 2703,922 2748,919 2793,919 2837,916 2882,913 2927,910 2972,910 3016,913"/>
                <TextEquiv>
                    <Unicode>fahren würde, im Augenblick, we Sie</Unicode>
                </TextEquiv>
            </TextLine>
            <TextLine id="tr_1_tl_5" custom="readingOrder {index:4;}">
                <Coords points="1462,1147 1721,1185 1913,1124 2389,1160 2608,1108 2733,1150 2946,1099 2948,1024 2768,993 2132,1068 1469,1026"/>
                <Baseline points="1474,1139 1515,1136 1560,1136 1605,1133 1650,1130 1694,1130 1739,1128 1784,1125 1829,1122 1874,1119 1918,1119 1963,1119 2008,1113 2053,1110 2097,1107 2142,1107 2187,1101 2232,1101 2276,1098 2321,1095 2366,1095 2411,1092 2455,1092 2500,1089 2545,1089 2590,1083 2634,1083 2679,1080 2724,1077 2769,1077 2814,1074 2858,1074 2903,1077 2948,1083"/>
                <TextEquiv>
                    <Unicode>einen Minister oder einen König</Unicode>
                </TextEquiv>
            </TextLine>
            <TextLine id="tr_1_tl_6" custom="readingOrder {index:5;}">
                <Coords points="1414,1325 2896,1291 3077,1252 3081,1168 2549,1133 2042,1210 1792,1154 1421,1200"/>
                <Baseline points="1429,1301 1474,1298 1518,1295 1563,1295 1608,1292 1653,1289 1697,1289 1742,1286 1787,1283 1832,1280 1877,1277 1921,1277 1966,1277 2011,1277 2056,1274 2100,1271 2145,1274 2190,1268 2235,1265 2279,1259 2324,1259 2369,1256 2414,1253 2458,1250 2503,1247 2548,1244 2593,1244 2637,1238 2682,1238 2727,1235 2772,1232 2817,1229 2861,1229 2906,1226 2951,1223 2996,1220 3040,1220 3085,1220"/>
                <TextEquiv>
                    <Unicode>umbrächten... Ja, was in aller Welt</Unicode>
                </TextEquiv>
            </TextLine>
            <TextLine id="tr_1_tl_7" custom="readingOrder {index:6;}">
                <Coords points="1412,1471 2579,1477 2802,1444 2810,1316 2095,1392 1967,1331 1419,1360"/>
                <Baseline points="1423,1456 1468,1459 1512,1456 1557,1453 1602,1453 1647,1450 1692,1447 1736,1447 1781,1444 1826,1441 1871,1438 1915,1435 1960,1435 2005,1435 2050,1429 2094,1426 2139,1426 2184,1423 2229,1426 2273,1420 2318,1417 2363,1414 2408,1411 2452,1408 2497,1408 2542,1402 2587,1402 2632,1399 2676,1396 2721,1393 2766,1393 2811,1387"/>
                <TextEquiv>
                    <Unicode>hindert mich, noch in dieser</Unicode>
                </TextEquiv>
            </TextLine>
            <TextLine id="tr_1_tl_8" custom="readingOrder {index:7;}">
                <Coords points="1383,1629 1669,1650 2017,1588 2351,1648 2537,1583 2912,1569 2969,1548 2973,1469 2470,1456 1992,1521 1930,1475 1510,1519 1392,1483"/>
                <Baseline points="1396,1611 1408,1614 1453,1614 1498,1614 1542,1611 1587,1611 1632,1608 1677,1605 1721,1602 1766,1599 1811,1596 1856,1596 1900,1593 1945,1590 1990,1587 2035,1587 2079,1584 2124,1584 2169,1584 2214,1578 2258,1575 2303,1575 2348,1569 2393,1566 2438,1563 2482,1560 2527,1560 2572,1557 2617,1557 2661,1554 2706,1551 2751,1548 2796,1548 2840,1545 2885,1539 2930,1536 2975,1539"/>
                <TextEquiv>
                    <Unicode>Stunde den Meneleg niederzuschrei-</Unicode>
                </TextEquiv>
            </TextLine>
            <TextLine id="tr_1_tl_9" custom="readingOrder {index:8;}">
                <Coords points="1442,1811 2040,1744 2681,1769 2812,1702 3023,1750 3073,1654 2234,1615 1848,1717 1446,1727"/>
                <Baseline points="1456,1766 1465,1769 1509,1769 1554,1769 1599,1769 1644,1769 1689,1766 1733,1760 1778,1760 1823,1757 1868,1754 1912,1748 1957,1748 2002,1745 2047,1742 2091,1739 2136,1739 2181,1736 2226,1736 2270,1733 2315,1730 2360,1727 2405,1721 2449,1721 2494,1718 2539,1718 2584,1715 2629,1712 2673,1712 2718,1709 2763,1706 2808,1703 2852,1703 2897,1700 2942,1697 2987,1694 3031,1692 3076,1683"/>
                <TextEquiv>
                    <Unicode>ben, den Sie - natürlich nur inner-</Unicode>
                </TextEquiv>
            </TextLine>
            <TextLine id="tr_1_tl_10" custom="readingOrder {index:9;}">
                <Coords points="1442,1961 3027,1903 3067,1792 2172,1790 1694,1896 1446,1867"/>
                <Baseline points="1456,1927 1501,1930 1545,1927 1590,1927 1635,1927 1680,1924 1724,1921 1769,1918 1814,1915 1859,1912 1903,1912 1948,1906 1993,1903 2038,1900 2082,1900 2127,1897 2172,1897 2217,1894 2261,1888 2306,1888 2351,1888 2396,1882 2441,1882 2485,1880 2530,1877 2575,1877 2620,1874 2664,1871 2709,1871 2754,1865 2799,1865 2843,1862 2888,1859 2933,1856 2978,1853 3022,1853 3067,1853"/>
                <TextEquiv>
                    <Unicode>lich - halten würden, wenn man Sie</Unicode>
                </TextEquiv>
            </TextLine>
            <TextLine id="tr_1_tl_11" custom="readingOrder {index:10;}">
                <Coords points="1475,2093 2067,2109 2218,2055 2833,2053 2940,2036 2942,1961 2460,1915 2360,1959 2065,1940 1892,2026 1479,2034"/>
                <Baseline points="1489,2079 1512,2079 1557,2079 1602,2079 1647,2079 1692,2079 1736,2076 1781,2076 1826,2073 1871,2070 1915,2070 1960,2068 2005,2065 2050,2062 2094,2059 2139,2056 2184,2056 2229,2053 2273,2050 2318,2044 2363,2044 2408,2038 2452,2038 2497,2035 2542,2032 2587,2029 2632,2029 2676,2026 2721,2023 2766,2023 2811,2020 2855,2017 2900,2014 2945,2014"/>
                <TextEquiv>
                    <Unicode>- was ich Ihnen natürlich nicht</Unicode>
                </TextEquiv>
            </TextLine>
        </TextRegion>
        <TextRegion id="tr_2" custom="readingOrder {index:1;}">
            <Coords points="626,2128 3139,2128 3139,3364 626,3364"/>
            <TextLine id="tr_2_tl_1" custom="readingOrder {index:0;}">
                <Coords points="1462,2272 1909,2222 2057,2270 2295,2218 2833,2226 2975,2201 2979,2099 2570,2130 2118,2088 1926,2201 1467,2195"/>
                <Baseline points="1477,2241 1504,2241 1548,2241 1593,2241 1638,2241 1683,2241 1727,2238 1772,2235 1817,2232 1862,2226 1906,2223 1951,2223 1996,2223 2041,2220 2085,2217 2130,2217 2175,2214 2220,2211 2264,2208 2309,2205 2354,2202 2399,2199 2444,2196 2488,2193 2533,2190 2578,2190 2623,2187 2667,2184 2712,2184 2757,2181 2802,2181 2846,2178 2891,2178 2936,2178 2981,2181"/>
                <TextEquiv>
                    <Unicode>wünsche - zum Schaffet führt?...</Unicode>
                </TextEquiv>
            </TextLine>
            <TextLine id="tr_2_tl_2" custom="readingOrder {index:1;}">
                <Coords points="1440,2437 1924,2387 2485,2412 2727,2339 2956,2357 2988,2270 2199,2247 1901,2353 1444,2355"/>
                <Baseline points="1450,2411 1468,2414 1512,2408 1557,2405 1602,2402 1647,2402 1692,2399 1736,2396 1781,2393 1826,2390 1871,2387 1915,2384 1960,2381 2005,2381 2050,2378 2094,2375 2139,2372 2184,2372 2229,2369 2273,2366 2318,2363 2363,2360 2408,2357 2452,2357 2497,2354 2542,2351 2587,2345 2632,2342 2676,2342 2721,2339 2766,2336 2811,2333 2855,2333 2900,2330 2945,2327 2990,2324"/>
                <TextEquiv>
                    <Unicode>sie sehen also: von mir aus brau-</Unicode>
                </TextEquiv>
            </TextLine>
            <TextLine id="tr_2_tl_3" custom="readingOrder {index:2;}">
                <Coords points="1487,2589 3067,2539 3096,2391 2320,2389 1982,2497 1494,2487"/>
                <Baseline points="1501,2566 1527,2563 1572,2560 1617,2560 1662,2557 1706,2554 1751,2551 1796,2548 1841,2548 1885,2545 1930,2545 1975,2542 2020,2539 2065,2536 2109,2533 2154,2530 2199,2527 2244,2527 2288,2524 2333,2521 2378,2521 2423,2515 2467,2512 2512,2509 2557,2506 2602,2503 2646,2500 2691,2500 2736,2497 2781,2494 2825,2494 2870,2491 2915,2485 2960,2485 3005,2479 3049,2479 3094,2473"/>
                <TextEquiv>
                    <Unicode>chen Sie heute nicht zum Nachtmahl</Unicode>
                </TextEquiv>
            </TextLine>
            <TextLine id="tr_2_tl_4" custom="readingOrder {index:3;}">
                <Coords points="1487,2727 1606,2743 1646,2727 1690,2739 1734,2718 1755,2729 1777,2718 1803,2737 1842,2720 1878,2731 1896,2716 1988,2712 1990,2666 1949,2672 1909,2639 1840,2660 1792,2641 1730,2660 1713,2643 1638,2658 1604,2643 1567,2662 1492,2662"/>
                <Baseline points="1498,2721 1501,2724 1545,2721 1590,2718 1635,2718 1680,2712 1724,2709 1769,2706 1814,2706 1859,2703 1903,2700 1948,2703 1993,2706"/>
                <TextEquiv>
                    <Unicode>zu kommen.</Unicode>
                </TextEquiv>
            </TextLine>
            <TextLine id="tr_2_tl_5" custom="readingOrder {index:4;}">
                <Coords points="1366,2889 2691,2821 2841,2862 2992,2829 2998,2725 2796,2677 2574,2758 2426,2725 2335,2764 2134,2698 1878,2727 1788,2802 1371,2812"/>
                <Baseline points="1378,2882 1387,2882 1432,2879 1477,2879 1521,2879 1566,2879 1611,2873 1656,2870 1700,2867 1745,2864 1790,2861 1835,2861 1880,2855 1924,2852 1969,2849 2014,2846 2059,2846 2103,2843 2148,2840 2193,2840 2238,2837 2282,2834 2327,2834 2372,2831 2417,2831 2461,2828 2506,2822 2551,2820 2596,2817 2640,2817 2685,2814 2730,2811 2775,2808 2820,2805 2864,2802 2909,2799 2954,2796 2999,2796"/>
                <TextEquiv>
                    <Unicode>Nik! Umsemehr weiss ich Ihre Unei-</Unicode>
                </TextEquiv>
            </TextLine>
            <TextLine id="tr_2_tl_6" custom="readingOrder {index:5;}">
                <Coords points="609,2990 657,2998 774,2923 860,2912 953,2952 995,2931 1024,2965 1179,2994 1193,2779 1043,2825 953,2785 903,2810 830,2785 749,2831 626,2777"/>
                <Baseline points="626,2918 656,2918 701,2918 746,2918 790,2918 835,2912 880,2906 925,2900 969,2897 1014,2897 1059,2894 1104,2891 1148,2885 1193,2879"/>
                <TextEquiv>
                    <Unicode>hr monsieur</Unicode>
                </TextEquiv>
            </TextLine>
            <TextLine id="tr_2_tl_7" custom="readingOrder {index:6;}">
                <Coords points="1513,3038 1846,3019 2086,3063 2293,3052 2382,2994 2965,2998 2983,2896 2816,2850 2710,2892 2522,2867 2287,2962 2061,2923 1930,2967 1517,2969"/>
                <Baseline points="1524,3034 1554,3037 1599,3031 1644,3028 1689,3025 1733,3022 1778,3019 1823,3016 1868,3013 1912,3010 1957,3008 2002,3005 2047,3005 2091,3002 2136,2999 2181,2996 2226,2993 2270,2993 2315,2990 2360,2987 2405,2984 2449,2981 2494,2978 2539,2978 2584,2972 2629,2972 2673,2966 2718,2966 2763,2963 2808,2960 2852,2957 2897,2954 2942,2951 2987,2942"/>
                <TextEquiv>
                    <Unicode>gennützigkeit zu schätzen, Herr</Unicode>
                </TextEquiv>
            </TextLine>
            <TextLine id="tr_2_tl_8" custom="readingOrder {index:7;}">
                <Coords points="628,3115 666,3104 705,3115 730,3102 755,3123 809,3111 835,3129 880,3102 905,3121 995,3123 999,3002 941,2996 897,3027 857,3023 776,2977 722,3006 630,3025"/>
                <Baseline points="641,3058 644,3058 689,3058 734,3055 778,3055 823,3055 868,3052 913,3049 957,3049 1002,3049"/>
                <TextEquiv>
                    <Unicode>mise... ut</Unicode>
                </TextEquiv>
            </TextLine>
            <TextLine id="tr_2_tl_9" custom="readingOrder {index:8;}">
                <Coords points="1515,3192 3109,3142 3142,3017 2070,3127 1890,3083 1519,3121"/>
                <Baseline points="1527,3187 1572,3184 1617,3184 1662,3184 1706,3184 1751,3184 1796,3178 1841,3175 1885,3172 1930,3172 1975,3172 2020,3166 2065,3163 2109,3160 2154,3157 2199,3154 2244,3154 2288,3151 2333,3151 2378,3148 2423,3145 2467,3142 2512,3142 2557,3139 2602,3136 2646,3133 2691,3130 2736,3130 2781,3127 2825,3124 2870,3121 2915,3121 2960,3118 3005,3115 3049,3109 3094,3106 3139,3103"/>
                <TextEquiv>
                    <Unicode>Rhon. :Er verbeugt sich und geht</Unicode>
                </TextEquiv>
            </TextLine>
            <TextLine id="tr_2_tl_10" custom="readingOrder {index:9;}">
                <Coords points="1492,3365 1521,3371 1538,3359 1544,3363 1552,3353 1563,3359 1577,3353 1590,3363 1608,3365 1617,3357 1650,3353 1646,3263 1608,3271 1579,3263 1569,3271 1554,3263 1533,3269 1527,3265 1502,3284 1487,3280"/>
                <Baseline points="1501,3348 1545,3348 1590,3351 1635,3351 1653,3354"/>
                <TextEquiv>
                    <Unicode>ab:</Unicode>
                </TextEquiv>
            </TextLine>
        </TextRegion>
    </Page>
</PcGts>
