3352 4200
2586 481 2705 616 75
995 708 2842 881 Stubenn: Ich war diesmal nicht mit der
1239 881 2823 1055 gnädigen Frau. Frau Schumann, die
1239 1012 2903 1268 Garderobeire war mit auf der Reise.
1442 1369 2152 1529 2. Szene
1082 1505 2888 1669 Maria, Amadeus, im Anfang das Stubenm.
1092 1739 2903 1910 Amad: aus seinem Zimmer links:
1287 1889 2809 2074 ist denn da?... Ach, Sie sind'a!
1287 2067 2487 2241 Maria... Grüss‘ Sie Gott.
1108 2234 1802 2393 Stubenm. : ab:
1121 2345 3065 2541 Maria: Ich wollte Cäcilie begrüssen.
1314 2512 2944 2690 Ich dachte, sie käme schon mittags
1326 2671 2939 2845 an; sie schrieb mir wenigstens...
1396 2862 3004 3021 Es war ihre Absicht. Aber nun hat
1104 2941 1350 3036 Amad:
1343 2973 3067 3171 sie sich's doch anders überlegt, auf
1345 3161 3111 3330 meinen Rat; es hätte doch keinen Sinn
1319 3316 2941 3504 gehabt, direkt vom Theater auf die
1369 3528 2087 3688 Bahn fahren...
1183 3579 3091 3878 Maria: Sie sehnt sich wol sehr. Beinahe
