3352 4184
2547 369 2760 561 179
1126 638 2096 844 spasshaft zu nehmen?
990 784 2820 970 Alb: Das scheint dir nur so. /Selbst
209 900 2876 1093 wenn du fallen solltest, in hundert Jahren würde einem qui
1116 983 2790 1156 :auf u. ab: In einer Stunde, hoff
223 1083 986 1189 ganze Geschichte
209 1149 1033 1259 unendlich komisch
1116 1162 2239 1289 ich, bist du wieder da.
209 1222 1059 1342 vorkommen. Ich la¬
213 1299 877 1431 che schon heu¬
993 1249 2777 1458 Alb: Ehrlich: hältst du es überhaupt
206 1372 890 1488 te drüber. Das
1143 1375 2850 1574 für möglich, dass Maria (wirklich) von
216 1455 883 1571 ist der ganz
216 1531 807 1671 Unterschied.
1149 1571 2896 1727 mir und den Kindern fortgehen könnte?
1149 1681 2820 1910 Es ist doch eigentlich mehr wie ein
1162 1870 2826 2049 böser Traum. - Nun, auf Widersehen.
1159 2009 1953 2222 Und unsere Oper?
1020 2102 2929 2355 A : Wir sprechen noch drüber. Zu deiner
1182 2285 2903 2498 Beruhigung: was fertig ist, liegt im
1179 2458 2461 2680 zweiten Fach, wohlgeordnet,
1046 2577 2850 2813 Alb: Nur zwei Akte! Wer soll nach dir
1199 2757 2345 2989 Aen dritten komponieren?
1050 2860 2866 3149 A: Man wird es als Fragment geben mit
1222 3099 2441 3268 einem Ballett zum Schluss.
1066 3215 2856 3431 Alb: Ja, du hast Recht. "Vergissmein-
1209 3398 1886 3590 nicht.“ I:ab:
