3416 4152
2666 384 2878 596 107
1053 664 2931 925 Alb: Ja allerdings. - Nun, gnädigerrau,
1240 846 2903 1042 ich weiss wahrhaftig nicht... eben
1256 990 2845 1228 las ich von dem beklagenswert Vor-
1200 1156 2952 1368 fablmen gesamkeisen wohnhaftig nicht,
1216 1354 2486 1549 mir scheint; ich habe schon
2542 1340 2710 1508 a
1286 1459 2961 1710 fall... man weiss wahrhaftig nicht,
1340 1615 2938 1869 ob man gratulieren soll - oder...
1305 1803 2833 2006 Ach, mir scheint, ich habe schon
1284 1957 2589 2155 wieder einmal keinen Takt-
1132 2139 2652 2370 A: Ja, was ist denn geschehen?
1151 2300 2721 2500 Alb: Wief... er weiss nicht -?
1163 2451 2766 2645 A: Ja, was giebt's denn?
1181 2523 3057 2798 Fr: Mein Mann hat heute mittag jemandem
1424 2726 2922 2992 erschossen... eine seltsame Ge-
1393 2878 2826 3134 schichte - (ich selbst dachte ge-
1442 3052 2453 3290 nicht mehr daran.
1405 3190 3080 3425 leise zu ihr, sie beim Arm fassen
1230 3332 1328 3448 A:
1480 3353 2982 3612 da kommst du - - in dieser...
1456 3572 1976 3758 Nein, nein!
