<?xml version="1.0" encoding="UTF-8" standalone="yes"?>
<PcGts xmlns="http://schema.primaresearch.org/PAGE/gts/pagecontent/2013-07-15" xmlns:xsi="http://www.w3.org/2001/XMLSchema-instance" xsi:schemaLocation="http://schema.primaresearch.org/PAGE/gts/pagecontent/2013-07-15 http://schema.primaresearch.org/PAGE/gts/pagecontent/2013-07-15/pagecontent.xsd">
    <Metadata>
        <Creator>prov=READ-COOP:name=TrHtr:version=2.1.0:model_id=51170:date=25_07_2023_03:20</Creator>
        <Created>2023-05-10T13:04:39.899+02:00</Created>
        <LastChange>2023-07-25T03:20:28.320+02:00</LastChange>
        <TranskribusMetadata docId="1428562" pageId="55407605" pageNr="14" tsid="130581646" status="IN_PROGRESS" userId="64420" imgUrl="https://files.transkribus.eu/Get?id=GWOUVQNYSVNAQBKHIQTXWRQQ&amp;fileType=view" xmlUrl="https://files.transkribus.eu/Get?id=ZSQBWHFWKYYASRQBFQCGJOSF" imageId="44681751"/>
    </Metadata>
    <Page imageFilename="1428562_0014.jpg" imageWidth="3480" imageHeight="4216">
        <ReadingOrder>
            <OrderedGroup id="ro_1711794329309" caption="Regions reading order">
                <RegionRefIndexed index="0" regionRef="tr_1"/>
                <RegionRefIndexed index="1" regionRef="tr_2"/>
            </OrderedGroup>
        </ReadingOrder>
        <TextRegion id="tr_1" custom="readingOrder {index:0;}">
            <Coords points="1274,418 3120,418 3120,1906 1274,1906"/>
            <TextLine id="tr_1_tl_1" custom="readingOrder {index:0;}">
                <Coords points="2793,499 2848,504 2860,496 2875,511 2915,506 2920,411 2905,411 2868,384 2850,387 2828,372 2800,367"/>
                <Baseline points="2806,477 2833,471 2878,471 2923,468"/>
                <TextEquiv>
                    <Unicode>14</Unicode>
                </TextEquiv>
            </TextLine>
            <TextLine id="tr_1_tl_2" custom="readingOrder {index:1;}">
                <Coords points="2895,713 2928,723 2960,703 2985,718 3010,708 3020,718 3040,713 3070,718 3067,608 3022,598 3000,606 2988,596 2960,616 2935,611 2915,626 2895,626"/>
                <Baseline points="2908,698 2952,698 2997,695 3042,698 3075,704"/>
                <TextEquiv>
                    <Unicode>Was</Unicode>
                </TextEquiv>
            </TextLine>
            <TextLine id="tr_1_tl_3" custom="readingOrder {index:2;}">
                <Coords points="1259,815 1793,843 2097,783 2252,810 2392,746 2773,771 2781,616 1910,713 1267,691"/>
                <Baseline points="1274,800 1304,797 1349,794 1394,791 1439,791 1483,788 1528,785 1573,782 1618,779 1663,779 1707,776 1752,773 1797,770 1842,767 1887,767 1931,764 1976,764 2021,761 2066,761 2110,761 2155,758 2200,746 2245,746 2290,743 2334,737 2379,734 2424,731 2469,725 2514,725 2558,722 2603,719 2648,719 2693,716 2738,713 2782,713"/>
                <TextEquiv>
                    <Unicode>Tisch bei uns...:Hin und her:</Unicode>
                </TextEquiv>
            </TextLine>
            <TextLine id="tr_1_tl_4" custom="readingOrder {index:3;}">
                <Coords points="1264,995 1404,955 1494,1002 1825,993 2145,913 2302,953 2421,890 2594,920 2848,875 2853,788 1823,825 1469,890 1274,835"/>
                <Baseline points="1283,943 1289,943 1334,940 1379,940 1424,940 1469,937 1513,937 1558,934 1603,931 1648,928 1692,922 1737,922 1782,919 1827,916 1872,916 1916,913 1961,910 2006,910 2051,907 2096,904 2140,901 2185,898 2230,895 2275,892 2319,889 2364,886 2409,883 2454,880 2499,880 2543,877 2588,874 2633,874 2678,871 2723,865 2767,862 2812,859 2857,859"/>
                <TextEquiv>
                    <Unicode>Sie da versuchen, Friederike, ist</Unicode>
                </TextEquiv>
            </TextLine>
            <TextLine id="tr_1_tl_5" custom="readingOrder {index:4;}">
                <Coords points="1282,1140 1586,1167 1928,1082 2793,1060 2900,1027 2908,908 2713,975 2242,935 2100,998 1289,1012"/>
                <Baseline points="1298,1098 1340,1095 1385,1095 1430,1092 1475,1092 1519,1089 1564,1083 1609,1083 1654,1080 1698,1077 1743,1074 1788,1071 1833,1068 1878,1068 1922,1065 1967,1062 2012,1059 2057,1056 2102,1056 2146,1054 2191,1054 2236,1048 2281,1045 2325,1042 2370,1039 2415,1036 2460,1033 2505,1030 2549,1027 2594,1024 2639,1021 2684,1021 2729,1018 2773,1012 2818,1012 2863,1006 2908,1012"/>
                <TextEquiv>
                    <Unicode>ziemlich kläglich. Sie haben keine</Unicode>
                </TextEquiv>
            </TextLine>
            <TextLine id="tr_1_tl_6" custom="readingOrder {index:5;}">
                <Coords points="1279,1297 2359,1282 2633,1190 2910,1190 2915,1105 2713,1075 1833,1165 1289,1135"/>
                <Baseline points="1295,1254 1307,1251 1352,1248 1397,1248 1442,1248 1486,1245 1531,1245 1576,1239 1621,1239 1666,1233 1710,1230 1755,1227 1800,1230 1845,1224 1890,1221 1934,1218 1979,1218 2024,1212 2069,1209 2113,1206 2158,1206 2203,1203 2248,1197 2293,1194 2337,1191 2382,1191 2427,1188 2472,1185 2517,1179 2561,1179 2606,1176 2651,1173 2696,1170 2740,1167 2785,1167 2830,1164 2875,1161 2920,1167"/>
                <TextEquiv>
                    <Unicode>Ahnung von der Art der Beziehungen</Unicode>
                </TextEquiv>
            </TextLine>
            <TextLine id="tr_1_tl_7" custom="readingOrder {index:6;}">
                <Coords points="1299,1456 3090,1347 3117,1229 2983,1195 2823,1269 2484,1237 2284,1302 1571,1299 1304,1362"/>
                <Baseline points="1316,1415 1328,1412 1373,1409 1418,1406 1463,1406 1507,1403 1552,1403 1597,1400 1642,1397 1686,1394 1731,1391 1776,1388 1821,1382 1866,1382 1910,1379 1955,1376 2000,1373 2045,1370 2090,1370 2134,1364 2179,1358 2224,1355 2269,1355 2314,1352 2358,1349 2403,1346 2448,1346 2493,1343 2537,1340 2582,1334 2627,1328 2672,1328 2717,1325 2761,1322 2806,1319 2851,1316 2896,1310 2941,1310 2985,1304 3030,1304 3075,1298 3120,1298"/>
                <TextEquiv>
                    <Unicode>zwischen Cäcilie und mir; ich bezweiff</Unicode>
                </TextEquiv>
            </TextLine>
            <TextLine id="tr_1_tl_8" custom="readingOrder {index:7;}">
                <Coords points="1309,1638 2262,1521 2885,1509 2938,1384 1980,1481 1399,1499 1322,1454"/>
                <Baseline points="1328,1570 1370,1567 1415,1567 1460,1564 1504,1564 1549,1561 1594,1558 1639,1555 1684,1555 1728,1549 1773,1546 1818,1543 1863,1540 1907,1537 1952,1534 1997,1534 2042,1528 2087,1525 2131,1522 2176,1519 2221,1516 2266,1510 2311,1510 2355,1507 2400,1504 2445,1501 2490,1498 2534,1495 2579,1489 2624,1486 2669,1483 2714,1477 2758,1475 2803,1475 2848,1469 2893,1466 2938,1466"/>
                <TextEquiv>
                    <Unicode>dass Sie Ihrem Gatten gegenüber so</Unicode>
                </TextEquiv>
            </TextLine>
            <TextLine id="tr_1_tl_9" custom="readingOrder {index:8;}">
                <Coords points="1324,1761 1771,1781 2172,1693 2985,1678 2992,1564 2541,1529 2309,1616 1845,1658 1638,1591 1329,1686"/>
                <Baseline points="1337,1737 1382,1731 1427,1728 1472,1725 1516,1722 1561,1716 1606,1716 1651,1710 1695,1710 1740,1707 1785,1704 1830,1704 1875,1701 1919,1698 1964,1692 2009,1692 2054,1689 2099,1686 2143,1681 2188,1675 2233,1672 2278,1672 2322,1669 2367,1663 2412,1660 2457,1654 2502,1651 2546,1648 2591,1645 2636,1642 2681,1639 2726,1636 2770,1633 2815,1630 2860,1630 2905,1627 2950,1624 2994,1618"/>
                <TextEquiv>
                    <Unicode>aufrichtig sind, als Cäcilie mir ge-</Unicode>
                </TextEquiv>
            </TextLine>
            <TextLine id="tr_1_tl_10" custom="readingOrder {index:9;}">
                <Coords points="1322,1960 1915,1868 2042,1908 2127,1863 2392,1840 2401,1716 2322,1703 2090,1768 1334,1803"/>
                <Baseline points="1340,1896 1367,1896 1412,1896 1457,1890 1501,1884 1546,1878 1591,1875 1636,1872 1681,1869 1725,1866 1770,1863 1815,1860 1860,1854 1904,1851 1949,1845 1994,1845 2039,1842 2084,1836 2128,1833 2173,1830 2218,1827 2263,1824 2308,1818 2352,1818 2397,1821"/>
                <TextEquiv>
                    <Unicode>gegenüber und ich ihr.</Unicode>
                </TextEquiv>
            </TextLine>
        </TextRegion>
        <TextRegion id="tr_2" custom="readingOrder {index:1;}">
            <Coords points="471,1869 3242,1869 3242,3643 471,3643"/>
            <TextLine id="tr_2_tl_1" custom="readingOrder {index:0;}">
                <Coords points="1401,2065 2953,1993 3095,1965 3110,1798 2850,1858 2768,1810 2626,1888 2342,1863 2222,1935 1409,1953"/>
                <Baseline points="1415,2057 1448,2054 1492,2048 1537,2045 1582,2042 1627,2036 1672,2030 1716,2030 1761,2027 1806,2024 1851,2021 1896,2015 1940,2012 1985,2009 2030,2006 2075,2000 2119,1997 2164,1994 2209,1988 2254,1985 2299,1979 2343,1976 2388,1973 2433,1967 2478,1964 2523,1961 2567,1958 2612,1955 2657,1952 2702,1946 2746,1943 2791,1943 2836,1940 2881,1934 2926,1931 2970,1928 3015,1925 3060,1919 3105,1919"/>
                <TextEquiv>
                    <Unicode>Das wäre auch nicht das Selbe. Mein</Unicode>
                </TextEquiv>
            </TextLine>
            <TextLine id="tr_2_tl_2" custom="readingOrder {index:1;}">
                <Coords points="1065,2160 1085,2152 1110,2160 1165,2127 1204,2132 1217,2145 1244,2120 1277,2122 1297,2110 1354,2130 1359,1985 1329,2000 1279,1990 1242,2010 1219,1990 1175,2012 1122,1978 1072,1980"/>
                <Baseline points="1080,2072 1095,2072 1140,2072 1185,2069 1230,2069 1274,2066 1319,2063 1364,2063"/>
                <TextEquiv>
                    <Unicode>Fried:</Unicode>
                </TextEquiv>
            </TextLine>
            <TextLine id="tr_2_tl_3" custom="readingOrder {index:2;}">
                <Coords points="1342,2272 1830,2259 2219,2157 2890,2142 3060,2105 3067,1997 2756,1975 2481,2055 2317,2025 1352,2150"/>
                <Baseline points="1361,2212 1367,2212 1412,2209 1457,2206 1501,2206 1546,2206 1591,2200 1636,2197 1681,2194 1725,2188 1770,2185 1815,2182 1860,2176 1904,2173 1949,2170 1994,2167 2039,2164 2084,2158 2128,2155 2173,2152 2218,2149 2263,2143 2308,2137 2352,2134 2397,2131 2442,2125 2487,2125 2531,2122 2576,2122 2621,2116 2666,2110 2711,2108 2755,2102 2800,2099 2845,2096 2890,2090 2935,2087 2979,2081 3024,2078 3069,2084"/>
                <TextEquiv>
                    <Unicode>Mann ist sehr eifersüchtig und würde</Unicode>
                </TextEquiv>
            </TextLine>
            <TextLine id="tr_2_tl_4" custom="readingOrder {index:3;}">
                <Coords points="571,2217 678,2234 768,2204 781,2217 893,2175 925,2187 988,2172 1002,2080 980,2080 958,2055 895,2055 686,2175 591,2107"/>
                <Baseline points="585,2221 594,2221 638,2215 683,2212 728,2203 773,2197 818,2188 862,2176 907,2167 952,2161 997,2158"/>
                <TextEquiv>
                    <Unicode>Marn kann ist</Unicode>
                </TextEquiv>
            </TextLine>
            <TextLine id="tr_2_tl_5" custom="readingOrder {index:4;}">
                <Coords points="571,2322 608,2337 855,2239 885,2267 940,2244 995,2262 1020,2170 963,2167 925,2185 895,2175 628,2254 591,2247"/>
                <Baseline points="585,2325 615,2302 659,2290 704,2281 749,2269 794,2254 839,2245 883,2236 928,2221 973,2206 1018,2197"/>
                <TextEquiv>
                    <Unicode>seltsame Herr</Unicode>
                </TextEquiv>
            </TextLine>
            <TextLine id="tr_2_tl_6" custom="readingOrder {index:5;}">
                <Coords points="456,2424 496,2439 544,2414 691,2401 943,2304 1067,2314 1102,2182 885,2267 855,2239 564,2359 479,2344"/>
                <Baseline points="471,2427 501,2421 546,2409 591,2403 635,2391 680,2382 725,2358 770,2346 815,2331 859,2322 904,2314 949,2299 994,2287 1039,2275 1083,2266"/>
                <TextEquiv>
                    <Unicode>Sie von Ihr in hiemand</Unicode>
                </TextEquiv>
            </TextLine>
            <TextLine id="tr_2_tl_7" custom="readingOrder {index:6;}">
                <Coords points="1367,2394 1626,2424 2165,2324 2559,2359 2571,2192 2324,2185 1840,2279 1656,2249 1501,2302 1377,2284"/>
                <Baseline points="1382,2373 1406,2370 1451,2370 1495,2367 1540,2367 1585,2364 1630,2361 1675,2355 1719,2355 1764,2349 1809,2343 1854,2340 1898,2337 1943,2331 1988,2328 2033,2322 2078,2319 2122,2317 2167,2311 2212,2308 2257,2305 2302,2299 2346,2296 2391,2293 2436,2290 2481,2287 2526,2284 2570,2287"/>
                <TextEquiv>
                    <Unicode>Sie möglicherweise töten.</Unicode>
                </TextEquiv>
            </TextLine>
            <TextLine id="tr_2_tl_8" custom="readingOrder {index:7;}">
                <Coords points="803,2404 845,2392 878,2399 925,2372 978,2374 1060,2337 1072,2347 1100,2344 1112,2292 1050,2269 925,2327 880,2322 830,2352 815,2349"/>
                <Baseline points="821,2385 842,2382 886,2376 931,2367 976,2358 1021,2349 1065,2337 1110,2328"/>
                <TextEquiv>
                    <Unicode>cisé en mêssant</Unicode>
                </TextEquiv>
            </TextLine>
            <TextLine id="tr_2_tl_9" custom="readingOrder {index:8;}">
                <Coords points="1421,2549 1746,2581 2209,2479 3042,2431 3187,2394 3194,2319 2411,2372 2279,2332 1865,2431 1434,2424"/>
                <Baseline points="1436,2543 1448,2543 1492,2537 1537,2534 1582,2531 1627,2534 1672,2529 1716,2520 1761,2517 1806,2514 1851,2508 1896,2502 1940,2496 1985,2490 2030,2487 2075,2484 2119,2481 2164,2475 2209,2472 2254,2466 2299,2463 2343,2460 2388,2457 2433,2451 2478,2442 2523,2439 2567,2436 2612,2433 2657,2427 2702,2424 2746,2418 2791,2412 2836,2409 2881,2406 2926,2400 2970,2397 3015,2394 3060,2391 3105,2385 3150,2379 3194,2382"/>
                <TextEquiv>
                    <Unicode>Ach, es giebt Einen, dernoch immer le¬</Unicode>
                </TextEquiv>
            </TextLine>
            <TextLine id="tr_2_tl_10" custom="readingOrder {index:9;}">
                <Coords points="830,2469 895,2449 925,2474 983,2474 1007,2501 1030,2494 1070,2466 1082,2469 1097,2344 1072,2347 1057,2337 1017,2349 983,2374 918,2372 875,2404 840,2392"/>
                <Baseline points="847,2451 871,2448 916,2442 961,2436 1006,2430 1051,2424 1095,2421"/>
                <TextEquiv>
                    <Unicode>or by</Unicode>
                </TextEquiv>
            </TextLine>
            <TextLine id="tr_2_tl_11" custom="readingOrder {index:10;}">
                <Coords points="479,2584 541,2596 703,2524 726,2534 763,2511 803,2524 825,2444 803,2441 768,2409 683,2396 596,2426 529,2466 511,2464"/>
                <Baseline points="495,2579 501,2579 546,2567 591,2558 635,2540 680,2529 725,2514 770,2505 815,2499"/>
                <TextEquiv>
                    <Unicode>al wie bef</Unicode>
                </TextEquiv>
            </TextLine>
            <TextLine id="tr_2_tl_12" custom="readingOrder {index:11;}">
                <Coords points="1100,2581 1137,2576 1160,2598 1172,2586 1180,2594 1214,2589 1242,2566 1359,2591 1369,2484 1342,2476 1327,2489 1304,2474 1207,2504 1145,2461 1110,2461"/>
                <Baseline points="1116,2567 1143,2567 1188,2564 1233,2564 1277,2555 1322,2552 1367,2552"/>
                <TextEquiv>
                    <Unicode>Amad:</Unicode>
                </TextEquiv>
            </TextLine>
            <TextLine id="tr_2_tl_13" custom="readingOrder {index:12;}">
                <Coords points="1396,2726 2065,2646 2289,2678 2848,2579 2970,2623 2985,2464 1673,2618 1409,2596"/>
                <Baseline points="1412,2699 1415,2699 1460,2696 1504,2696 1549,2690 1594,2687 1639,2684 1684,2684 1728,2678 1773,2672 1818,2666 1863,2663 1907,2657 1952,2651 1997,2645 2042,2642 2087,2639 2131,2633 2176,2630 2221,2627 2266,2621 2311,2618 2355,2615 2400,2609 2445,2609 2490,2603 2534,2597 2579,2594 2624,2591 2669,2588 2714,2585 2758,2579 2803,2573 2848,2570 2893,2564 2938,2564 2982,2561"/>
                <TextEquiv>
                    <Unicode>bendig herumläuft und das Fagott</Unicode>
                </TextEquiv>
            </TextLine>
            <TextLine id="tr_2_tl_14" custom="readingOrder {index:13;}">
                <Coords points="1401,2875 1466,2908 1820,2823 2506,2788 2534,2618 2289,2678 2214,2641 2047,2651 1818,2753 1671,2741 1594,2788 1424,2748"/>
                <Baseline points="1418,2863 1454,2860 1498,2857 1543,2851 1588,2848 1633,2842 1678,2836 1722,2830 1767,2815 1812,2800 1857,2791 1901,2782 1946,2773 1991,2761 2036,2755 2081,2752 2125,2743 2170,2740 2215,2732 2260,2732 2305,2723 2349,2717 2394,2711 2439,2708 2484,2699 2529,2690"/>
                <TextEquiv>
                    <Unicode>bläst. und Bilat mahl</Unicode>
                </TextEquiv>
            </TextLine>
            <TextLine id="tr_2_tl_15" custom="readingOrder {index:14;}">
                <Coords points="1157,3090 1539,3025 1810,3077 2082,2973 3160,2880 3175,2738 1170,2958"/>
                <Baseline points="1176,3048 1200,3045 1245,3039 1289,3036 1334,3030 1379,3027 1424,3024 1469,3024 1513,3018 1558,3012 1603,3006 1648,3003 1692,3000 1737,2994 1782,2991 1827,2988 1872,2985 1916,2979 1961,2973 2006,2970 2051,2964 2096,2958 2140,2955 2185,2950 2230,2944 2275,2941 2319,2938 2364,2932 2409,2929 2454,2923 2499,2920 2543,2914 2588,2914 2633,2905 2678,2899 2723,2896 2767,2893 2812,2887 2857,2881 2902,2875 2947,2869 2991,2866 3036,2860 3081,2857 3126,2854 3170,2854"/>
                <TextEquiv>
                    <Unicode>Fried: Ich sagte Ihnen schon: das ist vor-</Unicode>
                </TextEquiv>
            </TextLine>
            <TextLine id="tr_2_tl_16" custom="readingOrder {index:15;}">
                <Coords points="1392,3187 1701,3227 2342,3097 2653,3125 2913,3032 3157,3060 3167,2953 2082,3017 1466,3130 1401,3087"/>
                <Baseline points="1406,3179 1421,3179 1466,3176 1510,3176 1555,3170 1600,3167 1645,3162 1689,3153 1734,3150 1779,3147 1824,3141 1869,3138 1913,3135 1958,3129 2003,3123 2048,3120 2093,3114 2137,3111 2182,3108 2227,3102 2272,3096 2317,3090 2361,3087 2406,3081 2451,3078 2496,3072 2540,3066 2585,3063 2630,3060 2675,3054 2720,3051 2764,3045 2809,3039 2854,3033 2899,3030 2944,3027 2988,3024 3033,3018 3078,3012 3123,3006 3167,3006"/>
                <TextEquiv>
                    <Unicode>bei. Und ausserdem kommt mein Mann im-</Unicode>
                </TextEquiv>
            </TextLine>
            <TextLine id="tr_2_tl_17" custom="readingOrder {index:16;}">
                <Coords points="1454,3404 2788,3192 3115,3217 3170,3072 2800,3135 2569,3102 2406,3177 1796,3247 1474,3229"/>
                <Baseline points="1475,3332 1510,3332 1555,3329 1600,3323 1645,3320 1689,3311 1734,3305 1779,3302 1824,3299 1869,3296 1913,3290 1958,3284 2003,3278 2048,3275 2093,3272 2137,3266 2182,3263 2227,3260 2272,3251 2317,3245 2361,3239 2406,3233 2451,3230 2496,3224 2540,3218 2585,3212 2630,3209 2675,3206 2720,3203 2764,3197 2809,3191 2854,3185 2899,3179 2944,3173 2988,3170 3033,3167 3078,3162 3123,3156 3167,3159"/>
                <TextEquiv>
                    <Unicode>mer erst etwas später drauf. Als jun-</Unicode>
                </TextEquiv>
            </TextLine>
            <TextLine id="tr_2_tl_18" custom="readingOrder {index:17;}">
                <Coords points="1464,3531 1970,3496 2112,3431 2536,3439 2788,3354 3137,3369 3152,3247 2778,3237 2364,3344 2030,3299 1479,3396"/>
                <Baseline points="1480,3499 1492,3496 1537,3493 1582,3484 1627,3475 1672,3469 1716,3466 1761,3457 1806,3454 1851,3448 1896,3445 1940,3439 1985,3436 2030,3430 2075,3424 2119,3418 2164,3415 2209,3409 2254,3403 2299,3400 2343,3394 2388,3388 2433,3385 2478,3379 2523,3371 2567,3368 2612,3362 2657,3356 2702,3353 2746,3347 2791,3344 2836,3338 2881,3332 2926,3326 2970,3320 3015,3314 3060,3311 3105,3308 3150,3305"/>
                <TextEquiv>
                    <Unicode>ges Mädchen liebte ich einen Marine-</Unicode>
                </TextEquiv>
            </TextLine>
            <TextLine id="tr_2_tl_19" custom="readingOrder {index:18;}">
                <Coords points="1474,3701 2239,3636 2613,3536 2953,3561 3232,3479 3247,3354 3085,3409 2603,3396 2481,3471 2329,3439 1706,3564 1496,3524"/>
                <Baseline points="1498,3633 1540,3630 1585,3630 1630,3627 1675,3624 1719,3618 1764,3612 1809,3609 1854,3603 1898,3603 1943,3600 1988,3594 2033,3585 2078,3583 2122,3577 2167,3574 2212,3568 2257,3562 2302,3553 2346,3547 2391,3544 2436,3538 2481,3532 2526,3526 2570,3520 2615,3517 2660,3511 2705,3505 2749,3499 2794,3496 2839,3487 2884,3484 2929,3481 2973,3478 3018,3469 3063,3460 3108,3457 3153,3451 3197,3448 3242,3451"/>
                <TextEquiv>
                    <Unicode>Offizier - mein Gatte hält heute erst</Unicode>
                </TextEquiv>
            </TextLine>
        </TextRegion>
    </Page>
</PcGts>
