3416 4152
2744 477 2871 586 108
1277 663 2911 922 Er hat mir verziehen... natürlich.
1043 749 1200 918 Fr:
1228 874 2897 1054 Die Wahrheit ist ja, dass ihm nicht
1249 1006 2946 1212 das Geringste dran liegt; aber da er
1256 1145 2955 1407 es erfuhr, glaubte er sich verpflieh-
1270 1300 2973 1560 tet. Mir selbst ist zumute, als ging
1309 1502 2971 1701 es mich gar nichts an. - Sie werden
1258 1627 2913 1847 mich vielleicht für herzlos halten,
1282 1782 2897 2005 aber ich schwöre Ihnen: ich bin es
1233 1914 2809 2206 nicht. Wenn ich ein ames blindes
1330 2132 2874 2329 Mädchen auf der Strasse sehe, so
1305 2278 3022 2501 kann ich weinen - aber dieser Mensch
1358 2431 2971 2642 war schon lange tot für mich... Es
1367 2554 3034 2781 waro so überflie asig - verstehen Sie
2202 2760 2654 2962 selbstwerk
1381 2825 1604 2994 das?
1110 2906 2980 3103 Alb: Ich versteh'es vollkommen -
1460 3024 3038 3282 es ist nämlich mein Metisr, sol-
1277 3242 2387 3451 che Dinge zu verstehen.
1059 3349 2906 3632 Fr: Nun adieu. Auf Wiedersehen. - Herr
