<?xml version="1.0" encoding="UTF-8" standalone="yes"?>
<PcGts xmlns="http://schema.primaresearch.org/PAGE/gts/pagecontent/2013-07-15" xmlns:xsi="http://www.w3.org/2001/XMLSchema-instance" xsi:schemaLocation="http://schema.primaresearch.org/PAGE/gts/pagecontent/2013-07-15 http://schema.primaresearch.org/PAGE/gts/pagecontent/2013-07-15/pagecontent.xsd">
    <Metadata>
        <Creator>prov=READ-COOP:name=TrHtr:version=2.1.0:model_id=51170:date=25_07_2023_03:21</Creator>
        <Created>2023-05-10T13:05:08.562+02:00</Created>
        <LastChange>2023-07-25T03:21:29.251+02:00</LastChange>
        <TranskribusMetadata docId="1428562" pageId="55408474" pageNr="200" tsid="130581840" status="IN_PROGRESS" userId="64420" imgUrl="https://files.transkribus.eu/Get?id=NRQJZYNILSAIFAORRFYAUVLX&amp;fileType=view" xmlUrl="https://files.transkribus.eu/Get?id=PQRWDKZHWCTGGVXLQONGMVAG" imageId="44682620"/>
    </Metadata>
    <Page imageFilename="1428562_0200.jpg" imageWidth="3432" imageHeight="4168">
        <ReadingOrder>
            <OrderedGroup id="ro_1711794482871" caption="Regions reading order">
                <RegionRefIndexed index="0" regionRef="tr_1"/>
                <RegionRefIndexed index="1" regionRef="tr_2"/>
            </OrderedGroup>
        </ReadingOrder>
        <TextRegion id="tr_1" custom="readingOrder {index:0;}">
            <Coords points="1077,406 2922,406 2922,2004 1077,2004"/>
            <TextLine id="tr_1_tl_1" custom="readingOrder {index:0;}">
                <Coords points="2516,476 2554,493 2590,489 2603,505 2621,516 2637,511 2652,527 2697,522 2719,281 2688,277 2625,304 2587,281 2576,288 2558,277 2534,288"/>
                <Baseline points="2528,471 2573,471 2618,465 2663,462 2708,456"/>
                <TextEquiv>
                    <Unicode>210</Unicode>
                </TextEquiv>
            </TextLine>
            <TextLine id="tr_1_tl_2" custom="readingOrder {index:1;}">
                <Coords points="1063,779 1690,790 2264,712 2324,757 2641,748 2739,730 2744,598 1739,645 1518,603 1315,668 1067,661"/>
                <Baseline points="1077,749 1086,749 1131,749 1176,749 1221,749 1265,746 1310,746 1355,749 1400,740 1445,740 1489,737 1534,737 1579,737 1624,734 1668,731 1713,728 1758,728 1803,725 1848,725 1892,722 1937,722 1982,719 2027,716 2072,716 2116,713 2161,710 2206,707 2251,707 2295,707 2340,707 2385,704 2430,707 2475,704 2519,704 2564,701 2609,698 2654,695 2699,689 2743,689"/>
                <TextEquiv>
                    <Unicode>Roon - wird eine seltsame Magie ge-</Unicode>
                </TextEquiv>
            </TextLine>
            <TextLine id="tr_1_tl_3" custom="readingOrder {index:2;}">
                <Coords points="1076,920 1440,953 2036,875 2851,873 2871,728 1081,828"/>
                <Baseline points="1089,916 1125,913 1170,910 1215,907 1259,907 1304,904 1349,901 1394,898 1439,895 1483,892 1528,889 1573,889 1618,889 1663,886 1707,886 1752,883 1797,880 1842,880 1886,877 1931,877 1976,874 2021,871 2066,868 2110,868 2155,865 2200,865 2245,862 2290,859 2334,859 2379,856 2424,856 2469,853 2513,850 2558,850 2603,847 2648,847 2693,844 2737,841 2782,838 2827,838 2872,838"/>
                <TextEquiv>
                    <Unicode>übt; die Luft wird dumpf und dicht und</Unicode>
                </TextEquiv>
            </TextLine>
            <TextLine id="tr_1_tl_4" custom="readingOrder {index:3;}">
                <Coords points="1123,1121 1523,1110 1686,1047 2753,1020 2757,902 2402,940 2295,904 2150,956 1971,900 1773,969 1471,931 1127,1014"/>
                <Baseline points="1140,1062 1146,1062 1191,1059 1236,1059 1280,1056 1325,1056 1370,1053 1415,1050 1459,1047 1504,1044 1549,1044 1594,1044 1639,1042 1683,1042 1728,1039 1773,1036 1818,1033 1863,1030 1907,1030 1952,1030 1997,1024 2042,1024 2086,1021 2131,1018 2176,1015 2221,1015 2266,1012 2310,1012 2355,1012 2400,1009 2445,1006 2490,1006 2534,1006 2579,1003 2624,1000 2669,997 2713,997 2758,997"/>
                <TextEquiv>
                    <Unicode>spiegelt, so dass man sein eigenes</Unicode>
                </TextEquiv>
            </TextLine>
            <TextLine id="tr_1_tl_5" custom="readingOrder {index:4;}">
                <Coords points="1089,1239 1902,1235 2485,1161 2728,1223 2750,1036 1969,1074 1692,1143 1346,1089 1094,1156"/>
                <Baseline points="1101,1227 1137,1224 1182,1221 1227,1221 1271,1218 1316,1215 1361,1212 1406,1209 1451,1206 1495,1203 1540,1200 1585,1200 1630,1197 1674,1197 1719,1197 1764,1194 1809,1194 1854,1188 1898,1185 1943,1185 1988,1182 2033,1179 2078,1176 2122,1176 2167,1173 2212,1173 2257,1173 2301,1170 2346,1167 2391,1164 2436,1161 2481,1158 2525,1158 2570,1155 2615,1152 2660,1149 2705,1146 2749,1146"/>
                <TextEquiv>
                    <Unicode>Bild und Leben von allen Seiten zu-</Unicode>
                </TextEquiv>
            </TextLine>
            <TextLine id="tr_1_tl_6" custom="readingOrder {index:5;}">
                <Coords points="1089,1404 2871,1333 2878,1221 2456,1194 2215,1273 1893,1232 1757,1299 1096,1299"/>
                <Baseline points="1104,1379 1131,1376 1176,1376 1221,1376 1265,1370 1310,1370 1355,1367 1400,1361 1445,1358 1489,1355 1534,1352 1579,1352 1624,1349 1668,1349 1713,1346 1758,1346 1803,1343 1848,1340 1892,1337 1937,1334 1982,1331 2027,1331 2072,1328 2116,1325 2161,1322 2206,1322 2251,1319 2295,1316 2340,1313 2385,1310 2430,1310 2475,1307 2519,1304 2564,1301 2609,1304 2654,1301 2699,1295 2743,1292 2788,1292 2833,1292 2878,1289"/>
                <TextEquiv>
                    <Unicode>rückgeworfen sieht - lächerlich - oder</Unicode>
                </TextEquiv>
            </TextLine>
            <TextLine id="tr_1_tl_7" custom="readingOrder {index:6;}">
                <Coords points="1105,1578 1418,1547 1489,1587 1764,1494 2659,1505 2753,1487 2757,1393 1110,1473"/>
                <Baseline points="1119,1528 1149,1525 1194,1525 1239,1522 1283,1522 1328,1519 1373,1519 1418,1513 1462,1513 1507,1510 1552,1507 1597,1504 1642,1501 1686,1498 1731,1498 1776,1495 1821,1492 1866,1489 1910,1486 1955,1483 2000,1480 2045,1477 2089,1474 2134,1474 2179,1471 2224,1474 2269,1471 2313,1468 2358,1465 2403,1459 2448,1459 2493,1454 2537,1454 2582,1448 2627,1448 2672,1445 2716,1445 2761,1445"/>
                <TextEquiv>
                    <Unicode>auch erhaben - verzerrt - oder ver¬</Unicode>
                </TextEquiv>
            </TextLine>
            <TextLine id="tr_1_tl_8" custom="readingOrder {index:7;}">
                <Coords points="1063,1726 2750,1639 2775,1507 2371,1514 2212,1574 1909,1534 1520,1625 1069,1603"/>
                <Baseline points="1077,1689 1119,1686 1164,1683 1209,1683 1253,1680 1298,1680 1343,1674 1388,1671 1433,1671 1477,1668 1522,1668 1567,1666 1612,1663 1657,1657 1701,1657 1746,1654 1791,1651 1836,1648 1880,1645 1925,1639 1970,1639 2015,1639 2060,1633 2104,1633 2149,1630 2194,1630 2239,1627 2284,1621 2328,1621 2373,1618 2418,1615 2463,1612 2507,1609 2552,1606 2597,1606 2642,1606 2687,1603 2731,1606 2776,1609"/>
                <TextEquiv>
                    <Unicode>kleinert...manchmal auch beinahe so,</Unicode>
                </TextEquiv>
            </TextLine>
            <TextLine id="tr_1_tl_9" custom="readingOrder {index:8;}">
                <Coords points="1121,1853 1299,1895 1719,1817 1817,1866 2458,1784 2670,1822 2911,1782 2918,1681 2505,1652 2355,1717 2264,1663 1875,1750 1127,1755"/>
                <Baseline points="1134,1842 1173,1839 1218,1836 1262,1836 1307,1833 1352,1830 1397,1827 1442,1824 1486,1824 1531,1821 1576,1815 1621,1815 1666,1815 1710,1809 1755,1806 1800,1800 1845,1800 1889,1797 1934,1794 1979,1794 2024,1791 2069,1788 2113,1785 2158,1782 2203,1779 2248,1779 2292,1776 2337,1776 2382,1773 2427,1770 2472,1767 2516,1764 2561,1761 2606,1761 2651,1758 2696,1758 2740,1752 2785,1749 2830,1743 2875,1740 2919,1740"/>
                <TextEquiv>
                    <Unicode>wie es ist - oder wie man glaubt, dass</Unicode>
                </TextEquiv>
            </TextLine>
            <TextLine id="tr_1_tl_10" custom="readingOrder {index:9;}">
                <Coords points="1127,2005 1344,2049 2596,1920 2911,1974 2920,1824 2130,1819 1889,1891 1132,1936"/>
                <Baseline points="1143,1994 1176,1994 1221,1994 1265,1991 1310,1991 1355,1985 1400,1982 1445,1982 1489,1982 1534,1979 1579,1976 1624,1973 1668,1967 1713,1967 1758,1961 1803,1955 1848,1955 1892,1955 1937,1949 1982,1946 2027,1943 2072,1940 2116,1937 2161,1934 2206,1934 2251,1931 2295,1928 2340,1925 2385,1925 2430,1922 2475,1919 2519,1916 2564,1913 2609,1913 2654,1913 2699,1910 2743,1910 2788,1904 2833,1901 2878,1895 2922,1898"/>
                <TextEquiv>
                    <Unicode>es ist; und man will mir einreden, dass</Unicode>
                </TextEquiv>
            </TextLine>
        </TextRegion>
        <TextRegion id="tr_2" custom="readingOrder {index:1;}">
            <Coords points="1024,2004 3009,2004 3009,3718 1024,3718"/>
            <TextLine id="tr_2_tl_1" custom="readingOrder {index:0;}">
                <Coords points="1125,2177 1811,2183 2212,2087 2558,2121 2855,2072 2860,2003 2429,1969 1130,2092"/>
                <Baseline points="1140,2149 1158,2146 1203,2146 1248,2143 1292,2143 1337,2140 1382,2137 1427,2137 1471,2134 1516,2131 1561,2128 1606,2125 1651,2122 1695,2119 1740,2116 1785,2113 1830,2110 1875,2107 1919,2104 1964,2101 2009,2098 2054,2095 2098,2092 2143,2092 2188,2089 2233,2086 2278,2084 2322,2081 2367,2081 2412,2078 2457,2075 2501,2072 2546,2069 2591,2066 2636,2066 2681,2063 2725,2060 2770,2057 2815,2054 2860,2060"/>
                <TextEquiv>
                    <Unicode>Menschen und Welt erst dadurch ihren</Unicode>
                </TextEquiv>
            </TextLine>
            <TextLine id="tr_2_tl_2" custom="readingOrder {index:1;}">
                <Coords points="1143,2315 1355,2351 1837,2279 2532,2291 2902,2217 2909,2094 2170,2183 1922,2148 1369,2248 1150,2210"/>
                <Baseline points="1155,2298 1161,2301 1206,2298 1250,2298 1295,2298 1340,2295 1385,2295 1430,2290 1474,2287 1519,2284 1564,2278 1609,2278 1654,2275 1698,2272 1743,2272 1788,2269 1833,2266 1877,2263 1922,2260 1967,2260 2012,2254 2057,2251 2101,2248 2146,2245 2191,2242 2236,2242 2281,2239 2325,2236 2370,2233 2415,2230 2460,2230 2504,2227 2549,2221 2594,2218 2639,2218 2684,2215 2728,2212 2773,2209 2818,2206 2863,2203 2908,2206"/>
                <TextEquiv>
                    <Unicode>Sinn bekommen. Aber das ist gar nicht</Unicode>
                </TextEquiv>
            </TextLine>
            <TextLine id="tr_2_tl_3" custom="readingOrder {index:2;}">
                <Coords points="1156,2485 2804,2411 2813,2270 2177,2297 1563,2398 1163,2384"/>
                <Baseline points="1170,2460 1197,2460 1242,2457 1286,2454 1331,2454 1376,2451 1421,2451 1465,2445 1510,2442 1555,2439 1600,2436 1645,2433 1689,2430 1734,2427 1779,2427 1824,2421 1869,2418 1913,2415 1958,2415 2003,2412 2048,2409 2092,2406 2137,2406 2182,2400 2227,2397 2272,2394 2316,2391 2361,2388 2406,2382 2451,2382 2496,2379 2540,2376 2585,2373 2630,2370 2675,2367 2719,2364 2764,2361 2809,2364"/>
                <TextEquiv>
                    <Unicode>wahr: es ist eine trgerische Unend-</Unicode>
                </TextEquiv>
            </TextLine>
            <TextLine id="tr_2_tl_4" custom="readingOrder {index:3;}">
                <Coords points="1168,2619 2253,2612 2384,2547 2898,2536 2938,2427 2393,2431 2023,2518 1694,2462 1552,2541 1174,2545"/>
                <Baseline points="1182,2612 1191,2615 1236,2612 1280,2612 1325,2609 1370,2606 1415,2606 1459,2603 1504,2600 1549,2597 1594,2594 1639,2594 1683,2588 1728,2585 1773,2582 1818,2579 1863,2573 1907,2570 1952,2567 1997,2567 2042,2564 2086,2558 2131,2558 2176,2555 2221,2552 2266,2549 2310,2549 2355,2543 2400,2540 2445,2537 2490,2534 2534,2531 2579,2528 2624,2528 2669,2525 2713,2522 2758,2519 2803,2513 2848,2510 2893,2507 2937,2504"/>
                <TextEquiv>
                    <Unicode>lichkeit, mit der uns Spiegelwände um-</Unicode>
                </TextEquiv>
            </TextLine>
            <TextLine id="tr_2_tl_5" custom="readingOrder {index:4;}">
                <Coords points="1170,2791 1998,2786 2416,2695 2797,2695 2802,2619 2092,2601 1746,2688 1174,2730"/>
                <Baseline points="1185,2779 1191,2782 1236,2776 1280,2770 1325,2767 1370,2764 1415,2764 1459,2761 1504,2758 1549,2752 1594,2749 1639,2746 1683,2743 1728,2740 1773,2737 1818,2734 1863,2731 1907,2725 1952,2722 1997,2719 2042,2716 2086,2713 2131,2710 2176,2708 2221,2708 2266,2702 2310,2699 2355,2696 2400,2693 2445,2690 2490,2687 2534,2684 2579,2681 2624,2681 2669,2675 2713,2672 2758,2672 2803,2672"/>
                <TextEquiv>
                    <Unicode>geben, und eigentlich wird man von</Unicode>
                </TextEquiv>
            </TextLine>
            <TextLine id="tr_2_tl_6" custom="readingOrder {index:5;}">
                <Coords points="1185,2954 1878,2898 2016,2940 2469,2846 2842,2867 2963,2846 2969,2748 2311,2737 1918,2822 1750,2779 1346,2871 1194,2840"/>
                <Baseline points="1200,2928 1224,2925 1268,2922 1313,2919 1358,2917 1403,2914 1448,2911 1492,2911 1537,2905 1582,2902 1627,2902 1671,2899 1716,2893 1761,2890 1806,2890 1851,2890 1895,2887 1940,2884 1985,2881 2030,2878 2075,2872 2119,2869 2164,2866 2209,2863 2254,2860 2298,2857 2343,2851 2388,2848 2433,2845 2478,2842 2522,2839 2567,2836 2612,2833 2657,2830 2702,2827 2746,2824 2791,2821 2836,2818 2881,2815 2925,2812 2970,2815"/>
                <TextEquiv>
                    <Unicode>ihnen eingeengt... Ich drücke mich vol</Unicode>
                </TextEquiv>
            </TextLine>
            <TextLine id="tr_2_tl_7" custom="readingOrder {index:6;}">
                <Coords points="1181,3126 1444,3072 1531,3099 1670,3056 1768,3070 1837,3045 1857,3063 1878,3009 1777,2974 1735,2994 1630,2978 1476,3012 1190,3021"/>
                <Baseline points="1197,3090 1209,3087 1253,3081 1298,3078 1343,3072 1388,3072 1433,3069 1477,3066 1522,3063 1567,3060 1612,3054 1657,3051 1701,3048 1746,3045 1791,3042 1836,3045 1880,3042"/>
                <TextEquiv>
                    <Unicode>nicht gut aus.</Unicode>
                </TextEquiv>
            </TextLine>
            <TextLine id="tr_2_tl_8" custom="readingOrder {index:7;}">
                <Coords points="1199,3291 1768,3201 2817,3175 2826,3043 1208,3170"/>
                <Baseline points="1215,3239 1256,3242 1301,3236 1346,3233 1391,3230 1436,3227 1480,3224 1525,3221 1570,3215 1615,3212 1660,3209 1704,3206 1749,3200 1794,3197 1839,3194 1883,3191 1928,3191 1973,3188 2018,3185 2063,3185 2107,3179 2152,3173 2197,3170 2242,3167 2287,3164 2331,3161 2376,3158 2421,3152 2466,3149 2510,3149 2555,3146 2600,3143 2645,3137 2690,3134 2734,3134 2779,3134 2824,3137"/>
                <TextEquiv>
                    <Unicode>Aber Sie sprechen ja wie ein Buch.</Unicode>
                </TextEquiv>
            </TextLine>
            <TextLine id="tr_2_tl_9" custom="readingOrder {index:8;}">
                <Coords points="1011,3302 1025,3302 1049,3286 1060,3291 1069,3288 1078,3295 1101,3280 1110,3284 1127,3266 1154,3259 1154,3177 1125,3172 1114,3161 1103,3170 1089,3166 1058,3175 1047,3172 1043,3177 1036,3172 1011,3181"/>
                <Baseline points="1024,3245 1068,3248 1113,3245 1158,3248"/>
                <TextEquiv>
                    <Unicode>C:</Unicode>
                </TextEquiv>
            </TextLine>
            <TextLine id="tr_2_tl_10" custom="readingOrder {index:9;}">
                <Coords points="1197,3422 2869,3317 2965,3291 2971,3204 2603,3201 2302,3273 2150,3221 1969,3302 1203,3329"/>
                <Baseline points="1212,3397 1227,3394 1271,3391 1316,3388 1361,3388 1406,3382 1451,3379 1495,3376 1540,3370 1585,3370 1630,3364 1674,3361 1719,3361 1764,3355 1809,3355 1854,3352 1898,3349 1943,3349 1988,3346 2033,3340 2078,3337 2122,3334 2167,3329 2212,3329 2257,3326 2301,3326 2346,3320 2391,3314 2436,3311 2481,3305 2525,3302 2570,3299 2615,3296 2660,3293 2705,3290 2749,3287 2794,3284 2839,3278 2884,3278 2928,3272 2973,3269"/>
                <TextEquiv>
                    <Unicode>Das ist es eben... Nun, ich häbe hier</Unicode>
                </TextEquiv>
            </TextLine>
            <TextLine id="tr_2_tl_11" custom="readingOrder {index:10;}">
                <Coords points="1034,3469 1054,3465 1083,3472 1092,3465 1098,3472 1105,3467 1127,3487 1148,3487 1159,3476 1170,3476 1165,3331 1141,3326 1132,3335 1121,3324 1114,3331 1087,3326 1067,3338 1043,3322 1029,3324"/>
                <Baseline points="1044,3403 1089,3403 1134,3406 1173,3406"/>
                <TextEquiv>
                    <Unicode>F:</Unicode>
                </TextEquiv>
            </TextLine>
            <TextLine id="tr_2_tl_12" custom="readingOrder {index:11;}">
                <Coords points="1221,3556 1904,3509 1965,3559 2561,3449 2911,3465 2958,3315 1467,3480 1232,3425"/>
                <Baseline points="1236,3549 1253,3549 1298,3543 1343,3541 1388,3541 1433,3535 1477,3532 1522,3529 1567,3526 1612,3520 1657,3520 1701,3514 1746,3514 1791,3508 1836,3505 1880,3502 1925,3499 1970,3496 2015,3490 2060,3487 2104,3484 2149,3478 2194,3478 2239,3472 2284,3469 2328,3466 2373,3463 2418,3460 2463,3454 2507,3454 2552,3448 2597,3445 2642,3442 2687,3439 2731,3436 2776,3436 2821,3433 2866,3427 2911,3427 2955,3421"/>
                <TextEquiv>
                    <Unicode>meine Existenz gewissermaassen aufge-</Unicode>
                </TextEquiv>
            </TextLine>
            <TextLine id="tr_2_tl_13" custom="readingOrder {index:12;}">
                <Coords points="1223,3719 1458,3762 1757,3677 1976,3708 2226,3635 2996,3601 3012,3447 1398,3641 1237,3579"/>
                <Baseline points="1239,3708 1262,3702 1307,3702 1352,3696 1397,3693 1442,3690 1486,3687 1531,3681 1576,3681 1621,3678 1666,3669 1710,3663 1755,3660 1800,3657 1845,3651 1889,3648 1934,3639 1979,3639 2024,3633 2069,3633 2113,3627 2158,3624 2203,3618 2248,3615 2292,3612 2337,3609 2382,3603 2427,3603 2472,3597 2516,3594 2561,3588 2606,3585 2651,3579 2696,3573 2740,3570 2785,3567 2830,3564 2875,3561 2919,3558 2964,3552 3009,3549"/>
                <TextEquiv>
                    <Unicode>halten gefühlt - ich verspüre eine be-</Unicode>
                </TextEquiv>
            </TextLine>
        </TextRegion>
    </Page>
</PcGts>
