3416 4216
2696 318 2877 516 177
1162 596 2660 763 merkungen hervor, dass du etwas
1166 726 3061 914 Ernstliches gegen ihn im Schilde führst.
1249 926 2799 1105 Du wirst es vielleicht beklagen,
1077 968 1195 1086 A:
1197 1077 2924 1213 dass du selbst in einer solchen Stun-
1190 1216 2776 1390 de übel angebrachte Scherze nicht
1209 1369 2917 1536 lassen kannst. Di! Sache ist so ernst
1209 1541 2926 1671 als möglich. Ich bitte dich, dich zu
1218 1708 1805 1843 entscheiden.
1072 1812 2465 2022 Alb: Und wenn er refüsiert?
1079 1963 2910 2165 A: Refüsiert...? Du bist ixr, du bist
2106 2088 2420 2177 Almain.
1251 2144 2535 2316 toll!) Er ist ein Gentleman!
1098 2295 2865 2481 Alb: Er ist fromm, sein Papa ist ein
1246 2460 2943 2604 Führer der klerikalen Partei im Her-
1251 2554 3030 2743 renhaus und, ich glaube, im Präsidium
1279 2773 2224 2912 der Anti-Duell-Liga.
1315 2868 2950 3058 So etwas ist ja nicht erblich. Und
1126 2957 1254 3087 A:
1289 3040 2952 3214 wenn er nicht wollte, ich würde ihn
1294 3181 3030 3367 zu zwingen wissen! Verstehst du mich!
1294 3348 2884 3497 Es giebt nichts Anderes! Wenn ich
1308 3473 3157 3671 überhaupt weiter existieren will, giebt
1317 3626 3035 3822 es nichts Anderes! So kann alles gut
1324 3746 3030 3970 werden - aber nur so! Denn ich liebe
