3496 4200
2526 365 2699 467 137
1080 529 2785 832 A: So ist's wol auch dieser Zauber,
1229 739 2515 970 der dich nach Berlin zieht!
1277 868 2902 1125 Das hat gar nichts mit einander zu
1251 1036 2785 1282 tun. Es giebt keinen Zauber, dem
1100 1007 1220 1142 C:
1264 1193 2701 1410 ich gestatten würde, auf meine
1286 1324 2902 1556 kiinstlerische Laufbahn Einfluss zu
1342 1452 2966 1722 nehmen. Den Berliner Antrag müssen
1308 1618 2913 1877 wir gemeinsam besprechen, Amadeus.
1322 1762 3006 2019 Sie liessen mich wol hier auch schon
1350 1937 2904 2194 im Januar fort, wenn ich durchaus
1359 2057 3000 2324 wollte, aber ich möchte doch lieber
1373 2209 3044 2493 den Herbst abwarten; bis dahin holen
1435 2428 2484 2623 sie dich wol auch hin.
1448 2519 2909 2792 0, darauf brauchst du gar keine
1423 2696 3024 2913 Rücksicht zu nehmen. Ich hoffe, im
1253 2707 1366 2814 A:
1417 2800 2969 3077 Herbst überhaupt keine feste Sil-
1443 3013 2831 3250 lung mehr annehmen zu müssen.
1503 3101 3128 3363 Bist du sehr fleissig gewesen? Wie
1313 3259 1459 3400 c:
1527 3310 2528 3549 steht's mit der Oper?
1353 3409 3137 3737 A: Die wird in diesem Jahr sicher fer
1556 3595 3090 3861 tig. Aber ich habe auch noch man-
