<?xml version="1.0" encoding="UTF-8" standalone="yes"?>
<PcGts xmlns="http://schema.primaresearch.org/PAGE/gts/pagecontent/2013-07-15" xmlns:xsi="http://www.w3.org/2001/XMLSchema-instance" xsi:schemaLocation="http://schema.primaresearch.org/PAGE/gts/pagecontent/2013-07-15 http://schema.primaresearch.org/PAGE/gts/pagecontent/2013-07-15/pagecontent.xsd">
    <Metadata>
        <Creator>prov=READ-COOP:name=TrHtr:version=2.1.0:model_id=51170:date=25_07_2023_03:21</Creator>
        <Created>2023-05-10T13:05:10.458+02:00</Created>
        <LastChange>2023-07-25T03:21:31.262+02:00</LastChange>
        <TranskribusMetadata docId="1428562" pageId="55408503" pageNr="206" tsid="130581846" status="IN_PROGRESS" userId="64420" imgUrl="https://files.transkribus.eu/Get?id=MYYIXITPPMZSCMPGHUVWCQGH&amp;fileType=view" xmlUrl="https://files.transkribus.eu/Get?id=TYYBGLOXBDSISPVEAANBNSJB" imageId="44682649"/>
    </Metadata>
    <Page imageFilename="1428562_0206.jpg" imageWidth="3400" imageHeight="4168">
        <ReadingOrder>
            <OrderedGroup id="ro_1711794488255" caption="Regions reading order">
                <RegionRefIndexed index="0" regionRef="tr_1"/>
                <RegionRefIndexed index="1" regionRef="tr_2"/>
            </OrderedGroup>
        </ReadingOrder>
        <TextRegion id="tr_1" custom="readingOrder {index:0;}">
            <Coords points="1113,394 3087,394 3087,2574 1113,2574"/>
            <TextLine id="tr_1_tl_1" custom="readingOrder {index:0;}">
                <Coords points="2437,462 2498,477 2515,490 2524,481 2528,488 2541,481 2574,503 2617,512 2624,368 2606,372 2587,361 2572,370 2500,314 2445,316"/>
                <Baseline points="2448,450 2490,453 2534,447 2579,444 2624,444"/>
                <TextEquiv>
                    <Unicode>216</Unicode>
                </TextEquiv>
            </TextLine>
            <TextLine id="tr_1_tl_2" custom="readingOrder {index:1;}">
                <Coords points="1287,775 2678,738 2820,701 2826,599 2550,608 2424,551 2199,605 1975,581 1766,660 1293,642"/>
                <Baseline points="1301,731 1304,728 1349,728 1394,728 1439,728 1483,728 1528,725 1573,722 1618,719 1663,719 1707,716 1752,716 1797,716 1842,713 1886,713 1931,707 1976,704 2021,701 2066,698 2110,695 2155,695 2200,692 2245,692 2290,689 2334,686 2379,686 2424,683 2469,680 2513,680 2558,680 2603,674 2648,671 2693,668 2737,665 2782,662 2827,665"/>
                <TextEquiv>
                    <Unicode>Wie anders, Amadeus? Es ist doch</Unicode>
                </TextEquiv>
            </TextLine>
            <TextLine id="tr_1_tl_3" custom="readingOrder {index:2;}">
                <Coords points="1102,745 1119,740 1152,764 1180,756 1189,764 1198,758 1206,766 1217,766 1222,671 1206,668 1200,675 1178,668 1174,671 1141,651 1121,627 1106,627"/>
                <Baseline points="1113,740 1134,740 1179,737 1224,737"/>
                <TextEquiv>
                    <Unicode>C:</Unicode>
                </TextEquiv>
            </TextLine>
            <TextLine id="tr_1_tl_4" custom="readingOrder {index:3;}">
                <Coords points="1298,921 2583,910 2900,871 2905,773 2805,723 2554,784 2367,740 2082,808 1757,760 1444,834 1304,814"/>
                <Baseline points="1313,880 1337,883 1382,880 1427,880 1471,883 1516,880 1561,877 1606,874 1651,871 1695,871 1740,868 1785,871 1830,871 1875,865 1919,859 1964,856 2009,856 2054,853 2098,853 2143,850 2188,847 2233,847 2278,844 2322,841 2367,838 2412,835 2457,835 2501,835 2546,833 2591,830 2636,827 2681,824 2725,821 2770,821 2815,818 2860,815 2905,818"/>
                <TextEquiv>
                    <Unicode>das Einzige, was uns übrig bleibt.</Unicode>
                </TextEquiv>
            </TextLine>
            <TextLine id="tr_1_tl_5" custom="readingOrder {index:4;}">
                <Coords points="1246,1080 2535,1026 2816,1069 2907,1054 2916,893 1585,930 1372,980 1252,941"/>
                <Baseline points="1259,1039 1304,1036 1349,1036 1394,1036 1439,1036 1483,1033 1528,1033 1573,1027 1618,1027 1663,1024 1707,1021 1752,1018 1797,1018 1842,1015 1886,1012 1931,1009 1976,1009 2021,1006 2066,1000 2110,1000 2155,1000 2200,997 2245,994 2290,994 2334,994 2379,991 2424,985 2469,985 2513,982 2558,982 2603,976 2648,976 2693,976 2737,970 2782,970 2827,964 2872,961 2917,958"/>
                <TextEquiv>
                    <Unicode>Dass es mit der reinen Freundschaft</Unicode>
                </TextEquiv>
            </TextLine>
            <TextLine id="tr_1_tl_6" custom="readingOrder {index:5;}">
                <Coords points="1298,1235 1753,1202 2032,1239 2127,1191 2728,1161 2783,1150 2787,1063 1304,1091"/>
                <Baseline points="1313,1197 1355,1191 1400,1188 1445,1185 1489,1182 1534,1179 1579,1179 1624,1179 1668,1176 1713,1173 1758,1173 1803,1170 1848,1170 1892,1167 1937,1161 1982,1158 2027,1155 2072,1155 2116,1149 2161,1146 2206,1143 2251,1143 2295,1140 2340,1140 2385,1137 2430,1134 2475,1131 2519,1131 2564,1134 2609,1131 2654,1128 2699,1128 2743,1125 2788,1128"/>
                <TextEquiv>
                    <Unicode>nicht geht, das wissen wir num;</Unicode>
                </TextEquiv>
            </TextLine>
            <TextLine id="tr_1_tl_7" custom="readingOrder {index:6;}">
                <Coords points="1263,1389 2493,1357 2907,1304 2940,1198 2284,1248 2158,1206 1897,1267 1269,1239"/>
                <Baseline points="1277,1349 1286,1346 1331,1343 1376,1343 1421,1340 1465,1337 1510,1334 1555,1331 1600,1328 1645,1328 1689,1325 1734,1322 1779,1322 1824,1319 1869,1319 1913,1316 1958,1313 2003,1310 2048,1310 2092,1307 2137,1304 2182,1301 2227,1298 2272,1295 2316,1292 2361,1292 2406,1292 2451,1292 2496,1289 2540,1286 2585,1286 2630,1283 2675,1283 2719,1277 2764,1274 2809,1271 2854,1268 2899,1262 2943,1265"/>
                <TextEquiv>
                    <Unicode>und dass wir nach allem, was gesche-</Unicode>
                </TextEquiv>
            </TextLine>
            <TextLine id="tr_1_tl_8" custom="readingOrder {index:7;}">
                <Coords points="1274,1535 1496,1570 1945,1502 2678,1513 2796,1448 2911,1463 2916,1374 2663,1348 1633,1428 1280,1391"/>
                <Baseline points="1289,1498 1307,1498 1352,1495 1397,1492 1442,1489 1486,1489 1531,1486 1576,1486 1621,1486 1666,1483 1710,1480 1755,1477 1800,1474 1845,1471 1889,1468 1934,1465 1979,1465 2024,1465 2069,1462 2113,1457 2158,1454 2203,1454 2248,1451 2292,1448 2337,1445 2382,1442 2427,1442 2472,1436 2516,1436 2561,1430 2606,1430 2651,1427 2696,1424 2740,1421 2785,1418 2830,1415 2875,1412 2919,1412"/>
                <TextEquiv>
                    <Unicode>hen ist, unsere Ehe nicht dort wie-</Unicode>
                </TextEquiv>
            </TextLine>
            <TextLine id="tr_1_tl_9" custom="readingOrder {index:8;}">
                <Coords points="1285,1679 2853,1653 2898,1520 2339,1492 1796,1579 1677,1537 1559,1592 1293,1546"/>
                <Baseline points="1298,1651 1334,1648 1379,1645 1424,1645 1468,1645 1513,1639 1558,1639 1603,1636 1648,1633 1692,1630 1737,1630 1782,1627 1827,1624 1872,1621 1916,1621 1961,1618 2006,1618 2051,1615 2095,1609 2140,1609 2185,1606 2230,1606 2275,1603 2319,1603 2364,1597 2409,1597 2454,1594 2499,1591 2543,1585 2588,1585 2633,1582 2678,1579 2722,1576 2767,1573 2812,1573 2857,1564 2902,1564"/>
                <TextEquiv>
                    <Unicode>der aufnehmen können, wo sie unter</Unicode>
                </TextEquiv>
            </TextLine>
            <TextLine id="tr_1_tl_10" custom="readingOrder {index:9;}">
                <Coords points="1333,1853 2056,1777 2378,1820 2676,1759 2731,1796 2887,1762 2894,1651 2317,1692 2212,1646 1966,1727 1339,1722"/>
                <Baseline points="1346,1803 1373,1800 1418,1797 1462,1797 1507,1794 1552,1788 1597,1785 1642,1785 1686,1785 1731,1782 1776,1779 1821,1776 1866,1773 1910,1773 1955,1773 2000,1767 2045,1764 2089,1761 2134,1758 2179,1758 2224,1755 2269,1755 2313,1752 2358,1749 2403,1746 2448,1743 2493,1740 2537,1737 2582,1734 2627,1731 2672,1728 2716,1728 2761,1728 2806,1722 2851,1719 2896,1722"/>
                <TextEquiv>
                    <Unicode>brochen wurde, das fühlst du hof-</Unicode>
                </TextEquiv>
            </TextLine>
            <TextLine id="tr_1_tl_11" custom="readingOrder {index:10;}">
                <Coords points="1293,2021 1860,1962 2125,1995 2397,1931 2818,1951 2866,1940 2870,1814 2530,1794 2382,1851 1300,1892"/>
                <Baseline points="1307,1952 1349,1952 1394,1949 1439,1949 1483,1946 1528,1943 1573,1940 1618,1940 1663,1937 1707,1937 1752,1934 1797,1931 1842,1931 1886,1928 1931,1925 1976,1922 2021,1919 2066,1916 2110,1913 2155,1910 2200,1910 2245,1910 2290,1907 2334,1901 2379,1901 2424,1901 2469,1898 2513,1892 2558,1889 2603,1886 2648,1889 2693,1886 2737,1883 2782,1880 2827,1877 2872,1877"/>
                <TextEquiv>
                    <Unicode>fentlich so gut wie ich. Wir sind</Unicode>
                </TextEquiv>
            </TextLine>
            <TextLine id="tr_1_tl_12" custom="readingOrder {index:11;}">
                <Coords points="1389,2149 2826,2110 3079,2062 3086,1905 2271,2010 2173,1964 1810,2025 1398,1999"/>
                <Baseline points="1406,2104 1430,2101 1474,2098 1519,2095 1564,2092 1609,2092 1654,2089 1698,2086 1743,2084 1788,2084 1833,2078 1877,2075 1922,2075 1967,2075 2012,2069 2057,2066 2101,2063 2146,2060 2191,2057 2236,2057 2281,2054 2325,2054 2370,2051 2415,2048 2460,2045 2504,2045 2549,2039 2594,2036 2639,2039 2684,2036 2728,2039 2773,2039 2818,2033 2863,2027 2908,2024 2952,2021 2997,2015 3042,2003 3087,1997"/>
                <TextEquiv>
                    <Unicode>nun einmal schwache Menschen, und</Unicode>
                </TextEquiv>
            </TextLine>
            <TextLine id="tr_1_tl_13" custom="readingOrder {index:12;}">
                <Coords points="1269,2297 2051,2282 2280,2208 2478,2273 2822,2228 2887,2269 2959,2245 2966,2121 1274,2195"/>
                <Baseline points="1281,2270 1310,2266 1355,2260 1400,2257 1445,2254 1489,2251 1534,2251 1579,2248 1624,2245 1668,2242 1713,2239 1758,2236 1803,2233 1848,2230 1892,2227 1937,2224 1982,2224 2027,2221 2072,2218 2116,2215 2161,2212 2206,2209 2251,2206 2295,2206 2340,2206 2385,2206 2430,2200 2475,2197 2519,2194 2564,2194 2609,2191 2654,2185 2699,2185 2743,2185 2788,2182 2833,2176 2878,2173 2922,2167 2967,2167"/>
                <TextEquiv>
                    <Unicode>giebt es nichts Anderes als ein ehr-</Unicode>
                </TextEquiv>
            </TextLine>
            <TextLine id="tr_1_tl_14" custom="readingOrder {index:13;}">
                <Coords points="2108,2304 2167,2317 2199,2295 2212,2302 2234,2289 2286,2302 2315,2293 2330,2302 2336,2221 2308,2232 2252,2215 2225,2236 2204,2217 2197,2223 2173,2210 2130,2238 2112,2236"/>
                <Baseline points="2122,2284 2161,2281 2206,2278 2251,2275 2295,2269 2340,2269"/>
                <TextEquiv>
                    <Unicode>him</Unicode>
                </TextEquiv>
            </TextLine>
            <TextLine id="tr_1_tl_15" custom="readingOrder {index:14;}">
                <Coords points="1357,2434 2863,2397 2990,2373 2996,2256 2114,2332 1912,2278 1629,2347 1365,2304"/>
                <Baseline points="1370,2406 1388,2403 1433,2403 1477,2400 1522,2400 1567,2397 1612,2394 1657,2391 1701,2388 1746,2385 1791,2385 1836,2379 1880,2379 1925,2379 1970,2379 2015,2373 2060,2373 2104,2373 2149,2370 2194,2367 2239,2370 2284,2364 2328,2358 2373,2352 2418,2349 2463,2343 2507,2343 2552,2340 2597,2337 2642,2337 2687,2337 2731,2334 2776,2334 2821,2331 2866,2328 2911,2322 2955,2319 3000,2319"/>
                <TextEquiv>
                    <Unicode>liches Lebewohl, wann wir wenigsten</Unicode>
                </TextEquiv>
            </TextLine>
            <TextLine id="tr_1_tl_16" custom="readingOrder {index:15;}">
                <Coords points="1339,2587 2739,2559 2913,2482 3009,2504 3014,2419 1346,2458"/>
                <Baseline points="1352,2564 1358,2564 1403,2561 1448,2558 1492,2555 1537,2552 1582,2549 1627,2546 1671,2543 1716,2540 1761,2537 1806,2537 1851,2534 1895,2531 1940,2528 1985,2525 2030,2525 2075,2522 2119,2519 2164,2519 2209,2516 2254,2516 2298,2513 2343,2510 2388,2510 2433,2504 2478,2499 2522,2496 2567,2493 2612,2493 2657,2490 2702,2487 2746,2484 2791,2481 2836,2478 2881,2475 2925,2475 2970,2475 3015,2478"/>
                <TextEquiv>
                    <Unicode>eine reine Erinnerung retten (wollen).</Unicode>
                </TextEquiv>
            </TextLine>
        </TextRegion>
        <TextRegion id="tr_2" custom="readingOrder {index:1;}">
            <Coords points="1242,2583 3045,2583 3045,3661 1242,3661"/>
            <TextLine id="tr_2_tl_1" custom="readingOrder {index:0;}">
                <Coords points="1228,2744 2556,2733 2750,2665 2846,2704 2892,2698 2900,2559 2445,2602 2001,2563 1786,2633 1563,2593 1232,2650"/>
                <Baseline points="1242,2716 1245,2719 1289,2716 1334,2716 1379,2716 1424,2716 1468,2710 1513,2708 1558,2705 1603,2702 1648,2702 1692,2699 1737,2696 1782,2696 1827,2693 1872,2687 1916,2684 1961,2681 2006,2678 2051,2678 2095,2675 2140,2672 2185,2669 2230,2669 2275,2666 2319,2666 2364,2660 2409,2657 2454,2657 2499,2654 2543,2651 2588,2648 2633,2645 2678,2642 2722,2636 2767,2636 2812,2636 2857,2633 2902,2633"/>
                <TextEquiv>
                    <Unicode>A: Cäcilie, ist's dir nicht genug?</Unicode>
                </TextEquiv>
            </TextLine>
            <TextLine id="tr_2_tl_2" custom="readingOrder {index:1;}">
                <Coords points="1396,2896 2922,2857 2931,2700 1402,2783"/>
                <Baseline points="1409,2857 1454,2857 1498,2857 1543,2854 1588,2854 1633,2851 1677,2851 1722,2848 1767,2848 1812,2845 1857,2842 1901,2839 1946,2836 1991,2833 2036,2830 2081,2827 2125,2827 2170,2821 2215,2821 2260,2818 2304,2815 2349,2815 2394,2815 2439,2812 2484,2806 2528,2806 2573,2806 2618,2806 2663,2800 2708,2794 2752,2791 2797,2788 2842,2785 2887,2779 2931,2773"/>
                <TextEquiv>
                    <Unicode>Willst du mich demitigen, beschä¬</Unicode>
                </TextEquiv>
            </TextLine>
            <TextLine id="tr_2_tl_3" custom="readingOrder {index:2;}">
                <Coords points="1289,3064 3038,2957 3042,2870 2025,2903 1925,2951 1298,2913"/>
                <Baseline points="1304,3021 1343,3021 1388,3018 1433,3018 1477,3018 1522,3015 1567,3009 1612,3006 1657,3006 1701,3003 1746,3000 1791,3000 1836,2997 1880,2994 1925,2991 1970,2991 2015,2988 2060,2985 2104,2982 2149,2979 2194,2979 2239,2973 2284,2970 2328,2970 2373,2967 2418,2964 2463,2961 2507,2961 2552,2958 2597,2955 2642,2952 2687,2946 2731,2943 2776,2940 2821,2940 2866,2937 2911,2934 2955,2934 3000,2934 3045,2934"/>
                <TextEquiv>
                    <Unicode>men? mich in einer neuen Verzweiflung</Unicode>
                </TextEquiv>
            </TextLine>
            <TextLine id="tr_2_tl_4" custom="readingOrder {index:3;}">
                <Coords points="1404,3225 2326,3155 2992,3168 3014,3016 2543,3059 2389,3009 2143,3075 2005,3025 1820,3092 1413,3094"/>
                <Baseline points="1421,3167 1448,3167 1492,3164 1537,3164 1582,3164 1627,3158 1671,3158 1716,3158 1761,3152 1806,3149 1851,3146 1895,3146 1940,3143 1985,3143 2030,3140 2075,3137 2119,3134 2164,3131 2209,3131 2254,3128 2298,3123 2343,3123 2388,3123 2433,3120 2478,3117 2522,3114 2567,3111 2612,3108 2657,3105 2702,3102 2746,3102 2791,3096 2836,3090 2881,3087 2925,3087 2970,3087 3015,3087"/>
                <TextEquiv>
                    <Unicode>sehen? Dein Spiel ist gestört wor-</Unicode>
                </TextEquiv>
            </TextLine>
            <TextLine id="tr_2_tl_5" custom="readingOrder {index:4;}">
                <Coords points="1324,3364 2641,3303 2937,3366 2985,3358 2996,3166 2543,3153 2363,3221 2130,3184 1330,3268"/>
                <Baseline points="1337,3334 1340,3332 1385,3329 1430,3329 1474,3323 1519,3323 1564,3320 1609,3317 1654,3317 1698,3314 1743,3314 1788,3308 1833,3302 1877,3302 1922,3299 1967,3296 2012,3299 2057,3296 2101,3290 2146,3287 2191,3284 2236,3281 2281,3281 2325,3278 2370,3272 2415,3269 2460,3266 2504,3269 2549,3266 2594,3263 2639,3263 2684,3260 2728,3257 2773,3254 2818,3251 2863,3248 2908,3245 2952,3242 2997,3245"/>
                <TextEquiv>
                    <Unicode>den: vor einer Stunde war Sigismund</Unicode>
                </TextEquiv>
            </TextLine>
            <TextLine id="tr_2_tl_6" custom="readingOrder {index:5;}">
                <Coords points="1365,3517 1391,3514 1422,3532 1442,3519 1507,3519 1524,3538 1537,3534 1600,3556 1611,3382 1550,3358 1524,3369 1476,3364 1448,3379 1376,3358"/>
                <Baseline points="1379,3484 1388,3487 1433,3481 1477,3478 1522,3478 1567,3472 1612,3472"/>
                <TextEquiv>
                    <Unicode>hier.</Unicode>
                </TextEquiv>
            </TextLine>
            <TextLine id="tr_2_tl_7" custom="readingOrder {index:6;}">
                <Coords points="1237,3680 2027,3641 2125,3689 2406,3610 2746,3665 2757,3495 2500,3464 1866,3556 1600,3565 1507,3519 1246,3556"/>
                <Baseline points="1250,3651 1280,3648 1325,3648 1370,3648 1415,3645 1459,3639 1504,3639 1549,3636 1594,3633 1639,3633 1683,3627 1728,3624 1773,3621 1818,3618 1863,3618 1907,3615 1952,3609 1997,3609 2042,3606 2086,3606 2131,3603 2176,3600 2221,3597 2266,3594 2310,3594 2355,3591 2400,3588 2445,3585 2490,3582 2534,3579 2579,3576 2624,3573 2669,3567 2713,3564 2758,3561"/>
                <TextEquiv>
                    <Unicode>C: Der Fürst war hier, bei dir?</Unicode>
                </TextEquiv>
            </TextLine>
        </TextRegion>
    </Page>
</PcGts>
