3352 4184
2455 428 2621 613 185
972 689 2823 919 S: Es ist nicht so leicht, als ich mir
1078 861 2652 1034 gedacht habe - das muss ich Ihnen
1092 995 2733 1194 offen gestehen. In diesem Raum, der
1083 1157 2860 1360 so viele schöne Erinnerungen für mich
1083 1310 2795 1481 umschliesst, überfällt mich eine ge-
1097 1448 2871 1624 wisse Befangenheit, auf die ich selbst
1104 1601 2140 1798 nicht vorbereitet war.
1013 1770 2767 1925 A : |:v.o: | Dazu liegt ja wahrhaftig
1101 1893 2846 2106 keine Ursache vor. Sprechen Sie doch.
1173 2066 2772 2240 Ich bitte, es war Ihr Recht, mich
1023 2106 1138 2284 S:
1127 2219 2781 2374 nicht zu empfangen; aber da Sie nun
1127 2295 2825 2462 einmal die Freundlichkeit hätten, so
1138 2453 2857 2631 würden Sie mich durch einen etwas ru-
1129 2594 2774 2797 higeren T on auf's Lebhafteste ver-
1159 2758 1652 2971 pflichten.
1055 2864 2918 3075 A: Sie misverstehen mich, lieber Sigis-
1150 3036 2869 3237 mund. Ich bin begreiflicherweise ge-
1173 3205 2814 3401 spannt, was Sie mir zu sagen haben.
