3432 4120
1151 603 2839 759 Das verfängt nicht, Friederike. Ich
833 639 1090 787 Am ad:
1118 766 2923 952 bin von jeder Voreingenommenheit frei.
1118 914 2803 1085 Und überdies, Ihr Fach und das Fach
458 1067 843 1217 Reichtlich in
1120 1067 2923 1271 meiner Frau sind zwei ganz verschiede-
428 1141 1006 1332 Mon sal curien trois
1136 1240 2999 1393 ne Gebiete: sie hat von Ihnen, Sie von
466 1245 1013 1479 von Ihnen zu siehte
1123 1406 2905 1566 ihr nichts zu fürchten. - Also selbst
1092 1538 2931 1709 wenn ich solchen niedrigen Regungen un-
1138 1721 1999 1887 terworfen wäre....
1230 1866 2862 2045 Sie wollen mich misverstehen, Ama-
868 1920 1153 2060 Fried:
1156 2037 2862 2185 deus! Sie ist bis zum Spiegel ge-
1159 2162 2992 2343 gangen und wendet sich jetzt wieder zu
1159 2325 2834 2511 ihm! Sie sind gereizt gegen mich,
1179 2437 2816 2689 weil Sie in mich geradeso verliebt
1184 2684 2159 2857 sind wie ich in Sie.
1255 2865 1706 3002 :spielt:
955 2875 1222 3010 Amad:
873 2870 2928 3175 Fried: Mit dem As- ceur-Dreiklang werden Sie
1245 3101 2857 3323 mir nicht das Gegenteil beweisen.
1189 3292 2210 3491 :Sie steht neben ihm:
998 3381 2921 3649 Amad: :nerwös: Ach Gott, was soll das
1202 3567 2793 3794 nun werden!
