3400 4184
2626 325 2792 543 211
1077 583 2768 830 trächtliche Lust, mich ins Grenzen-
1081 736 2795 983 lose zu begeben, aus einer Figur ein
1084 894 2726 1106 Mensch zu werden, und dort, wo ich
1110 1026 2846 1270 jetzt hingehe, dürfte sich einige Ge-
1121 1208 2835 1457 legenheit dazu finden. - Nun, leben
1119 1455 1573 1609 Sie wohl.
1130 1509 2928 1776 Auf Wiedersehen darf man ja wol sagen,
955 1511 1059 1784 A:
1170 1740 1929 1945 — in einem Jahr?
1137 1811 2830 2069 Nein, das nicht. Zurijckkehren werde
983 1947 1086 2058 F:
1164 1969 2804 2223 ich nicht; nur werde ich zu finden
1190 2105 2899 2365 sein - wenigstens ein Jahr lang, für
1213 2278 2870 2563 jeden, der mich finden will. - Nun,
1213 2492 1853 2739 adieu. ab:
