3368 4168
2818 343 2947 562 66
1156 619 2940 848 verlassen willst; ich meine, dass wir
1167 774 2921 1001 oder dass Einer von uns — dieses Haus
1182 963 2990 1129 verlassen kann, und wir wie andere Men-
1175 1091 2954 1313 schen, die sich so mit einander ausge-
1186 1258 2981 1489 sprochen haben wie wir, in Frieden von
1201 1468 1916 1615 einander gehen.
1246 1544 3002 1732 Der ihr mit wachsendem Erstaunen zuge-
1058 1606 1165 1775 A:
1191 1739 3085 1927 hört hat: Cäcilie! was überkommt dich?
1201 1851 2990 2106 Ist das dein Ernst? Was fällt dir ein!
1215 2042 3081 2251 Wir habe ein Kind, wir haben unsere Ar-
1234 2180 3085 2356 beit, wir haben unser gegenseitiges Ver-
1227 2363 3081 2509 stehen, das keiner von uns je bei einem
1229 2497 3112 2687 Andern wird finden können oder wollen. W
1234 2680 3152 2859 Was uns verbindet, ist so stark, so ewig,
1241 2828 3135 2988 Cäcilie, dass alles, was uns draussen in
1251 2954 2959 3109 der Welt vielleicht noch bevorstehen
1539 3114 1644 3212 lage
1239 3123 3014 3288 mag, schattenhaft und nichtig bleiben
1260 3297 3109 3433 wird. Hier, Cäcilie, hat sich nichts ge-
1258 3407 3016 3574 ändert; hier kann es nicht anders wer
1275 3569 3085 3748 den! Unser eigentliches Leben wird wei-
