3352 4152
2670 412 2802 565 65
1077 734 2986 876 kläglich süssen Versöhnungen, und wie zer
1074 892 2864 1041 brochen, ja feindselig findet sie eine
1084 1050 2873 1208 verspätete Aufrichtigkeit. - Wir, Cäci¬
1084 1220 2852 1345 lie, werden Kameraden sein wie bisher,
1101 1361 2976 1510 und bessere, als wir in der letzten Zeit
1105 1546 1737 1687 gewesen sind.
1175 1672 2840 1809 Und so wäre die Stunde, die wir er-
1012 1572 1127 1828 O:
1120 1823 2859 2062 wartet haben, wirklich mit einem Male
1120 2022 1282 2194 da!
1163 2050 2168 2287 Und trennt uns nicht,
986 2103 1093 2285 A:
1170 2192 3024 2426 Ich glaube beinahe, Amadeus, wir können
988 2333 1096 2519 C:
1136 2440 3034 2574 bis zu diesem Augenblick mit einander zu-
1141 2586 2893 2720 frieden sein. Aber überlege doch noch
1151 2732 3000 2888 einmal, ob wir unter diesen in gewissem
1146 2888 3005 3046 Sinn doch geänderten Verhältnissen wirk-
1151 3003 3074 3227 lich mit einander weiterleben sollen. Ich
1151 3196 2895 3352 meine, wir wollen nicht einem Prinzip
1113 3376 2921 3517 zuliebe Allzuschweres von einander for
1172 3467 2976 3668 dern; ich meine, dass ich dir das Wort.
1170 3684 3010 3850 zurückgebe - das Wort, dass du mich nie
