3368 4152
2803 436 2938 606 98
974 669 1611 894 Amad: Dankø.
998 785 2909 1039 Fried: Amadeus, du hast mir heute einen
1182 986 2655 1216 merkwürdigen Brief geschrieben.
1243 1151 1604 1332 nickt:
1005 1233 1131 1344 A:
1228 1233 2985 1502 Nun, du hättest mir das doch auch sa¬
1013 1381 1187 1584 Fr:
1214 1417 2897 1657 gen können. Ich finde es so lächer-
1267 1570 2987 1800 lich, Briefe dieser Art zu schreiben
1311 1737 2997 1948 abgesehen davon, dass es bedenklich
1243 1907 2948 2127 ist. Hier bring' ich dir ihn wieder.
1061 2054 2352 2287 A: Was fällt dir denn ein?
1063 2209 2810 2449 Fr: Willst du ihn nicht zurückhaben?
1080 2384 2054 2616 A: Behalt' ihn dir.
1085 2478 2909 2774 Fr: Es ist der einzige, den du mir ge-
1284 2624 2936 2892 schrieben hast; ich will ihn besser
1303 2849 2401 3072 aufbewahren als andere.
1315 3004 2200 3227 Wie meinst du das?
1136 3096 3089 3392 Fr: Ich denke eben an etwas... Nun also:
1352 3336 1563 3530 aus?
1189 3416 2938 3682 A: Ja, Friederike, darüber kann kein
1369 3563 3021 3815 Zweifel sein. Ich danke dir - dank
