3368 4216
2702 557 2817 660 76
2302 682 2417 834 fort
1288 763 2927 932 drei Wochen ist sie f### von Ihnen
1244 974 1924 1092 und dem Buben.
1058 1109 3030 1249 Amad: Ja; aber auf die paar Stunden kommt
1337 1264 2969 1379 's doch nicht mehr an. ::Sieht auf
1254 1399 2937 1539 die Uhr: In einer Stunde muss sie
1293 1602 2694 1698 hier sein. Legen Sie doch ab.
1300 1737 3013 1850 So lange kann ich ja doch nicht war-
1112 1777 1227 1882 M:
1448 1828 2542 1956 Amad: Ach warum denn?.
1269 1902 2903 2017 ten. Wir plaudern ein bisschen und
1315 2022 3062 2172 wenn Albertus kommt, können Sie sich
1497 2196 2621 2348 mit Peterl unterhalten.
1136 2375 2385 2513 M: Sie erwarten Albertus?
1136 2540 2930 2667 A: Er wollte mir endlich den dritten
2221 2626 2390 2716 kin
1242 2672 3050 2844 Akt bringen. Ist er denn fertig damit?
1097 2837 2481 2986 M: Mich fragen Sie darum?...
2113 2935 2321 3050 alle
1161 3016 2969 3158 A: Ja, es ist nicht seine Gewohnheit,
1357 3151 3023 3315 über die Dinge zu reden. - Aber Sie
1310 3320 2949 3472 sind ja schon ganz winterlich ange-
1377 3531 1573 3627 tan.
1362 3636 3075 3850 Es ist heute so kalt; ein schneiden-
1178 3688 1303 3835 M:
