3400 4200
2668 325 2847 557 176
1187 617 2890 823 woran er ist. - Im übrigen räume ich
1189 847 2871 988 ihm sofort alle Rechte des Beleidig¬
1194 995 2864 1141 ten ein - dann ist die Sache verein
1203 1141 2814 1285 facht. - Geh nur endlich! Willst
1163 1309 2730 1443 du mir diesen Dienst erwiesen oder
1168 1424 2960 1601 nicht? Durch deine Weigerung würdest
1177 1603 2835 1742 du allerdings nichts erreichen, als
1182 1751 2814 1895 dass ich mich nach irgend jemandem
1189 1912 2871 2058 andern umsehen müsste, der mir weni-
1189 2038 2897 2220 ger nahe stunde als du. Denn)dass es
1199 2225 2821 2376 nichts Anderes für mich giebt, das
1213 2371 2826 2512 wirst du doch einsehen? Wir müssen
1225 2524 2895 2689 einander gegenüberstehen Mann gegen
1218 2646 2876 2816 Mann. Ich hasse ihn - verstehst du?
1225 2790 2804 2976 Ich habe ihn wahrscheinlich schon
1239 2991 2797 3127 länger gehasst, als ich es weiss,
1249 3108 2900 3285 Und es giebt nur eine Lösung: einer
1258 3297 2498 3424 von uns muss aus der Welt!
1113 3414 3041 3589 Alb: Höre mein Lieber, das geht zu weit!
1270 3584 2948 3735 Ich denke immer, es handelt sich um
1282 3742 3005 3895 ein Duell, indess geht aus deinen Be-
