3336 4184
2425 453 2609 630 182
1116 693 2864 921 War gehen nun wieder in unser Zimmer,
1160 870 1902 1086 :Mit Peterl ab:
1011 1046 2811 1232 A:  allein, geht wieder im Zimmer auf
1074 1207 1390 1337 u. ab:
1002 1307 2867 1504 St: Itritt ein u.meldet: Seine Durch-
1086 1490 2702 1632 laucht, der Fürst von Lohsenstein.
988 1628 2832 1823 A: Wie!!:Fasst sich: Der Fürst...
990 1774 2713 2037 St: Der Fürst fragt, ob der gnädige
1063 1934 2134 2116 Herr zu sprechen sind.
981 2041 2834 2316 A: Sagen Sie ihm...  :Wendet sich ab:
1067 2230 2839 2413 Einen Moment!... Was soll denn das be-
1070 2397 2778 2644 deuten?.... Ja — - Ich lasse bitten!
981 2564 1455 2732 St: I:ab:
972 2660 2778 2881 S: :einige Male rasch auf u.ab, steht
1065 2832 2739 3048 wie der Fürst hereintritt, ziemlich
1065 2999 2234 3183 entfernt x von der Türe:
