3400 4184
2837 429 2963 597 39
1239 666 2963 861 dass in solchen Kämpfen das Beste zu¬
1244 872 2883 1028 grunde gehen kann und dass man eher
1237 982 3075 1196 aus Abenteuern heil zurückkehrt als aus
1244 1180 1703 1338 Wiinschen.
1297 1315 3057 1457 Bist du so alt geworden, Amadeus, und
1021 1315 1226 1524 Alb:
1265 1469 3062 1634 glaubst wirklich, dass es irgend einen
1265 1602 3050 1772 Aufwand von Schicksalen bedarf, um et-
1276 1763 3096 1937 was zu erleben? Wie überflüssig ist das
1276 1935 2887 2068 alles! Ich rede aus Erfahrung. Wie
1237 2077 3084 2258 hab' auch ich einmal die besten stunden
1297 2217 2990 2419 vergeudet, um Dinge zu Ende zu erle-
1299 2387 2919 2529 ben, mit denen ich im Geist längst
1304 2534 3087 2701 fertig war... wie viel hab' ich begon-
1308 2623 3000 2848 nen, obwol ich Verlauf und Ende vor-
1310 2846 2928 3002 hersah... wie viele Zeit hab' ich
1331 2974 3105 3204 aus übelangebrachter Rücksicht an Per-
1322 3146 2984 3316 sonagen verschwendet, die ich schon
2589 3247 2763 3342 ich
1336 3323 2947 3456 orledigt hatte! Erst seit ich das
1345 3417 3179 3635 Unsinnige dieses Treibens einsehe,
1345 3603 3098 3828 führe ich eine ruhigere und doch eine
