3400 4200
2691 359 2870 558 178
1175 622 2722 744 Cäcilie! Nie hab' ich sie so sehr
1130 766 2734 905 geliebt. Jetzt erst lieb' ich sie.
1127 936 2734 1099 Jetzt weiss ich, dass ich sie ewig
1139 1082 2786 1202 lieben werde - und wenn das vorüber
1142 1245 2856 1376 ist, so werden wir auch wieder glück-
1144 1381 1960 1522 lich sein können.
998 1484 2868 1659 Alb: Hoffentlich besteht sie nicht dar-
1151 1702 2844 1807 auf, Isolde umzubringen, was mindes-
1161 1850 2851 1968 tens ebenso sinnreich wäre, aber die
1151 1994 2571 2135 Sache sehr komplizieren würde.
1060 2128 2770 2298 A: Ich bitte dich, willst du gehen?
1022 2305 2801 2430 Alb: Nun also - - Aber du gestattest,
1171 2442 2827 2592 dass ich mir Herrn Fichtenstein mit
1168 2645 1487 2755 nehme?
1034 2784 1585 2935 A: Wie?...
1034 2877 2942 3093 Alb: Nun ja - - ich könnte dann auf dem
1240 3078 2284 3205 Wege mit ihm sprechen.
1036 3169 2872 3356 A: Er kann doch nicht in dieser Sache
1046 3342 2813 3521 Alb: Wenn's dan ernst wird, wechseln
1204 3536 2619 3660 wir ihn gegen einen Andern um,
1060 3646 2985 3806 A: Möchtest du nicht aufhören, die Sach
