3432 4248
2753 428 2865 590 91
1232 615 1877 768 avonzustehlen.
1175 727 2870 947 oder er wenigstens - ahnt wol nicht,
1230 891 3029 1070 wohin eine Frau endlich gelangen kann,
1237 1029 2999 1275 die immer wieder zur Geliebten ernied-
1241 1239 1754 1426 rigt wird.
1298 1328 2979 1585 Auf dem neuen Weg, den Sie zu gehen
1118 1437 1248 1619 A:
1218 1464 2876 1733 gedenken, würden Sie wol auch nicht
1280 1706 2004 1899 allein bleiben.
2084 1706 2694 1854 aussi salber i
1337 1815 3020 2041 Was tut’s? Ist das am Ende so wieh-
1139 1899 1253 2057 M:
1296 1940 2952 2193 tig? - Einen Abschluss, einen Lohn,
1323 2118 2981 2375 eine Rettung für jemanden bedeuten,
1326 2255 3054 2514 ist ja vielleicht etwas sehr Sehönes,
1344 2416 3125 2672 sel bat wenn man nicht liebt. Nur nicht
1362 2585 2979 2854 sich schämen müssen, dass Küsse im
1348 2738 3054 3015 Lauf der Jahre etwas so ganz Anderes
1380 2888 3093 3150 werden können, als sie gewesen sind.
1458 3038 3161 3298 Aber ich bitte Sie, liebe Maria, tun
1392 3193 3227 3475 ie doch nichts, was unabänderlich wäre,
1330 3270 1558 3366 tricen
1489 3362 3154 3630 ne vorher (noch)mit ihm zu sprechen.
1435 3523 3086 3799 Natürlich werd' ich mit ihm reden.
1626 3685 3102 3924 habe ja nicht die Absicht, mich
