3592 4296
2747 488 2935 661 140
1377 674 2966 935 bin aus Zürich einfach durchgegan-
1326 865 2848 1079 gen. Das hättest du nicht getan.
1248 996 3010 1254 C: Ja, ich war immer etwas vernunfti-
1385 1136 3136 1401 ger als du; - darum war es doch nicht
1403 1375 2635 1499 weniger schön in vonstanz.
1447 1458 3069 1696 Ja, schön war es wol. Erinnerst du
1261 1569 1381 1668 A:
1412 1613 3080 1841 dich? Das riesige Zimmer mit dem un-
1469 1801 2990 1963 geheuren Fenstern, und unten auf
1469 1922 2948 2138 dem Marktplatz im Schnee lauter
1420 2022 3095 2316 Leute, die man nicht kannte, um die
1431 2198 3086 2458 man sich nicht zu kümmern brauchte,
1447 2351 3108 2587 und kein Mensch auf der weiten Welt
1447 2493 3099 2745 ahnte, dass wir Zwei an einem Kamin
1466 2653 3047 2909 in Konstanz sassen und sehr glück-
1462 2806 3117 3055 lich waren, so ungewiss die Zukunft
1510 2999 2655 3189 auch damals vor uns lag,
1517 3095 3174 3355 Ja, es gehörte wirklich einiger Mut
1337 3213 1453 3353 C:
1484 3246 3123 3476 dazu, sich unter diesen Verhältnis-
1486 3412 3003 3644 sen schon an einander zu binden.
1541 3568 3158 3787 Meine arme Mutter, wie war die ver-
1506 3754 3082 3924 zweifelt, als sie von unserer Hei-
