3288 4040
2549 415 2727 595 152
1291 586 2984 825 mit einer stillen, gütigen Frau, mit
1318 770 2754 955 einer Art von Engel vielleicht,
1352 928 2956 1111 der nun entschwunden ist. Die, die
1303 1078 2956 1261 heute zu mir gekommen ist, hat eine
1307 1232 2781 1407 Stimme, die ich nie gehört habe
1312 1385 2822 1548 Blicke, die mir fremd sind, eine
1303 1523 2784 1712 Schönheit, die ich nicht kenne,
1358 1723 2931 1860 keine bessere, glaub' ich, als Cä-
1318 1816 2942 2018 cilie besass, aber eine grausamere,
1322 1980 2954 2145 verhängnisvollere, schönere.... Ja,
1360 2119 2921 2301 schön bist du, Cäcilie, wie du es
1343 2290 2043 2482 niemals warst!
1352 2419 2687 2634 Spr ich doch nicht so zu mir!
1172 2482 1282 2604 O:
1352 2573 2969 2758 Soll ich anders reden, als ich emp¬
1168 2655 1278 2784 A:
1318 2756 1626 2900 finde?
1331 2889 2701 3075 Es ist nicht gut, dass du so
1172 2910 1295 3070 O:
1369 3022 2916 3228 sprichst. Du redest nicht wie ein
1324 3176 2904 3351 Freund, und das ist nicht klug von
1369 3344 2870 3515 dir. Wenn du so zu mir sprichst,
1375 3484 2874 3739 dann ist wirklich auch in diesem
