3384 4216
2741 465 2872 581 81
1224 692 2876 835 von Cäciliens Häuschen aufzunehmen.
1067 851 2974 1072 M: (Sie haben es?... (Richtig!) : Sie ist
443 903 889 1060 he hale i
349 1024 842 1164 sut ou f de
1176 1022 2976 1169 aufgestanden und betrachtet das kleine
356 1112 1065 1290 Schreiblands gestellt
1174 1155 2895 1318 Bild, das Amad. vom Schreibtisch aus
1224 1304 3026 1470 ihr giebt: Hier auf der Bank Cäcilie
1193 1480 2964 1653 und ich - - wie man sich da plötzlich
1247 1665 2867 1781 wieder erinnert, an diesen schönen
1299 1833 2132 1959 stillen Sonnentag
1259 1921 2952 2110 Aber Sie sind kann zu unterscheiden,
1065 2008 1169 2120 A:
1259 2063 2940 2260 Sie und Cäcilie; auch gegenüber den
1262 2291 2502 2416 drei Buben bin ich ratlos.
1288 2388 3085 2575 Oh! das hier ist Peterl - und das Max
1124 2497 1247 2613 M:
1356 2594 2943 2736 und der mit dem Reifen Moriz. Wie
1285 2739 3026 2902 kann man darüber nur im Zweifel sein!
1323 2893 2950 3054 Der Hintergrund scheint mir besser
1152 2898 1257 3076 A:
1295 3080 2966 3225 gelungen; über der Landschaft liegt
1307 3161 3068 3374 wirklich so ein Hauch von stillen und
1318 3422 2113 3540 glühendem Sommer.
1169 3521 3045 3699 M: Ah, es war schön! Der tiefe Waldes-
1326 3626 3078 3886 schatten gleich hinter den Häusern...
