3368 4120
2861 375 3034 542 153
1486 606 3016 824 Raum etwas von der Luft, die ich
1503 752 3005 930 jetzt fern von dir um mich wehen
1459 921 2989 1121 f체hle - diese laue, schmeichleri-
1457 1107 3036 1280 sche Luft, in der das Leben so un-
1480 1231 2816 1408 begreiflich leicht erscheint.
1519 1387 3145 1575 C채cilie! Wenn du ahntest, wie deine
1332 1381 1437 1538 A:
1517 1509 3088 1717 Worte mich zugleich schmerzen und
1529 1715 2067 1874 berauschen!
1525 1808 3034 2018 Du bist n채rrisch! Rede nicht so.
1356 1810 1457 1991 C:
1501 1966 3092 2185 Vergiss doch nicht, dass ich nicht
1492 2123 3150 2313 mehr die bin, die ich war! Sei klugt
1499 2261 3100 2459 Es braucht vielleicht nicht gar so
1517 2408 3112 2624 viel, dass ich einem gewissenlosen
1529 2575 3044 2791 Verf체hrer zum Opfer fiele. Denke,
1573 2739 3135 2915 dass wir Freunde sind und es blei-
1517 2878 3092 3082 ben wollen. - Auf Morgen, Amedeus
1538 3040 3143 3234 und gute Nacht. : Sie wendet sich
1544 3222 2022 3347 zum Gehen:
1583 3296 3139 3506 :ihr nach: Denke vor allem, dass
1424 3405 1540 3512 A:
1604 3469 3061 3642 wir immer die Wahrheit sprechen
1558 3609 3195 3787 wollten! Und es ist nicht wahr, dass
