3320 4104
2405 410 2589 547 150
1261 623 2802 828 Welt, und ich merke keinen Unter-
1263 791 2796 986 schied an dir. Ich kann mir auch
1263 901 2846 1125 nicht vorstellen, dass das je vor-
1266 1087 2804 1274 kommen könnte. Draussen magst du
1292 1257 2916 1425 deine Rollen spielen,- Schurke oder
1326 1408 2949 1591 dummer Junge sein, was gewiss auch
1299 1518 2912 1719 manchmal vorkommen wird,- für mich
1350 1694 2978 1889 bleibst du mein Freund Amadeus. Und
1253 1856 2850 2111 ich fühle, dass dir, den Amadeus,
1321 1976 2871 2156 den ich meine, im Grund überhaupt
1317 2144 2825 2359 nichts geschehen kann, solang er
1321 2320 2094 2506 mein Freund ist.
1373 2394 2848 2659 Könnt' ich das nur auch fühlen!
1185 2488 1299 2664 A:
1332 2577 2840 2800 Aber diese Sicherheit fehlt mir,
1338 2720 3007 2952 Die Unbedenklichkeit, die Lust, mit
1353 2879 2885 3084 der du in ein Unbekanntes hine in-
1361 3036 2964 3254 schreitest, erfüllt mich mit einer
1355 3192 2937 3403 Art von Angst um dich. Es ist mir
1678 3347 2024 3453 uertragly
1392 3328 3032 3548 ein seltnamer Gedanke, dass Menschen
1419 3490 2947 3681 herumgehen, die von deiner Exis-
1392 3647 3049 3826 tenz noch nichts wissen und zu dere
