3336 4120
1639 638 2148 780 Szene.
1206 802 2162 992 Amadeus, Friederike.
1106 935 2774 1154 Amad: Ein angenehmes Wetter.... Es
1296 1068 2966 1296 scheint also nicht Albertus gewesen
1296 1251 2681 1456 zu sein.   Setzt sich an den
1292 1411 3033 1622 Schreibtisch, schaltet die Lampe ein,
1292 1539 3050 1789 nimmt den Brief Cäsiliens und beginnt
1304 1727 2050 1946 ihn zu lesen.
1128 1884 2964 2098 Fried:  erhebt sich, während er liest,
1280 2022 2881 2257 so dass ihr Kopf über dem Schreib-
1330 2207 2117 2417 tisch erscheint:
1128 2322 3045 2583 Amad: :legt den Brief hin, sieht Fried.
1304 2521 2845 2740 springt auf:! Ver ist denn das?!
1149 2648 2602 2883 Fried: Ich bin’s, Amadeus.
1173 2831 2904 3014 A: Friederike, was soll den n das be-
1313 2923 3042 3204 deuten? Du weisst, dass ich derartige
1346 3123 2512 3345 Säherze xxxx! nicht kek.
1358 3242 3064 3542 steckt ein paar Blumen in die klein
1182 3342 1277 3478 r:
1375 3404 2740 3656 Vase auf seinem Schreibtisch:
1734 3575 2959 3827 Im übrigen erwart‘ ich Alte
