3464 4168
2688 394 2866 554 143
1255 614 2094 852 mals sein dürfte.
1137 765 2930 972 C: Mit dieser Beruhigung war es nicht
1282 932 2808 1148 so sehr weit her. Ich erinnere
1286 1052 2959 1266 mich noch sehr gut, wie du an einem
1304 1228 2828 1426 der ersten Abende hier in diesem
1295 1382 2826 1571 Hause sagtest: Wenn wir doch ir-
1324 1535 2919 1744 gend einem Augenblick unserer spä-
1339 1660 2988 1889 teren Existenz plötzlich vor uns se-
1373 1809 2890 2027 hen könnten, wie auf einem Bild,
1380 1994 2993 2245 Und wäre uns dieser Wunsch erfüllt
1215 2089 1326 2267 4:
1400 2112 2910 2332 worden, so hätten wir vielleicht
1391 2278 2919 2514 gerade diesen Augenblick gesehen,
1380 2436 3044 2670 wie wir behaglich an einem Kamin si-
1395 2588 3019 2792 tzen und Tee trinken, und nicht ge-
1542 2712 2946 2859 in diesem harmlosen Augenblick
1395 2775 2984 2946 ahnt, was alles hinter uns und vor
1408 2861 2846 3106 uns liegen xxx würde. Aber was
1940 3037 2423 3146 Mundunol
1417 2984 3062 3246 tut’s? Das Schöne, das wir einander
1435 3186 3033 3391 verdanken, das wir mit einander er
1475 3311 3082 3564 lebt haben, das kann uns doch kei-
1446 3462 3102 3709 ner nehmen, das wirkt in uns fort,
1504 3665 2185 3885 das haben wir.
