3336 4104
1061 613 2802 768 vergessen, was ich Ihnen gesagt habe?
1047 789 2696 936 Sie waren keine Walküre, Sie waren
1059 971 2689 1072 verzeihen Sie - eine Marketenderin
1059 1132 2777 1252 oder etwas derartiges. Sie bauen ein
1056 1282 2763 1386 wenig zu sehr auf Ihren Beliebtheit,
1063 1425 2821 1545 gnädige Frau. :An den Bücherschrank
1052 1564 2883 1711 gelehnt: Aber so etwas kann sich über
1059 1727 2855 1859 Nacht ändern. Allmälig werden die Leu-
1072 1882 2901 2053 te auch dahinterkommen, dass Sie falsch
1070 2083 1423 2202 singen.
1160 2154 2712 2325 Die Schwebung im dritten Akt hat
805 2209 1095 2382 Fried:
1086 2313 2897 2500 ausser Ihnen niemand gemarkt, Amadeus.
1139 2482 2908 2657 Eine Schwebung?... Vom Cis zum C, das
807 2569 1056 2701 Amad:
1102 2645 2827 2800 nenen Sie eine Schwebung? - Ich nenne
1107 2791 2883 3003 das einen Sturz in den Abgrund, nicht
1121 2950 2825 3164 eine Schwebung! Es ist recht jammer-
1137 3111 2936 3323 voll, dass Sie aich auf Leute berufen,
1135 3231 2989 3480 die von Musik keine Ahnung haben. Aller
1144 3392 2940 3653 dings nehme ich zur Ehre unserer musi-
