3400 4216
2597 366 2772 492 167
1389 702 2173 853 5. Szene.
1359 951 1860 1128 Amad, Alb.
1051 1147 2844 1319 A: t:v. links, Ueberzieher u.Hut in der
1196 1306 2795 1506 Hand: Das erspart mir einen Weg:
1212 1487 2289 1613 eben wollt' ich zu dir.
1068 1618 2735 1797 Alb: Ich habe mit dir zu sprechen.
1273 1772 2989 1912 :Sie reden schnell, gleichsam an ein¬
1229 1963 1856 2084 ander vorbei:
1098 1975 2972 2264 A: Du musst mir einen grossen Dienster-
1250 2285 1688 2397 weisen...
1112 2357 2916 2534 Alb: In meinem Leben gehen sonderbare
1259 2581 1870 2704 Dinge vor...
1117 2686 1662 2870 A: Höre! -
1056 2814 2930 3007 Alb: Weisst du dich noch zu erinnern,
1282 2984 2860 3157 was dir Maria gestern gesagt hat?
1191 3164 2569 3320 A: Ja. Aber davon später. -
1152 3292 2770 3488 Alb: Maria will mich verlassen...
1161 3425 2923 3639 A: Du erzählst mir dann das Näheren.
1324 3597 2977 3767 Du musst mir nämlich einen ganz be-
1331 3749 3080 3930 sonderen Dienst erweisen in einer Sa-
