3400 4152
2532 363 2718 584 223
1246 573 2898 825 bange: auch für dich steh' ich ein.
1238 779 2776 1028 Jetzt nehm' ich auch einen Kampf
1233 906 2971 1096 auf, wenn’s drauf ankommt, jetzt Zu-
1175 1073 1479 1167 det servy
1241 1071 2938 1314 hüll' ich dich ein mit meiner Liebe,
939 1061 1030 1266 Je
1718 1236 1903 1322 une
1215 1226 2839 1436 jetzt bin ich da um dich (zu behü-
1248 1393 2203 1619 ten und zu schützen.
2142 1482 2342 1639 sich
1271 1535 2926 1736 Ich will nicht beschützt sein! (Ich
1106 1594 1243 1784 C:
1254 1690 2776 1880 lasse es mir nicht gefallen) ich
1256 1832 2918 2086 räume dir das Recht nicht ein dazu.
1243 2015 2880 2195 Ich nehme kein Versprechen an
449 2035 1073 2296 & Misfait from
1256 2139 2893 2327 und ich gebe keins; ich will nicht,
287 2263 1018 2444 hirt. wie was in
1254 2296 2822 2472 dass es eine Ehe wird wie tausend
391 2357 1068 2538 werm. in soll
360 2477 1078 2718 König Spivak
1256 2454 2870 2644 andere, - kläglich wie die andern,
1264 2598 2839 2837 wo man sich betrügt und wieder in
1264 2763 2106 2961 die Arme sinkt...
1302 2916 2705 3108 Es ist kein Betrug geschehen!
1127 3048 2817 3271 Wenn wir jetzt zusammenblieben,
1246 3202 2872 3423 Me wäre der ganze Unterschied zvi-
1314 3380 2928 3568 sehen uns und den Andern, dass wir
1307 3512 2692 3717 es uns bequemer gemacht haben.
1149 3542 3192 3887 A: Aber Cäcilie, du verstiert ganz
