<?xml version="1.0" encoding="UTF-8" standalone="yes"?>
<PcGts xmlns="http://schema.primaresearch.org/PAGE/gts/pagecontent/2013-07-15" xmlns:xsi="http://www.w3.org/2001/XMLSchema-instance" xsi:schemaLocation="http://schema.primaresearch.org/PAGE/gts/pagecontent/2013-07-15 http://schema.primaresearch.org/PAGE/gts/pagecontent/2013-07-15/pagecontent.xsd">
    <Metadata>
        <Creator>prov=READ-COOP:name=TrHtr:version=2.1.0:model_id=51170:date=25_07_2023_03:20</Creator>
        <Created>2023-05-10T13:04:51.332+02:00</Created>
        <LastChange>2023-07-25T03:20:55.886+02:00</LastChange>
        <TranskribusMetadata docId="1428562" pageId="55407993" pageNr="100" tsid="130581736" status="IN_PROGRESS" userId="64420" imgUrl="https://files.transkribus.eu/Get?id=ZCTQFCWECKPRSGKFBIIWDXUK&amp;fileType=view" xmlUrl="https://files.transkribus.eu/Get?id=ITCBNNRVJUMUKDIOWCNDEEMN" imageId="44682139"/>
    </Metadata>
    <Page imageFilename="1428562_0100.jpg" imageWidth="3464" imageHeight="4168">
        <ReadingOrder>
            <OrderedGroup id="ro_1711794400291" caption="Regions reading order">
                <RegionRefIndexed index="0" regionRef="tr_1"/>
            </OrderedGroup>
        </ReadingOrder>
        <TextRegion id="tr_1" custom="readingOrder {index:0;}">
            <Coords points="1215,487 3185,487 3185,2482 1215,2482"/>
            <TextLine id="tr_1_tl_1" custom="readingOrder {index:0;}">
                <Coords points="2641,576 2652,576 2659,569 2663,572 2692,558 2706,565 2730,567 2730,455 2706,455 2686,435 2677,435 2670,429 2657,435 2641,435"/>
                <Baseline points="2654,540 2699,537 2737,540"/>
                <TextEquiv>
                    <Unicode>103</Unicode>
                </TextEquiv>
            </TextLine>
            <TextLine id="tr_1_tl_2" custom="readingOrder {index:1;}">
                <Coords points="2550,685 2579,699 2643,672 2670,690 2681,688 2695,708 2724,712 2753,585 2692,558 2657,572 2634,567 2619,578 2574,574"/>
                <Baseline points="2564,674 2567,674 2612,659 2657,653 2702,641 2746,635"/>
                <TextEquiv>
                    <Unicode>104</Unicode>
                </TextEquiv>
            </TextLine>
            <TextLine id="tr_1_tl_3" custom="readingOrder {index:2;}">
                <Coords points="1315,819 3007,779 3012,661 2585,703 2487,641 1884,659 1612,732 1317,728"/>
                <Baseline points="1328,815 1358,815 1403,812 1448,815 1492,809 1537,809 1582,809 1627,806 1671,803 1716,803 1761,803 1806,800 1851,797 1895,797 1940,797 1985,794 2030,794 2075,791 2119,791 2164,788 2209,788 2254,785 2298,782 2343,782 2388,779 2433,779 2478,776 2522,776 2567,773 2612,770 2657,770 2702,767 2746,764 2791,761 2836,761 2881,761 2925,758 2970,755 3015,755"/>
                <TextEquiv>
                    <Unicode>Dass man auch eine Freundin mit Sehr</Unicode>
                </TextEquiv>
            </TextLine>
            <TextLine id="tr_1_tl_4" custom="readingOrder {index:3;}">
                <Coords points="1355,971 1741,973 2306,880 2567,911 2719,848 3094,880 3099,779 1362,826"/>
                <Baseline points="1370,898 1400,895 1445,892 1489,889 1534,889 1579,886 1624,886 1668,883 1713,883 1758,880 1803,877 1848,877 1892,877 1937,877 1982,874 2027,874 2072,874 2116,871 2161,871 2206,871 2251,871 2295,871 2340,865 2385,862 2430,859 2475,859 2519,856 2564,853 2609,850 2654,847 2699,844 2743,844 2788,844 2833,841 2878,838 2922,835 2967,833 3012,830 3057,830 3102,835"/>
                <TextEquiv>
                    <Unicode>sucht erwarten kann, das wirst du wol</Unicode>
                </TextEquiv>
            </TextLine>
            <TextLine id="tr_1_tl_5" custom="readingOrder {index:4;}">
                <Coords points="1348,1060 1433,1060 1607,1130 1708,1085 1864,1101 1994,1076 1996,960 1938,944 1864,976 1681,953 1657,969 1619,942 1467,987 1351,973"/>
                <Baseline points="1361,1050 1373,1050 1418,1047 1462,1044 1507,1044 1552,1042 1597,1036 1642,1036 1686,1036 1731,1036 1776,1033 1821,1033 1866,1033 1910,1033 1955,1033 2000,1030"/>
                <TextEquiv>
                    <Unicode>nie verstehen</Unicode>
                </TextEquiv>
            </TextLine>
            <TextLine id="tr_1_tl_6" custom="readingOrder {index:5;}">
                <Coords points="1355,1116 1389,1112 1398,1121 1406,1114 1422,1114 1431,1125 1465,1105 1476,1121 1485,1118 1489,1125 1505,1125 1509,1083 1489,1078 1482,1085 1476,1078 1467,1085 1411,1058 1384,1074 1375,1063 1360,1065"/>
                <Baseline points="1367,1113 1379,1113 1424,1107 1468,1101 1513,1098"/>
                <TextEquiv>
                    <Unicode>G.F.P.</Unicode>
                </TextEquiv>
            </TextLine>
            <TextLine id="tr_1_tl_7" custom="readingOrder {index:6;}">
                <Coords points="1228,1239 1485,1302 2788,1161 2989,1188 3023,1060 1232,1134"/>
                <Baseline points="1242,1206 1280,1206 1325,1209 1370,1212 1415,1209 1459,1200 1504,1200 1549,1200 1594,1200 1639,1197 1683,1194 1728,1191 1773,1191 1818,1188 1863,1188 1907,1185 1952,1185 1997,1182 2042,1182 2086,1179 2131,1176 2176,1176 2221,1173 2266,1173 2310,1176 2355,1173 2400,1173 2445,1170 2490,1170 2534,1170 2579,1161 2624,1155 2669,1155 2713,1152 2758,1149 2803,1149 2848,1146 2893,1143 2937,1143 2982,1140 3027,1134"/>
                <TextEquiv>
                    <Unicode>Fr: Einen Freund haben, das muss sehr</Unicode>
                </TextEquiv>
            </TextLine>
            <TextLine id="tr_1_tl_8" custom="readingOrder {index:7;}">
                <Coords points="1380,1435 1927,1429 2092,1337 3032,1348 3105,1317 3110,1235 2545,1181 1726,1302 1386,1279"/>
                <Baseline points="1397,1364 1412,1361 1457,1361 1501,1361 1546,1358 1591,1358 1636,1355 1680,1352 1725,1349 1770,1349 1815,1349 1860,1349 1904,1349 1949,1346 1994,1340 2039,1337 2084,1334 2128,1334 2173,1331 2218,1328 2263,1328 2307,1328 2352,1325 2397,1325 2442,1322 2487,1319 2531,1319 2576,1313 2621,1313 2666,1310 2710,1307 2755,1304 2800,1304 2845,1304 2890,1301 2934,1298 2979,1295 3024,1289 3069,1289 3114,1289"/>
                <TextEquiv>
                    <Unicode>schön sein, Willst du nicht auch mei-</Unicode>
                </TextEquiv>
            </TextLine>
            <TextLine id="tr_1_tl_9" custom="readingOrder {index:8;}">
                <Coords points="1373,1598 1431,1585 1465,1616 1516,1621 1565,1587 1612,1598 1679,1572 1732,1598 1775,1574 1831,1585 1864,1563 1920,1563 1927,1418 1826,1422 1804,1442 1639,1431 1558,1460 1380,1435"/>
                <Baseline points="1388,1525 1433,1519 1477,1516 1522,1513 1567,1510 1612,1507 1657,1504 1701,1504 1746,1501 1791,1501 1836,1498 1880,1495 1925,1507"/>
                <TextEquiv>
                    <Unicode>ner werden!</Unicode>
                </TextEquiv>
            </TextLine>
            <TextLine id="tr_1_tl_10" custom="readingOrder {index:9;}">
                <Coords points="1391,1708 2983,1652 3148,1619 3152,1534 1398,1592"/>
                <Baseline points="1406,1674 1451,1677 1495,1677 1540,1677 1585,1674 1630,1671 1674,1668 1719,1666 1764,1666 1809,1663 1854,1660 1898,1660 1943,1657 1988,1654 2033,1654 2078,1651 2122,1651 2167,1648 2212,1645 2257,1645 2301,1645 2346,1639 2391,1636 2436,1633 2481,1633 2525,1627 2570,1627 2615,1624 2660,1624 2705,1621 2749,1618 2794,1615 2839,1612 2884,1606 2928,1606 2973,1603 3018,1600 3063,1597 3108,1597 3152,1600"/>
                <TextEquiv>
                    <Unicode>Wir haben  kein Kind, haben keine Erin-</Unicode>
                </TextEquiv>
            </TextLine>
            <TextLine id="tr_1_tl_11" custom="readingOrder {index:10;}">
                <Coords points="1203,1726 1214,1726 1223,1719 1232,1723 1241,1717 1268,1726 1281,1715 1299,1717 1306,1710 1326,1708 1326,1616 1306,1614 1299,1619 1270,1612 1259,1616 1246,1605 1235,1614 1203,1614"/>
                <Baseline points="1215,1689 1259,1686 1304,1686 1331,1689"/>
                <TextEquiv>
                    <Unicode>A:</Unicode>
                </TextEquiv>
            </TextLine>
            <TextLine id="tr_1_tl_12" custom="readingOrder {index:11;}">
                <Coords points="1386,1869 2378,1797 3092,1813 3099,1706 2882,1708 2755,1643 2259,1741 1393,1746"/>
                <Baseline points="1400,1839 1445,1836 1489,1833 1534,1833 1579,1830 1624,1830 1668,1827 1713,1827 1758,1824 1803,1821 1848,1818 1892,1815 1937,1812 1982,1812 2027,1809 2072,1806 2116,1803 2161,1800 2206,1800 2251,1794 2295,1794 2340,1791 2385,1788 2430,1785 2475,1782 2519,1779 2564,1776 2609,1773 2654,1773 2699,1770 2743,1770 2788,1767 2833,1764 2878,1764 2922,1761 2967,1758 3012,1755 3057,1749 3102,1746"/>
                <TextEquiv>
                    <Unicode>nerung an einen gemeinsamen Schmerz</Unicode>
                </TextEquiv>
            </TextLine>
            <TextLine id="tr_1_tl_13" custom="readingOrder {index:12;}">
                <Coords points="1404,1998 1873,2038 2241,1958 3123,1949 3181,1828 2989,1875 2476,1811 1886,1918 1411,1871"/>
                <Baseline points="1418,1991 1439,1988 1483,1988 1528,1985 1573,1985 1618,1982 1663,1979 1707,1979 1752,1976 1797,1973 1842,1970 1886,1967 1931,1967 1976,1964 2021,1964 2066,1961 2110,1955 2155,1955 2200,1952 2245,1949 2290,1946 2334,1946 2379,1943 2424,1940 2469,1943 2513,1940 2558,1934 2603,1934 2648,1931 2693,1928 2737,1925 2782,1922 2827,1922 2872,1919 2917,1919 2961,1916 3006,1913 3051,1910 3096,1904 3140,1901 3185,1895"/>
                <TextEquiv>
                    <Unicode>wir sind nur glücklich gewesen.... den</Unicode>
                </TextEquiv>
            </TextLine>
            <TextLine id="tr_1_tl_14" custom="readingOrder {index:13;}">
                <Coords points="1427,2197 2090,2170 2295,2110 2413,2150 2893,2083 3023,2114 3119,2099 3126,1987 2701,1958 1759,2087 1587,1998 1435,2016"/>
                <Baseline points="1442,2149 1468,2146 1513,2146 1558,2143 1603,2143 1648,2143 1692,2137 1737,2134 1782,2131 1827,2131 1872,2128 1916,2125 1961,2125 2006,2119 2051,2116 2095,2113 2140,2110 2185,2107 2230,2104 2275,2101 2319,2101 2364,2098 2409,2098 2454,2095 2499,2092 2543,2089 2588,2086 2633,2084 2678,2084 2722,2081 2767,2078 2812,2078 2857,2075 2902,2072 2946,2069 2991,2066 3036,2063 3081,2060 3126,2063"/>
                <TextEquiv>
                    <Unicode>ist ein zu schwache r Grund, um eine</Unicode>
                </TextEquiv>
            </TextLine>
            <TextLine id="tr_1_tl_15" custom="readingOrder {index:14;}">
                <Coords points="1422,2331 1822,2306 2011,2391 2166,2288 2387,2320 2654,2241 2802,2275 2808,2157 2525,2125 2230,2195 1429,2190"/>
                <Baseline points="1436,2298 1465,2298 1510,2298 1555,2298 1600,2298 1645,2295 1689,2292 1734,2290 1779,2287 1824,2284 1869,2281 1913,2278 1958,2275 2003,2272 2048,2272 2092,2269 2137,2266 2182,2263 2227,2263 2272,2260 2316,2257 2361,2254 2406,2251 2451,2248 2496,2248 2540,2242 2585,2239 2630,2236 2675,2236 2719,2236 2764,2236 2809,2239"/>
                <TextEquiv>
                    <Unicode>Freundschaft drauf zu bauen.</Unicode>
                </TextEquiv>
            </TextLine>
            <TextLine id="tr_1_tl_16" custom="readingOrder {index:15;}">
                <Coords points="1250,2505 2116,2480 2299,2418 2632,2456 2808,2409 2815,2270 2574,2326 2166,2288 2011,2391 1893,2331 1259,2358"/>
                <Baseline points="1265,2472 1292,2472 1337,2472 1382,2472 1427,2472 1471,2469 1516,2466 1561,2460 1606,2460 1651,2457 1695,2454 1740,2448 1785,2445 1830,2445 1875,2442 1919,2439 1964,2436 2009,2433 2054,2430 2098,2427 2143,2424 2188,2421 2233,2418 2278,2415 2322,2415 2367,2409 2412,2409 2457,2406 2501,2403 2546,2400 2591,2397 2636,2394 2681,2394 2725,2391 2770,2391 2815,2397"/>
                <TextEquiv>
                    <Unicode>Fr: Da hast du vielleicht Recht.</Unicode>
                </TextEquiv>
            </TextLine>
        </TextRegion>
    </Page>
</PcGts>
