3384 4088
454 456 555 580 o
1244 748 2853 840 :unterbrechend: Sagen Sie, beste
916 723 1157 881 Amad:
1213 858 2864 1011 Friederike, warum schreien Sie denn
1202 1047 2765 1148 so? Ihre Leidenschaft ist auch im
1191 1114 2909 1278 Piano glaubwürdig genug. - Sie haben
1199 1256 2988 1402 überhaupt) in der letzten Zeit seltsame
1195 1438 2347 1584 Gewohnheiten angenommen.
1301 1566 3019 1732 :die ruhig dasteht u. ihn lächelnd be¬
928 1624 1220 1752 Fried:
1217 1727 2880 1871 trachtet: Ich liebe Sie, Amadeus.
1274 1855 2929 2015 :als hörte er das nicht: Es fällt
937 1934 1186 2046 Amad:
1217 1999 3023 2174 mir eben ein, dass ich Ihnen über Ihre
1229 2147 3037 2338 Brunhilde noch nichts gesagt habe. Ich
1233 2296 2956 2498 kann Ihnen nicht verhehlen, dass ich
1238 2493 2936 2666 höchst unangenehm berührt war... er¬
1249 2612 2875 2810 schrocken... :Er steht auf, geht
1253 2765 3039 2999 nach seiner Gewohnheit mit beiden Hän-
1271 2945 2990 3120 den in den Sakko-Taschen auf und ab:
1287 3084 2833 3289 ... erbittert, ist eigentlich das
1278 3232 3091 3475 treffende Wort. - (Haben Sie denn alles
