3464 4280
1192 634 3002 921 nicht mehr! Was reden Sie denn da? Wie
1160 844 2910 1095 kann man einer augenblicklichen Stim-
1207 1010 2995 1232 mung eine solche Gewalt über sich ein¬
2536 1207 3015 1351 an jorblick
1814 1228 1900 1355 P.S.
1228 1230 1602 1396 räumen?
1252 1333 2787 1572 Es ist etwas mehr als eine selehe
1055 1384 1172 1606 M:
1257 1564 1707 1698 Stimmung.
1062 1617 1158 1745 G.F.P.
1272 1599 2843 1873 Was haben Sie denn vor? Haben Sie
1086 1738 1196 1884 A:
1286 1763 2955 2027 schon einmal zu Albertus so gespro¬
2460 1960 2578 2097 G.F.P.
1299 1976 2361 2195 chen wie jetzt zu mir?
1344 2059 2930 2341 Wozu? Es wäre zu spät. Und früher
1160 2180 1275 2356 M:
1266 2258 2836 2509 hätt' er nicht darauf gemört. Sie
1344 2395 3127 2650 können sich wol denken, dass das nicht
1346 2551 3055 2813 von heute ist, was ich Ihnen da sage
1357 2675 3060 2959 - sonst würd' ich es überhaupt nicht
1375 2860 3091 3165 sagen... Aber es ist so stark in mir,
1398 3015 3053 3295 es quillt heraus, Mit Cäellie wollt
1348 3170 2919 3447 ich eigentlich sprechen, nun sag'
1465 3378 2746 3600 ich's plötzlich Ihnen.
1292 3474 3037 3754 A: Ja, was denn? was wollen Sie denn
