3272 4056
2739 335 2918 526 148
1315 554 2495 765 das hintergeht, das lügt!
1346 725 2878 920 Woher weisst du - woher soll ich
1180 747 1299 876 C:
1322 887 2960 1060 wissen, was ich bin? - Du weisst ja
1308 1033 2825 1224 nur, was ich für dich als Gattin
1326 1186 2869 1368 war. Und da du für mich die ganze
1322 1313 2734 1515 Welt bedeutet hast, alle meine
1328 1486 2874 1681 Sehnsucht und Zärtlichkeit in dir
1382 1623 2951 1778 beschlossen war, so konnteit
1373 1796 2940 1971 wir Beide nicht ahren, welch
1342 1943 3122 2127 ein Wesen allmälig in mir erwachen
1337 2109 3014 2280 könnte. Ich bin heute nicht mehr die
1390 2246 2849 2382 selbe, die ich war - oder viel-
1348 2379 3073 2510 leicht bin ich die selbe, nur scheint
1348 2546 2994 2641 es mir, als wäre ein Panzer von mir
1393 2696 2903 2881 abgefallen. Jetzt fühl' ich alle
1362 2843 2827 3027 Wünsche, die früher abgeglitten
1359 3002 2963 3178 sind von diesem fühllosen eisernen
1355 3142 2912 3335 Panzer - jetzt fühl' ich sie über
1357 3262 3014 3481 meinen Leib - über meine Seele glei-
1368 3428 2909 3639 ten, - sie machen mich heben, die
1362 3595 2991 3807 Erde erscheint mir voll Abenteuern,
