3448 4152
2810 399 2986 547 127
1272 732 2137 892 Amadeus, Cäcilie.
1315 868 1973 1046 Kleine Pause.
1279 1029 2955 1191 C: Setzt sich zum Kamin: Also da
1431 1201 2565 1346 wär man wieder zuhause.
1277 1320 2989 1507 A:  von der Türe zu ihr, nicht ohne
1436 1481 2946 1631 Verlegenheit: Ob du darüber so
1424 1655 2301 1802 froh bist wie ich?
1289 1778 2922 1990 C: streckt ihm die Hand entgegen,
1431 1961 2111 2102 die er drückt:
1279 2076 2908 2251 A: Das muss ja grossartig gewesen
1424 2244 3050 2456 sein gestern. Wie war denn die Vor-
1419 2399 2154 2556 stellung sonst?
1281 2534 3010 2732 C:  Wie das erste Mal - eins gute Re-
1422 2717 1809 2889 setzung.
1281 2855 2432 3046 A: Rothe sang den José?
1281 2993 3193 3160 C: Ja. - Und Wedius den Torrere. Kunghut
1272 3129 2739 3321 Das Stubenm: :bringt den Lee:
1322 3300 2843 3481 A: Ja, von dem schriebst du mir
1422 3462 2397 3623 schon das erste Mal.
1279 3595 2561 3759 C: Er ist unvergleichlich.
1274 3730 1971 3923 Stubenm: |:ab:
