<?xml version="1.0" encoding="UTF-8" standalone="yes"?>
<PcGts xmlns="http://schema.primaresearch.org/PAGE/gts/pagecontent/2013-07-15" xmlns:xsi="http://www.w3.org/2001/XMLSchema-instance" xsi:schemaLocation="http://schema.primaresearch.org/PAGE/gts/pagecontent/2013-07-15 http://schema.primaresearch.org/PAGE/gts/pagecontent/2013-07-15/pagecontent.xsd">
    <Metadata>
        <Creator>prov=READ-COOP:name=TrHtr:version=2.1.0:model_id=51170:date=25_07_2023_03:21</Creator>
        <Created>2023-05-10T13:05:04.880+02:00</Created>
        <LastChange>2023-07-25T03:21:25.417+02:00</LastChange>
        <TranskribusMetadata docId="1428562" pageId="55408424" pageNr="188" tsid="130581828" status="IN_PROGRESS" userId="64420" imgUrl="https://files.transkribus.eu/Get?id=OLPTMWHBGDLOELJQDHEVLOEW&amp;fileType=view" xmlUrl="https://files.transkribus.eu/Get?id=HJQCZCPXPWUXHHXMGOKDKNEB" imageId="44682570"/>
    </Metadata>
    <Page imageFilename="1428562_0188.jpg" imageWidth="3432" imageHeight="4152">
        <ReadingOrder>
            <OrderedGroup id="ro_1711794472142" caption="Regions reading order">
                <RegionRefIndexed index="0" regionRef="tr_1"/>
            </OrderedGroup>
        </ReadingOrder>
        <TextRegion id="tr_1" custom="readingOrder {index:0;}">
            <Coords points="235,460 3011,460 3011,3818 235,3818"/>
            <TextLine id="tr_1_tl_1" custom="readingOrder {index:0;}">
                <Coords points="2589,563 2605,565 2647,540 2670,547 2686,535 2700,545 2730,535 2746,545 2771,540 2771,420 2727,415 2702,438 2672,445 2658,459 2637,441 2589,445"/>
                <Baseline points="2602,513 2647,510 2692,510 2737,510 2778,513"/>
                <TextEquiv>
                    <Unicode>198</Unicode>
                </TextEquiv>
            </TextLine>
            <TextLine id="tr_1_tl_2" custom="readingOrder {index:1;}">
                <Coords points="1140,761 2711,785 2762,773 2764,651 1140,655"/>
                <Baseline points="1152,761 1155,764 1199,761 1244,764 1289,764 1334,764 1379,767 1423,767 1468,764 1513,761 1558,761 1602,764 1647,764 1692,761 1737,758 1781,758 1826,758 1871,755 1916,755 1961,752 2005,752 2050,752 2095,752 2140,752 2184,752 2229,749 2274,749 2319,749 2364,746 2408,746 2453,746 2498,746 2543,743 2587,743 2632,743 2677,743 2722,743 2767,746"/>
                <TextEquiv>
                    <Unicode>Rolle mir gegenüber fortzuspielen.</Unicode>
                </TextEquiv>
            </TextLine>
            <TextLine id="tr_1_tl_3" custom="readingOrder {index:2;}">
                <Coords points="1103,946 2797,958 2901,941 2903,819 1821,868 1694,796 1105,808"/>
                <Baseline points="1116,916 1161,919 1205,922 1250,925 1295,919 1340,919 1384,919 1429,916 1474,916 1519,916 1564,916 1608,913 1653,913 1698,913 1743,910 1787,910 1832,910 1877,910 1922,907 1967,907 2011,907 2056,907 2101,904 2146,904 2190,904 2235,904 2280,904 2325,898 2370,898 2414,898 2459,898 2504,898 2549,898 2593,898 2638,898 2683,898 2728,898 2772,892 2817,892 2862,889 2907,889"/>
                <TextEquiv>
                    <Unicode>S: Eine Rolle -?... Sie meinen, dass</Unicode>
                </TextEquiv>
            </TextLine>
            <TextLine id="tr_1_tl_4" custom="readingOrder {index:3;}">
                <Coords points="1154,1087 2778,1115 2817,953 1615,1022 1156,985"/>
                <Baseline points="1167,1077 1208,1074 1253,1074 1298,1074 1343,1071 1387,1071 1432,1071 1477,1068 1522,1068 1567,1068 1611,1068 1656,1065 1701,1065 1746,1062 1790,1059 1835,1059 1880,1059 1925,1059 1970,1059 2014,1059 2059,1059 2104,1059 2149,1059 2193,1056 2238,1056 2283,1053 2328,1050 2372,1050 2417,1047 2462,1044 2507,1047 2552,1044 2596,1047 2641,1047 2686,1044 2731,1044 2775,1041 2820,1044"/>
                <TextEquiv>
                    <Unicode>ich in einem solchen Falle den Fuss</Unicode>
                </TextEquiv>
            </TextLine>
            <TextLine id="tr_1_tl_5" custom="readingOrder {index:4;}">
                <Coords points="1145,1244 1447,1278 1555,1230 2513,1200 2651,1241 2723,1221 2727,1105 2049,1168 1689,1087 1553,1124 1320,1089 1147,1158"/>
                <Baseline points="1158,1226 1164,1226 1208,1226 1253,1226 1298,1226 1343,1223 1387,1223 1432,1223 1477,1220 1522,1220 1567,1217 1611,1217 1656,1217 1701,1214 1746,1214 1790,1214 1835,1211 1880,1211 1925,1214 1970,1214 2014,1211 2059,1211 2104,1208 2149,1205 2193,1202 2238,1202 2283,1202 2328,1202 2372,1202 2417,1202 2462,1199 2507,1196 2552,1196 2596,1196 2641,1193 2686,1193 2731,1193"/>
                <TextEquiv>
                    <Unicode>über Ihre Schwelle gesetzt hätte?</Unicode>
                </TextEquiv>
            </TextLine>
            <TextLine id="tr_1_tl_6" custom="readingOrder {index:5;}">
                <Coords points="2333,1285 2365,1288 2377,1281 2393,1292 2414,1281 2423,1288 2434,1281 2441,1288 2453,1288 2457,1221 2434,1214 2421,1221 2404,1205 2393,1214 2388,1209 2372,1209 2363,1216 2356,1211 2349,1216 2337,1214"/>
                <Baseline points="2349,1274 2372,1274 2417,1271 2462,1268"/>
                <TextEquiv>
                    <Unicode>a ee</Unicode>
                </TextEquiv>
            </TextLine>
            <TextLine id="tr_1_tl_7" custom="readingOrder {index:6;}">
                <Coords points="1052,1442 2144,1357 2635,1438 2905,1375 2907,1271 2771,1248 2128,1311 1555,1230 1438,1288 1057,1274"/>
                <Baseline points="1065,1382 1074,1379 1119,1379 1164,1382 1208,1382 1253,1379 1298,1376 1343,1379 1387,1379 1432,1376 1477,1376 1522,1373 1567,1370 1611,1370 1656,1367 1701,1367 1746,1367 1790,1367 1835,1367 1880,1364 1925,1364 1970,1364 2014,1361 2059,1358 2104,1358 2149,1355 2193,1352 2238,1352 2283,1355 2328,1355 2372,1352 2417,1355 2462,1352 2507,1349 2552,1346 2596,1343 2641,1340 2686,1340 2731,1337 2775,1334 2820,1337 2865,1337 2910,1337"/>
                <TextEquiv>
                    <Unicode>A: Es wäre vielleicht der — kümste Ver-</Unicode>
                </TextEquiv>
            </TextLine>
            <TextLine id="tr_1_tl_8" custom="readingOrder {index:7;}">
                <Coords points="1149,1564 2252,1514 2601,1611 2734,1537 2912,1571 2917,1387 1864,1472 1627,1394 1151,1426"/>
                <Baseline points="1161,1534 1173,1531 1217,1534 1262,1534 1307,1534 1352,1537 1396,1534 1441,1531 1486,1528 1531,1525 1576,1525 1620,1525 1665,1525 1710,1525 1755,1522 1799,1522 1844,1519 1889,1519 1934,1519 1978,1516 2023,1513 2068,1513 2113,1510 2158,1510 2202,1510 2247,1507 2292,1504 2337,1504 2381,1504 2426,1501 2471,1498 2516,1498 2561,1498 2605,1498 2650,1498 2695,1498 2740,1495 2784,1492 2829,1492 2874,1492 2919,1498"/>
                <TextEquiv>
                    <Unicode>sich, mich das glauben zu machen, was</Unicode>
                </TextEquiv>
            </TextLine>
            <TextLine id="tr_1_tl_9" custom="readingOrder {index:8;}">
                <Coords points="1149,1703 1777,1705 2128,1652 2303,1687 2439,1638 2441,1588 2137,1516 1664,1567 1468,1539 1154,1624"/>
                <Baseline points="1164,1683 1193,1683 1238,1683 1283,1686 1328,1686 1373,1683 1417,1683 1462,1680 1507,1680 1552,1680 1596,1680 1641,1680 1686,1677 1731,1677 1776,1674 1820,1671 1865,1671 1910,1668 1955,1665 1999,1665 2044,1659 2089,1653 2134,1647 2178,1647 2223,1644 2268,1641 2313,1635 2358,1629 2402,1623 2447,1614"/>
                <TextEquiv>
                    <Unicode>Sie wollen.</Unicode>
                </TextEquiv>
            </TextLine>
            <TextLine id="tr_1_tl_10" custom="readingOrder {index:9;}">
                <Coords points="2517,1747 2564,1758 2624,1731 2656,1744 2799,1733 2831,1747 2880,1735 2882,1627 2817,1601 2771,1620 2723,1615 2688,1648 2640,1666 2603,1643 2520,1666"/>
                <Baseline points="2531,1737 2572,1731 2617,1725 2662,1725 2707,1722 2752,1722 2796,1722 2841,1725 2886,1731"/>
                <TextEquiv>
                    <Unicode>glauben</Unicode>
                </TextEquiv>
            </TextLine>
            <TextLine id="tr_1_tl_11" custom="readingOrder {index:10;}">
                <Coords points="1622,1770 1717,1784 1751,1756 1809,1754 1841,1768 1878,1756 1966,1781 1971,1703 1929,1708 1908,1684 1874,1694 1837,1682 1765,1710 1742,1698 1696,1714 1675,1694 1624,1694"/>
                <Baseline points="1635,1755 1656,1755 1701,1755 1746,1749 1790,1749 1835,1746 1880,1743 1925,1740 1972,1739"/>
                <TextEquiv>
                    <Unicode>non un</Unicode>
                </TextEquiv>
            </TextLine>
            <TextLine id="tr_1_tl_12" custom="readingOrder {index:11;}">
                <Coords points="1061,1890 2254,1811 2487,1908 2907,1860 2912,1738 2070,1728 1714,1788 1495,1703 1064,1777"/>
                <Baseline points="1074,1847 1080,1847 1125,1844 1170,1847 1214,1844 1259,1841 1304,1838 1349,1841 1393,1844 1438,1841 1483,1838 1528,1835 1573,1832 1617,1832 1662,1835 1707,1832 1752,1832 1796,1832 1841,1829 1886,1826 1931,1826 1976,1823 2020,1820 2065,1820 2110,1820 2155,1814 2199,1811 2244,1811 2289,1811 2334,1808 2378,1811 2423,1811 2468,1811 2513,1805 2558,1802 2602,1799 2647,1799 2692,1799 2737,1802 2781,1799 2826,1799 2871,1805 2916,1805"/>
                <TextEquiv>
                    <Unicode>S: Nun, über mich mögen Sie ja danken,</Unicode>
                </TextEquiv>
            </TextLine>
            <TextLine id="tr_1_tl_13" custom="readingOrder {index:12;}">
                <Coords points="1154,2017 1945,1980 1998,2019 2494,1959 2707,2001 2838,1980 2841,1881 2001,1929 1611,1848 1158,1894"/>
                <Baseline points="1167,1999 1187,1996 1232,1993 1277,1993 1322,1993 1367,1993 1411,1993 1456,1990 1501,1987 1546,1987 1590,1987 1635,1984 1680,1978 1725,1978 1770,1978 1814,1978 1859,1976 1904,1976 1949,1976 1993,1976 2038,1976 2083,1978 2128,1973 2173,1970 2217,1967 2262,1967 2307,1967 2352,1964 2396,1961 2441,1961 2486,1958 2531,1955 2575,1952 2620,1955 2665,1952 2710,1952 2755,1952 2799,1952 2844,1958"/>
                <TextEquiv>
                    <Unicode>was Ihnen beliebt,- aber wie können</Unicode>
                </TextEquiv>
            </TextLine>
            <TextLine id="tr_1_tl_14" custom="readingOrder {index:13;}">
                <Coords points="399,2116 496,2077 538,2102 598,2070 750,2084 787,2058 877,2098 884,1989 614,1927 408,1968"/>
                <Baseline points="414,2080 438,2080 483,2077 528,2074 573,2071 617,2068 662,2065 707,2062 752,2062 796,2056 841,2053 886,2053"/>
                <TextEquiv>
                    <Unicode>Voti mieres</Unicode>
                </TextEquiv>
            </TextLine>
            <TextLine id="tr_1_tl_15" custom="readingOrder {index:14;}">
                <Coords points="1170,2174 1449,2194 2199,2130 2340,2197 2494,2201 2501,1968 2351,2065 2160,2044 1689,2107 1456,2033 1172,2084"/>
                <Baseline points="1182,2164 1202,2164 1247,2158 1292,2158 1337,2155 1382,2152 1426,2149 1471,2149 1516,2149 1561,2146 1605,2146 1650,2146 1695,2146 1740,2140 1784,2140 1829,2137 1874,2134 1919,2134 1964,2134 2008,2131 2053,2131 2098,2131 2143,2128 2187,2128 2232,2122 2277,2122 2322,2119 2367,2119 2411,2116 2456,2113 2501,2119"/>
                <TextEquiv>
                    <Unicode>sie denken, dass Cäcilie -½</Unicode>
                </TextEquiv>
            </TextLine>
            <TextLine id="tr_1_tl_16" custom="readingOrder {index:15;}">
                <Coords points="245,2250 277,2268 418,2192 487,2213 600,2204 738,2241 840,2178 900,2185 907,2095 791,2065 713,2109 644,2088 572,2137 485,2146 438,2109 404,2121 258,2054"/>
                <Baseline points="262,2202 280,2202 325,2193 370,2187 414,2187 459,2184 504,2184 549,2181 593,2181 638,2175 683,2175 728,2173 773,2164 817,2158 862,2152 907,2146"/>
                <TextEquiv>
                    <Unicode>geo t uul de Thos</Unicode>
                </TextEquiv>
            </TextLine>
            <TextLine id="tr_1_tl_17" custom="readingOrder {index:16;}">
                <Coords points="219,2349 501,2310 568,2335 635,2296 731,2333 891,2296 995,2331 1022,2174 941,2201 840,2178 729,2243 655,2215 623,2243 551,2220 515,2252 445,2248 372,2215 277,2268 226,2250"/>
                <Baseline points="235,2310 262,2310 307,2310 352,2304 396,2304 441,2301 486,2298 531,2295 576,2295 620,2289 665,2289 710,2283 755,2283 799,2280 844,2277 889,2268 934,2262 979,2256 1023,2250"/>
                <TextEquiv>
                    <Unicode>nachlauß ergebener</Unicode>
                </TextEquiv>
            </TextLine>
            <TextLine id="tr_1_tl_18" custom="readingOrder {index:17;}">
                <Coords points="1133,2337 1878,2298 2061,2381 2571,2351 2937,2303 2942,2128 2056,2238 1509,2162 1135,2259"/>
                <Baseline points="1146,2310 1152,2310 1196,2313 1241,2313 1286,2310 1331,2307 1376,2304 1420,2304 1465,2301 1510,2301 1555,2301 1599,2301 1644,2298 1689,2298 1734,2298 1779,2298 1823,2295 1868,2295 1913,2289 1958,2289 2002,2289 2047,2289 2092,2286 2137,2280 2181,2277 2226,2277 2271,2274 2316,2274 2361,2274 2405,2271 2450,2268 2495,2268 2540,2265 2584,2262 2629,2259 2674,2259 2719,2256 2764,2256 2808,2256 2853,2256 2898,2259 2943,2262"/>
                <TextEquiv>
                    <Unicode>A: Waren Sie gegen jedermann so aufge-</Unicode>
                </TextEquiv>
            </TextLine>
            <TextLine id="tr_1_tl_19" custom="readingOrder {index:18;}">
                <Coords points="383,2504 420,2506 482,2446 554,2448 588,2427 641,2434 671,2418 715,2446 720,2310 667,2317 628,2344 591,2328 535,2337 501,2310 436,2354 388,2351"/>
                <Baseline points="399,2414 405,2414 450,2411 495,2408 540,2408 585,2405 629,2405 674,2405 721,2400"/>
                <TextEquiv>
                    <Unicode>allin it</Unicode>
                </TextEquiv>
            </TextLine>
            <TextLine id="tr_1_tl_20" custom="readingOrder {index:19;}">
                <Coords points="1177,2467 2543,2414 2732,2476 2931,2432 2935,2331 2130,2386 1876,2298 1742,2344 1384,2310 1179,2374"/>
                <Baseline points="1190,2462 1235,2462 1280,2459 1325,2456 1370,2456 1414,2456 1459,2456 1504,2456 1549,2453 1593,2450 1638,2447 1683,2444 1728,2444 1773,2441 1817,2441 1862,2438 1907,2438 1952,2435 1996,2435 2041,2435 2086,2432 2131,2432 2175,2429 2220,2429 2265,2423 2310,2420 2355,2417 2399,2417 2444,2414 2489,2414 2534,2411 2578,2411 2623,2411 2668,2408 2713,2405 2758,2402 2802,2402 2847,2402 2892,2402 2937,2405"/>
                <TextEquiv>
                    <Unicode>bracht, dem die Tugend der Frau Cäci-</Unicode>
                </TextEquiv>
            </TextLine>
            <TextLine id="tr_1_tl_21" custom="readingOrder {index:20;}">
                <Coords points="1175,2644 2181,2584 2287,2663 2889,2637 2910,2487 2238,2524 2051,2448 1661,2451 1177,2543"/>
                <Baseline points="1187,2608 1211,2608 1256,2608 1301,2605 1346,2605 1390,2605 1435,2599 1480,2599 1525,2599 1570,2596 1614,2596 1659,2593 1704,2590 1749,2590 1793,2590 1838,2590 1883,2587 1928,2584 1973,2584 2017,2584 2062,2581 2107,2581 2152,2578 2196,2575 2241,2575 2286,2572 2331,2572 2375,2570 2420,2567 2465,2567 2510,2564 2555,2564 2599,2564 2644,2564 2689,2561 2734,2555 2778,2555 2823,2555 2868,2555 2913,2558"/>
                <TextEquiv>
                    <Unicode>lie Adams-Ortenburg nicht über jeden</Unicode>
                </TextEquiv>
            </TextLine>
            <TextLine id="tr_1_tl_22" custom="readingOrder {index:21;}">
                <Coords points="1181,2792 1329,2767 1606,2804 1862,2744 2287,2774 2291,2658 2146,2681 1991,2596 1738,2656 1325,2647 1184,2697"/>
                <Baseline points="1193,2755 1220,2755 1265,2755 1310,2755 1355,2755 1399,2752 1444,2752 1489,2749 1534,2749 1579,2746 1623,2743 1668,2740 1713,2740 1758,2740 1802,2737 1847,2737 1892,2734 1937,2734 1981,2731 2026,2731 2071,2731 2116,2728 2161,2725 2205,2725 2250,2719 2295,2719"/>
                <TextEquiv>
                    <Unicode>Zweifel erhaben schien?</Unicode>
                </TextEquiv>
            </TextLine>
            <TextLine id="tr_1_tl_23" custom="readingOrder {index:22;}">
                <Coords points="1142,2931 2111,2889 2241,2977 2931,2954 2937,2781 2234,2841 1862,2744 1147,2820"/>
                <Baseline points="1155,2907 1193,2910 1238,2913 1283,2913 1328,2913 1373,2907 1417,2907 1462,2907 1507,2904 1552,2901 1596,2898 1641,2898 1686,2898 1731,2895 1776,2892 1820,2892 1865,2889 1910,2886 1955,2883 1999,2883 2044,2880 2089,2877 2134,2877 2178,2877 2223,2880 2268,2874 2313,2874 2358,2871 2402,2871 2447,2871 2492,2868 2537,2862 2581,2862 2626,2856 2671,2856 2716,2856 2761,2853 2805,2853 2850,2850 2895,2847 2940,2853"/>
                <TextEquiv>
                    <Unicode>S: Sie sind der Erste, der es mir in</Unicode>
                </TextEquiv>
            </TextLine>
            <TextLine id="tr_1_tl_24" custom="readingOrder {index:23;}">
                <Coords points="1193,3078 1668,3099 2564,3011 2697,3101 2914,3122 2937,2951 2222,2981 2093,2891 1352,2986 1198,2954"/>
                <Baseline points="1205,3059 1238,3059 1283,3062 1328,3062 1373,3062 1417,3062 1462,3059 1507,3056 1552,3053 1596,3053 1641,3050 1686,3047 1731,3047 1776,3044 1820,3044 1865,3041 1910,3038 1955,3038 1999,3038 2044,3038 2089,3038 2134,3035 2178,3035 2223,3032 2268,3029 2313,3026 2358,3023 2402,3020 2447,3017 2492,3014 2537,3014 2581,3011 2626,3011 2671,3008 2716,3005 2761,3005 2805,3002 2850,3002 2895,3011 2940,3008"/>
                <TextEquiv>
                    <Unicode>Gesicht hinein wagt,- und der Letzte,</Unicode>
                </TextEquiv>
            </TextLine>
            <TextLine id="tr_1_tl_25" custom="readingOrder {index:24;}">
                <Coords points="1202,3237 2568,3189 2672,3175 2674,3085 2061,3138 1740,3064 1205,3143"/>
                <Baseline points="1214,3217 1244,3217 1289,3217 1334,3217 1379,3217 1423,3217 1468,3214 1513,3211 1558,3211 1602,3208 1647,3205 1692,3205 1737,3202 1781,3199 1826,3196 1871,3193 1916,3190 1961,3190 2005,3190 2050,3187 2095,3184 2140,3187 2184,3184 2229,3181 2274,3178 2319,3175 2364,3175 2408,3172 2453,3169 2498,3166 2543,3166 2587,3163 2632,3163 2677,3163"/>
                <TextEquiv>
                    <Unicode>der es ungestraft wagen durfte.</Unicode>
                </TextEquiv>
            </TextLine>
            <TextLine id="tr_1_tl_26" custom="readingOrder {index:25;}">
                <Coords points="1119,3394 1449,3422 1588,3367 2587,3318 2716,3385 2898,3376 2926,3228 2206,3290 1980,3210 1124,3302"/>
                <Baseline points="1131,3381 1137,3378 1182,3375 1226,3378 1271,3375 1316,3375 1361,3372 1405,3372 1450,3372 1495,3369 1540,3366 1584,3366 1629,3363 1674,3361 1719,3358 1764,3355 1808,3352 1853,3352 1898,3349 1943,3349 1987,3349 2032,3346 2077,3346 2122,3340 2167,3337 2211,3334 2256,3334 2301,3331 2346,3328 2390,3328 2435,3325 2480,3325 2525,3325 2570,3319 2614,3319 2659,3313 2704,3310 2749,3307 2793,3307 2838,3301 2883,3301 2928,3301"/>
                <TextEquiv>
                    <Unicode>A: Und glauben Sie, dass Sie es damit</Unicode>
                </TextEquiv>
            </TextLine>
            <TextLine id="tr_1_tl_27" custom="readingOrder {index:26;}">
                <Coords points="1225,3549 1705,3512 1809,3554 2294,3484 2834,3519 2882,3383 2044,3452 1888,3376 1594,3385 1230,3443"/>
                <Baseline points="1238,3528 1271,3528 1316,3525 1361,3525 1405,3525 1450,3522 1495,3522 1540,3519 1584,3519 1629,3516 1674,3516 1719,3510 1764,3510 1808,3507 1853,3504 1898,3507 1943,3504 1987,3504 2032,3501 2077,3498 2122,3498 2167,3495 2211,3492 2256,3486 2301,3483 2346,3480 2390,3480 2435,3480 2480,3477 2525,3474 2570,3474 2614,3471 2659,3471 2704,3468 2749,3465 2793,3465 2838,3465 2883,3462"/>
                <TextEquiv>
                    <Unicode>erreichen würden, den Ruf Cäciliens</Unicode>
                </TextEquiv>
            </TextLine>
            <TextLine id="tr_1_tl_28" custom="readingOrder {index:27;}">
                <Coords points="1225,3734 2171,3646 2522,3704 2781,3680 2871,3655 2875,3512 2522,3560 2303,3487 1230,3588"/>
                <Baseline points="1238,3686 1265,3683 1310,3683 1355,3683 1399,3680 1444,3677 1489,3674 1534,3674 1579,3671 1623,3668 1668,3665 1713,3665 1758,3662 1802,3659 1847,3656 1892,3656 1937,3653 1981,3653 2026,3650 2071,3650 2116,3650 2161,3647 2205,3647 2250,3644 2295,3638 2340,3635 2384,3635 2429,3632 2474,3629 2519,3629 2564,3626 2608,3626 2653,3629 2698,3629 2743,3626 2787,3626 2832,3623 2877,3635"/>
                <TextEquiv>
                    <Unicode>wieder herzustellen? Meinen Sie, es</Unicode>
                </TextEquiv>
            </TextLine>
            <TextLine id="tr_1_tl_29" custom="readingOrder {index:28;}">
                <Coords points="1235,3872 2649,3759 2988,3800 3007,3678 2464,3706 2169,3646 1241,3724"/>
                <Baseline points="1250,3808 1265,3808 1310,3808 1355,3808 1399,3805 1444,3805 1489,3802 1534,3802 1579,3799 1623,3793 1668,3793 1713,3793 1758,3790 1802,3787 1847,3784 1892,3784 1937,3781 1981,3778 2026,3778 2071,3775 2116,3775 2161,3775 2205,3772 2250,3772 2295,3769 2340,3766 2384,3766 2429,3760 2474,3760 2519,3755 2564,3752 2608,3752 2653,3752 2698,3752 2743,3752 2787,3749 2832,3749 2877,3746 2922,3740 2966,3737 3011,3740"/>
                <TextEquiv>
                    <Unicode>wurde dem Gerede ein Ende machen, wenn</Unicode>
                </TextEquiv>
            </TextLine>
        </TextRegion>
    </Page>
</PcGts>
