3432 4248
2622 377 2757 510 82
964 631 2727 808 Schade, dass Sie das Tal nicht einmal
1106 838 1805 973 gesehen haben.
927 959 2748 1167 A: Mich hat es eben sehr in den Süden
1129 1167 1539 1297 gelockt.
985 1246 2860 1465 M: Man kann es freilich auch Süden nen-
1141 1495 1362 1607 nen.
1213 1584 2767 1737 :lächelnd: O, ich war auch sehr
1008 1637 1125 1754 A:
1178 1700 2897 1921 viel allein, Ganz allein. Und fleis-
1171 1826 2918 2063 sig war ich geradeso wie Cäcilie; nur
1341 2028 1868 2152 fehlt um
1206 2059 2841 2250 habe ich nicht die Gabe, mir meine
1176 2229 2781 2401 Zeit so regelmässig einzuteilen...
1141 2324 2916 2536 neun bis zehn... elf bis zwölf... Fra-
1192 2501 2962 2708 gen Sie nur Albertus. Auf dem Fedaja-
1160 2662 2878 2878 Pass, während er vor Müdigkeit ganz
1213 2839 2841 3002 hin war, habe ich mein Scherzo aus
1195 2930 2897 3167 der dritten instrumentiert. Wir sind
2515 3069 2727 3176 wir
1244 3146 3023 3342 jetzt beide in einer sehr schönen Epo-
1251 3316 2930 3523 che, Cäcilie und ich - ruhig, glück-
1253 3468 2918 3691 lich, gefestigt sozusagen. Das muss
1262 3603 2862 3891 Ihnen doch schon aufgefallen sein.
