3448 4216
1308 715 2995 912 lich. Unser Verhältnis ist etwas un-
1313 926 3023 1108 gemein Schöneres, Reineres geworden,
1319 1051 3003 1251 als es je var! Wir finden uns in je
1310 1192 3039 1398 dem Wort, das wir mit einander spre-
1319 1361 3032 1561 chen, in jedem Blick! Wir verstehen
1363 1511 2973 1713 einander wahrscheinlich besser als
1341 1664 3039 1922 je. Das müssen Sie doch sehen, wenn
1346 1821 3116 2040 Sie mit uns zusammen sind - und auch,
1328 1968 3047 2205 wenn Sie jeden von uns alld n sehen.
1407 2117 3074 2346 Macht unsere Ehe einen zerrütteten
1383 2280 3124 2493 Eindruck? Muss ich Ihnen wirklich er-
1350 2467 3030 2691 klären, wie unendlich reich und wie
1420 2619 3173 2823 ehrlich dabei unsere Beziehungen sind
1431 2751 3069 3012 Ich denke eigentlich, Sie müssten
2249 2962 2403 3094 a1er
1471 2951 2113 3160 uns beneiden.
1449 3069 3160 3314 Vielleicht tu' ich's - aber ich kann
1242 3210 1368 3331 M:
1436 3230 3105 3465 mir eben noch was Schöneres denken.
1414 3386 3184 3624 Alles gemeinsam haben und sich in den
591 3390 1216 3593 um alt ein
1484 3540 3237 3810 Stunden der Leidenschaft auch auf die
565 3562 1014 3707 &its.
1533 3705 3217 3942 der Freundschaft, und in den Kamerad###
609 3681 996 3837 Fremlh
763 3791 917 3938 I am
1029 3753 1176 3947 the
