3368 4104
1021 585 2950 769 dig daran, dass es solche Leute giebt! du
1069 695 2808 927 weisst dass ich deinen Wunsche gemäss
1078 851 2974 1090 niemandem gegenüber, der ich irgend eine
1136 1018 2871 1256 Bemerkung erlaubt, verhehle, wie sich
1105 1172 2940 1395 die Sache in Wirklichkeit verhält. Aber
925 1383 1275 1502 A: Aber
1064 1347 2861 1555 es scheint, dass es Wenige verstehen.
1191 1488 3036 1704 Wozu brauchst du ihr Verständnis? Neue-
225 1536 424 1689 faire de
927 1632 1143 1816 Alb:
213 1692 335 1821 G.C.F.P
1121 1649 2864 1879 rer wie du müssen damit anfangen, das
1172 1831 2995 2015 Urteil der Welt zu verachten, sonst en-
1150 1939 3010 2185 den sie damit, Grosssprecher gewesen zu
1155 2248 1411 2363 sein.
266 2245 374 2406 P.S.
1203 2252 3017 2499 Ich bin kein Neuerer und will nicht da-
1014 2423 1138 2554 A:
1224 2399 2981 2665 für gelten; das ganze ist eine Privat-
1172 2590 3022 2830 Abmachung zwischen mir und Cäsilie, und
1205 2746 3089 2979 es widert mich an, dass unsere schöne Be-
1198 2890 2938 3132 ziehung auf solche Art besudelt wird,
1248 3014 2998 3288 und dass man von Menschen wie mir und
1222 3197 2923 3448 Cäcilie an Ende auch in unserer Nähe.
1244 3362 3058 3628 glauben könnte, wir lügen uns gelegent-
1253 3513 2991 3781 lich auch irgend etwas wie Liebe vor.
