3400 4184
2615 360 2740 499 35
1234 524 2863 774 einem schönen Haus, mit weiter Aus-
1232 711 2801 906 sicht und mit einem wunderschönen
1244 859 2886 1082 Garten, in dem wir stundenlang spa-
1237 998 2956 1225 zieren gehen, und es käme doch einen
1253 1152 2870 1378 einmal die Lust an, im Wald drüben
1253 1314 3038 1562 Erdbeeren zu pflücken.... müsste dess-
1259 1494 2756 1708 wegen der Andere gleich "Verrat,
2282 1594 3031 1706 amille in "Hann
1228 1681 3054 1831 Schmach und Untreue!“ schreien, Schloss
1273 1770 2872 2006 und Garten verkaufen und erklären:
1310 1940 3027 2168 "Jetzt können wir auch nicht mehr mit
1296 2070 2997 2325 einander zum Fenster hinausschauen“?
1344 2259 3116 2476 Ein Vergleich?... Du bist deiner Sache
1059 2364 1255 2485 Alb:
1291 2439 1911 2637 nicht sicher.
1394 2555 3127 2779 Ich weiss ja, was für Worte dir jetzt
1077 2653 1312 2801 Amad:
1312 2717 3011 2954 durch den Kopf schwirren; sehr häss-
1321 2870 3116 3109 liche Worte, diesich einen Sinn anmaas
1323 3045 2954 3218 sen, der ihnen gar nicht zukommt...
1335 3184 3015 3396 Betrug - Untreue.. Du vergisst nur,
1323 3314 3161 3573 mein Lieber, dass von einem Betrug kein
1341 3510 3148 3696 Rede sein kann, wenn keine Lüge vorfiel
