3352 4120
2442 345 2614 493 194
1046 558 2908 736 A: (Nun ja:) Sie haben sich nicht den ge-
1146 762 2757 884 ringsten Zwang angetan, soviel mir
1160 898 2815 1044 bekannt ist; Sie haben nicht einmal
1162 1060 2850 1211 Bedenken getragen, Cäcilie nach Ber-
1171 1206 2912 1340 lin nachzureisen, haben sich in allen
1171 1347 2854 1495 möglichen Gesellschaften mit ihr zu-
1169 1516 2746 1660 sammen gezeigt, haben Sie auf der
1174 1565 2935 1829 Rückreise nach Wien begleitet mit
1188 1801 2489 1972 ihr im Speisewagen scupiert.
1831 1831 2759 2005 Man Zugleichs ut
1139 1958 2922 2116 S: Ich habe wirklich nicht viel Appe-
1201 2109 1729 2285 tit gehabt.
1109 2195 2859 2421 A: Nun, jedenfalls glaube ich nicht,
1218 2415 3019 2588 dass es schon je einen jungen Mann gab
1331 2537 1616 2655 in de sa
1222 2507 2959 2732 der sich die Existenz - ich mache Ih-
1229 2672 2935 2884 nen ja keinen Vorwurf daraus — so be
1241 2868 2817 3033 quem einzurichten in der Lage war
1158 2917 2949 3209 S: (Das ist es ja eben!) Ich bin ja nur
1264 3155 3044 3329 ein Mensch.//. Was glauben Sie, wie ich
317 3097 1000 3322 I am here
333 3250 1100 3431 Nicht auf diese Mitte
1262 3338 2931 3528 mit mir gekämpft habe, ehe ich nach
313 3375 986 3549 keit die Verkehrung
1264 3484 2986 3644 Nerlin gereist bin? Und wie peinlich
306 3496 926 3676 alli verzichte
419 3635 671 3773 Ahs
