3496 4216
2422 432 2617 592 142
1226 660 2899 851 liebt man sich doch eigentlich nur,
1250 796 2923 1026 wenn man meilenweit weg von einander
1285 963 2906 1161 ist. - Nein, lache nicht, ich rede
1300 1092 2841 1319 ganz im Ernst! Wie habe ich dich
1269 1259 2851 1469 damals angebetet! wie hab' ich in
1287 1404 2906 1643 dir gelebt + wie hab' ich an dich ge-
1285 1571 3031 1782 glaubt in allen Zweifeln und Sorgen!
1295 1725 2982 1907 Die Sehnsucht ist doch sozusagen die
1343 1847 2945 2068 reinste Atmosphäre, in der man at-
1309 2014 2923 2252 men kann. Und was war das für eine
1367 2137 2856 2391 unsägliche Freude, als ich dann
1341 2300 2875 2526 hierherkam, du zum ersten Mal öf-
1337 2430 2925 2673 fentlich meine Lieder sangst, ich
1352 2595 2925 2856 dich begleitete, als wir zusammen
1395 2767 3027 2982 in dieses Haus zogen und wirklich
1367 2930 2825 3125 zusammen waren! Weisst du noeh?
1408 3133 2372 3303 Natürlich weiss ich.
1230 3188 1352 3327 C:
1246 3188 2949 3448 A: Damals schien wirklich alles für
1408 3372 3053 3602 die Ewigkeit gegründet, nicht wahr?
1441 3528 2995 3771 Damals waren wir beruhigt - voll-
1463 3635 3049 3867 kommen; wie man es vielleicht nie-
