3432 4232
1192 732 1918 924 eigentlich?
1230 837 2813 1078 Ja, hab' ich's noch nicht... oder
1045 906 1170 1058 M:
1188 982 2902 1228 haben Sie's noch nicht herausgehört?
1212 1192 2775 1409 - Ich werde mich von ihm trennen,
1257 1302 3005 1574 Ja - und die Kinder - und Albertus - 7
1072 1389 1212 1601 A:
1230 1453 2947 1712 Ueber die Kinder wollt' ich eben mit
1040 1561 1154 1750 M:
1275 1614 3014 1878 Cäcilie reden. Und was Albertus anbe¬
317 1621 1011 1898 Anfangs nicht sie,
1241 1804 3014 2052 langt, so interessiert ihn die ganze
330 1878 712 2018 in casuis
1214 1927 3014 2201 Sache doch wol nur insofern, als seine
1261 2105 2945 2340 Bequemlichkeit in Frage kommt. Aber
1281 2262 2934 2507 dafür wird schon gesorgt werden.
1326 2413 2965 2659 Maria - - Nein, entsehuldigen Sie,
1150 2534 1266 2639 A:
1306 2574 3016 2815 Sie sind ein Kind! Sie sollten Alber
1326 2726 3000 2980 tus doch besser kennen, ihm manches
1366 2884 3036 3170 nicht übel nehmen. Er ist doch im
1340 3050 3065 3284 Grunde ein sehr guter Mensch und, so
1351 3186 3117 3449 weit er imstande ist, an einen menschen
1355 3324 3132 3599 lichen Wesen überhaupt zu hängen... so
1494 3539 2550 3755 l bedeuten Sie für ihn.
1585 3643 2967 3900 viel - und so venig. Ein Mann
1413 3751 1549 3965 so
1268 3744 1371 3936 M:
