3384 4120
2649 349 2730 522 1
936 645 1628 828 A: Lies doch!
941 735 2847 963 Alb: l:liest: "Sehr geehrter Herrl Es
1079 918 2875 1124 steht fest! Sie sind mit Blindheit ge-
1056 1079 2930 1242 schlagen. Anders ist es nicht zu erklä-
1089 1209 3018 1425 ren, dass Sie der Einzige sind, dem es in
1096 1390 2920 1560 bekannt geblieben ist, dass Ihre Ihnen
1106 1533 3005 1736 rechtmässig angetraute Gattin Cäcilie...
971 1734 1979 1904 A: Name ist bekannt.
986 1826 3005 2060 Alb: "... zu einem jungen Kavalier aus ei-
1129 1987 3010 2223 nem der ältesten österreichischen Adels-
1129 2132 2888 2378 geschlechter seit einiger Zeit in den
1131 2323 2837 2541 zärtlichsten Beziehungen steht, dass
1154 2433 2995 2677 selbiger Kavalier sich auch während des
1154 2629 3010 2852 Cadspiels Ihrer Gemalin in Berlin aufge-
1141 2782 3005 3038 halten hat und ihr dortselbst gleichwie
1157 2928 3068 3194 ein Schatten gefolgt ist. Fragen Sie Ihre
1157 3086 2995 3307 Gattin, wenn selbige nach Hause zurück-
1172 3236 3093 3472 kehrt - sie wird es nicht leugnen können.
1139 3424 2762 3668 Einer, der es Ihnen wohl meint und
1189 3577 3066 3803 eheliches Unglück nicht länger mitansehe.
