3352 4200
2788 456 2928 586 38
1167 670 2969 874 mon zu wirken dachtest, bist du nichts
1217 840 2885 1051 gewesen als ein Spassmacher. Es ist
1230 1003 2894 1194 eine unsichere Geschichte, sich mit
1217 1153 2937 1323 Menschen einzulassen; denn dann muss
1226 1276 3053 1471 man auf alles gefasst sein. Einfach auf
1244 1462 2849 1641 die unbeträchtliche Tatsache ihres
1239 1591 2912 1796 Daseins gestützt, erlauben sie sich
1251 1766 2994 1923 allerlei Dinge, gegen die man wehrlos
1242 1907 3005 2152 ist... sie reden, sie lachen,  sie ver-
1805 2038 2143 2175 trey quin
1255 2032 2965 2254 folgen, sie töten, und so ist man in
1255 2206 2994 2381 gewissem Sinn der Sklave jedes Leben-
1280 2368 3017 2542 digen, dem man den Eintritt in seinen
1269 2513 2849 2701 Kreis erlaubt hat... Nein, es ist
1267 2672 2601 2885 nicht gut, sich einzulassen!
1348 2865 3078 3028 Was willst du mir damit sagen? Ist es
1044 2840 1278 3026 Amad
1283 2953 3103 3151 klüger oder auch nur anständiger, einer
1273 3151 3037 3373 Lockung nicht zu folgen, eine Wallung
1285 3303 3024 3473 niederzukämpfen?... Ich glaube nicht!
1287 3394 3114 3648 Ich meine - und Cäcilie meint es auch -
