3272 4024
2492 414 2674 563 154
1256 630 2783 810 wir in diesem Augenblick nur als
1263 810 2118 961 Freunde empfinden.
1121 975 2499 1130 C: Amadeus - ich bitte dich!
1119 1094 2929 1281 A: Cäcilia + - Wir, die sich entschlos-
1319 1247 2933 1394 sen haben, das Leben leicht zu neh-
1267 1400 2873 1583 men und beida frei sind, und beide
2528 1502 2821 1607 gerade
1274 1547 2909 1727 niemandem gehören... sollen wir vor
1285 1702 2796 1880 dem höchsten Glück, das sich uns
1249 1860 2841 2051 bietet, erschrocken zurückweichen?
504 1907 939 2094 C. Amsch
1344 2017 2963 2172 Ich bin einmal dein Gatte gewesen,
955 2010 1083 2157 ...
340 2053 943 2229 moin Fremer!
1294 2139 2807 2328 Cäcilie; es war eine wundervolle
1285 2308 2954 2463 Zeit... Aber einmal lass' mich dein
2130 2413 2285 2512 der
1299 2449 2942 2638 Geliebter sein, - den, der dich ei-
1346 2609 2868 2792 nem Andern nimt, - der, für den
1310 2776 2868 2924 du Einen verrätst, - der, der dir
1315 2924 2945 3082 Seligkeit und Sünde zugleich bedeu-
1373 3073 2978 3233 tet! Von allen Abenteuern, die uns
1371 3233 2978 3420 Beiden auf unserm Wege blühen, das
1328 3388 1763 3539 schönste!
1193 3494 2983 3694 C: Das schönste -? Das gefährlichste
