3368 4184
2593 388 2773 551 172
1218 624 2913 821 : gerade Mittwoch den 26.Oktober ist
1177 790 2944 1054 ereifersüchtig geworden -? Am 25. vær
1180 958 2956 1134 er es noch nicht - und gerade am 26.-?
1177 1117 1680 1288 Sonderbar!
1040 1259 2949 1420 A: Es hat sich eben mancherlei geändert
1204 1447 2256 1599 von gestern auf heute.
1057 1577 2535 1774 Alb: Von gestern auf heute -?
1247 1731 2930 1902 :nach einer Pause, ihn beim Arm neh-
1064 1791 1194 1916 A:
1201 1839 2850 2056 mend; innerlich hefte aber ruhig.
1213 2015 2911 2179 Also auch du hast es nicht geglaubt!
1076 2145 3009 2338 Alb: Warum entrüstest du dich darüber so
1230 2297 3038 2475 sehr? Du hast keine Ursache. Du siehst,
1237 2468 2887 2646 Alle, die ###etwas-vermuteten, dass
1252 2564 2947 2785 ihr doch nicht nur als Freunde unter
1249 2747 2911 2968 einem Dach lebt, haben schliesslich
1257 2899 2906 3115 Recht bekommen. Und wenn wir länger
1274 3062 2993 3291 lebten, behielte vielleicht jede Lüge
1262 3226 2961 3428 Recht, die über uns umläuft. Das Ge-
1274 3392 3041 3580 rücht weiss nie, was wir tun, aber im¬
1274 3556 3031 3816 mer, wohin wir treiben, auch wenn wir
