3416 4184
2444 319 2637 513 218
1295 532 2824 802 nicht anders, als hätte sich mir
1347 717 2505 934 der Himmel neu aufgetan.
1164 849 2898 1101 C: Du vergisst xxxal, dass er mir bei
1371 962 2950 1247 gleicher Auffassung der Dinge für
1343 1121 2944 1375 immer verschlossen bleiben müsste.
1393 1290 2978 1549 Sage das nicht, Cäcilie! Du ahnst
1206 1397 1338 1556 A:
1373 1425 2985 1697 ja selbstm wie wenig -(wie nichts)
1373 1610 3031 1862 das für mich bedeutet, was nun vor-
1384 1842 1810 2005 über ist.
1625 1929 2025 2040 musstest
1430 1914 3018 2168 Das hättest du auch von mir glau-
1254 2016 1371 2238 C:
1412 2053 3163 2294 ben. können. Und doch schienst
1414 2199 3107 2440 du nicht so leicht darüber wegzukom-
1434 2364 3131 2629 men. Warum bist du so überzeugt, dass
1490 2570 2179 2763 ich es könnte?
1493 2618 3122 2889 Davon hast du mir den deutlichsten
1336 2772 1432 2948 A:
1473 2822 3139 3046 Beweis gegeben. Du hast gewusst, was
1484 2935 3159 3198 sich ereignet hat und hast dich dem
1493 3131 3185 3370 Treulosen wieder geschenkt,- du, die
1549 3289 2915 3504 mir die Treue bewahrt hatte!
1373 3374 3055 3674 C: Treue?... Ich selber nenne mich
1523 3532 3105 3837 nicht mehr se. - Findest du, dass
