3464 4200
2751 539 2896 711 15
1202 735 3007 1068 bei dem. Zum Glück ist er für ihn uner
1213 988 1667 1149 reichbar.
1266 1075 2933 1305 Und in diesem verlogenen Verhältnis
941 1181 1194 1371 Amad:
1239 1239 2801 1517 fühlen Sie sich wohl, Friederike?
1009 1393 2941 1657 Fried: Ich bin nun einmal so, ich könnte
732 1512 2862 1858 vielleicht gar nicht anders leben.
988 1712 2748 1955 Amad: Wie kann man das nur ertragen?
602 1810 809 1945 nifen
996 1826 2938 2106 Fried: Und Sie wollen mir ei nreden, dass
1282 2014 2954 2246 Sie Cäcilie wirklich alles sagen...
988 2204 2722 2458 ad: Ja. Und es wird immer so sein.
1033 2243 3081 2595 Fried: Sie glauben, dass das überhaupt mög-
1329 2576 1784 2751 lich ist?
1052 2611 3126 2941 Amad: Es ist zwischen uns überhaupt nur das
1303 2748 3068 3118 nur das) möglich - ich habe es Ihnen j
1681 2957 2048 3110 erklärt
1369 3063 2014 3258 schon gesagt.
1110 3057 3116 3417 Fried:  nimmt seine Hände und küsst sie:
1393 3205 3113 3509 Heute werden Sie das erste Mal lügen.
1139 3470 2280 3747 Amad: Nein, Friederike!
1179 3541 2896 3890 Fried: Nein?... Dann werden Sie ihr
