3288 4056
2278 473 2417 625 69
1163 642 3029 853 ja besuchen - mich und Peterl mein' ich.
1123 820 2984 972 Ich will an irgend einen stillen Ort ge-
1128 959 3059 1150 hen, nach Tirol denk' ich; und vielleicht
1138 1125 2888 1319 entschliesst sich Maria wirklich, mit
1130 1294 1817 1455 mir zu kommen.
1182 1425 3017 1609 Vielleicht änderst du noch deine Pläne.
1001 1460 1103 1596 A:
1046 1584 3036 1738 C: Möglich. Aber vorläufig sehne ich mich
1138 1723 2848 1916 wirklich nach Ruhe, nach Einsamkeit.
1138 1862 3046 2100 Wenn ich nicht bleibe, wirst du es natür-
1140 2060 1822 2241 lich erfahren.
1182 2196 3017 2385 Du wirst mir regelmässig schreiben, Cä-
1011 2233 1113 2367 A:
1155 2342 3064 2484 cilie. Du wirst immer wissen, wo ich bin.
1150 2516 3022 2652 Und ich schreibe dir auch, ganz wie frü-
1145 2680 2972 2823 her. Wir werden uns über alles ausspre-
1158 2813 2970 2960 chen, wie früher... ja gewissermaassen
1158 2947 2937 3141 über mehr - über alles mit einem Wort.
1163 3118 2999 3294 Das ist ja die natürliche Voraussetzung
1155 3255 2977 3463 unserer weiteren Beziehungen: Wahrheit
1167 3406 3004 3619 wie bisher; mit unseren Freuden und mit
1158 3587 3059 3753 unseren Schmerzen werden wir zu einander
