3400 4152
2653 418 2830 542 196
1212 560 2972 801 dass ich mit ihr vor den Altar treten
1219 767 2926 943 will, muss ohne Makel sein, vor Gott
1219 964 2040 1152 und den Menschen!
2164 987 2265 1092 G.C.H.F.P.
1127 1079 2970 1297 A: Vor Gott und den Menschen.... :Hin
1223 1221 2972 1455 u.Her; vor ihm stehen bleibend:
1223 1379 2926 1606 hätten Sie sich dann wol früher über
1232 1581 1877 1746 legen müssen!
1313 1648 2752 1877 Ich verstehe Sie. - Allerdings
1125 1714 1246 1898 S:
1228 1845 2834 2049 klingt Ihr Ton in Anbetracht Ihrer
1237 1967 2935 2224 eben betonten Gleichgiltigkeit gegen
1239 2160 2965 2343 das Gerede der Leute ziemlich erregt,
1232 2306 3002 2488 Aber erlauben Sie mir, Ihnen zu versi-
1246 2456 3000 2625 chern, dass mich das eher sympathisch
1237 2598 2942 2839 berührt. Natiirlich sind auch mir die
1244 2726 2922 2981 Gerüchte nicht fremd gebliebe, die
1244 2899 2942 3117 in der letzten Zeit ganz ohne meine
1253 3096 2692 3266 Schuld entstehen mussten; aber
1262 3236 3034 3401 selbstverständlich werde ich das Meine
1276 3351 3048 3587 tun, um diesen Niederträchtigkeiten in
1267 3532 2137 3727 den Weg zu treten.
1191 3665 2619 3865 A: immer befremdeter:
