<?xml version="1.0" encoding="UTF-8" standalone="yes"?>
<PcGts xmlns="http://schema.primaresearch.org/PAGE/gts/pagecontent/2013-07-15" xmlns:xsi="http://www.w3.org/2001/XMLSchema-instance" xsi:schemaLocation="http://schema.primaresearch.org/PAGE/gts/pagecontent/2013-07-15 http://schema.primaresearch.org/PAGE/gts/pagecontent/2013-07-15/pagecontent.xsd">
    <Metadata>
        <Creator>prov=READ-COOP:name=TrHtr:version=2.1.0:model_id=51170:date=25_07_2023_03:21</Creator>
        <Created>2023-05-10T13:04:59.788+02:00</Created>
        <LastChange>2023-07-25T03:21:17.925+02:00</LastChange>
        <TranskribusMetadata docId="1428562" pageId="55408306" pageNr="165" tsid="130581805" status="IN_PROGRESS" userId="64420" imgUrl="https://files.transkribus.eu/Get?id=JLSHHHELXRNMLTPOYESXDEVZ&amp;fileType=view" xmlUrl="https://files.transkribus.eu/Get?id=IQUKRBBWHMQRQNWPKHJUCSTB" imageId="44682452"/>
    </Metadata>
    <Page imageFilename="1428562_0165.jpg" imageWidth="3400" imageHeight="4200">
        <ReadingOrder>
            <OrderedGroup id="ro_1711794452244" caption="Regions reading order">
                <RegionRefIndexed index="0" regionRef="tr_2"/>
                <RegionRefIndexed index="1" regionRef="tr_1"/>
            </OrderedGroup>
        </ReadingOrder>
        <TextRegion id="tr_2" custom="readingOrder {index:0;}">
            <Coords points="1289,463 3137,463 3137,1789 1289,1789"/>
            <TextLine id="tr_2_tl_1" custom="readingOrder {index:0;}">
                <Coords points="2838,565 2877,563 2912,537 2919,542 2937,530 2946,535 2958,524 3001,528 3001,420 2976,425 2964,436 2919,429 2907,439 2886,429 2838,445"/>
                <Baseline points="2850,516 2895,516 2940,513 2985,516 3008,516"/>
                <TextEquiv>
                    <Unicode>175</Unicode>
                </TextEquiv>
            </TextLine>
            <TextLine id="tr_2_tl_2" custom="readingOrder {index:1;}">
                <Coords points="1277,840 2978,772 2981,654 2648,675 2503,606 1970,710 1281,659"/>
                <Baseline points="1289,791 1328,791 1373,791 1417,788 1462,788 1507,785 1552,785 1597,782 1641,782 1686,782 1731,779 1776,776 1820,776 1865,776 1910,773 1955,773 2000,773 2044,770 2089,770 2134,767 2179,767 2223,764 2268,764 2313,761 2358,758 2402,758 2447,758 2492,758 2537,758 2582,755 2626,755 2671,752 2716,749 2761,749 2805,749 2850,746 2895,749 2940,746 2985,749"/>
                <TextEquiv>
                    <Unicode>ich finde das nichts weniger als kon-</Unicode>
                </TextEquiv>
            </TextLine>
            <TextLine id="tr_2_tl_3" custom="readingOrder {index:2;}">
                <Coords points="1277,987 2671,951 2735,909 2916,946 2983,930 2985,843 2705,811 2271,868 2188,817 1860,879 1281,879"/>
                <Baseline points="1292,946 1334,940 1379,940 1423,940 1468,940 1513,937 1558,937 1602,937 1647,934 1692,934 1737,931 1782,928 1826,928 1871,928 1916,925 1961,925 2005,922 2050,922 2095,919 2140,919 2185,916 2229,913 2274,913 2319,913 2364,913 2408,913 2453,913 2498,913 2543,913 2588,910 2632,907 2677,904 2722,904 2767,901 2811,901 2856,898 2901,898 2946,898 2991,895"/>
                <TextEquiv>
                    <Unicode>sequent. Ich finde vielmehr, dass du</Unicode>
                </TextEquiv>
            </TextLine>
            <TextLine id="tr_2_tl_4" custom="readingOrder {index:3;}">
                <Coords points="1286,1146 2969,1075 3026,1070 3029,997 2843,962 2041,1029 1676,974 1288,1036"/>
                <Baseline points="1298,1092 1331,1092 1376,1092 1420,1086 1465,1086 1510,1089 1555,1086 1600,1083 1644,1080 1689,1080 1734,1077 1779,1077 1823,1077 1868,1074 1913,1074 1958,1074 2002,1071 2047,1071 2092,1071 2137,1068 2182,1065 2226,1065 2271,1065 2316,1062 2361,1062 2405,1062 2450,1059 2495,1059 2540,1059 2585,1059 2629,1056 2674,1056 2719,1053 2764,1050 2808,1050 2853,1047 2898,1047 2943,1044 2988,1044 3032,1050"/>
                <TextEquiv>
                    <Unicode>im Begriffe bist dich zu benehmen wie</Unicode>
                </TextEquiv>
            </TextLine>
            <TextLine id="tr_2_tl_5" custom="readingOrder {index:4;}">
                <Coords points="1667,1178 1681,1180 1685,1176 1704,1189 1722,1187 1724,1183 1731,1187 1747,1183 1766,1192 1773,1185 1793,1187 1791,1137 1766,1134 1736,1109 1724,1107 1699,1116 1690,1116 1681,1109 1665,1111"/>
                <Baseline points="1680,1170 1725,1173 1770,1173 1800,1173"/>
                <TextEquiv>
                    <Unicode>em</Unicode>
                </TextEquiv>
            </TextLine>
            <TextLine id="tr_2_tl_6" custom="readingOrder {index:5;}">
                <Coords points="1288,1274 2756,1235 2999,1215 3001,1141 1290,1194"/>
                <Baseline points="1301,1244 1346,1241 1391,1238 1435,1238 1480,1238 1525,1235 1570,1235 1614,1235 1659,1232 1704,1232 1749,1232 1794,1229 1838,1226 1883,1223 1928,1223 1973,1220 2017,1220 2062,1217 2107,1217 2152,1217 2197,1217 2241,1214 2286,1214 2331,1214 2376,1211 2420,1208 2465,1205 2510,1205 2555,1205 2600,1208 2644,1205 2689,1202 2734,1202 2779,1202 2823,1202 2868,1202 2913,1200 2958,1197 3002,1200"/>
                <TextEquiv>
                    <Unicode>ein ausgmsachter Narr. Unlogisch, un-</Unicode>
                </TextEquiv>
            </TextLine>
            <TextLine id="tr_2_tl_7" custom="readingOrder {index:6;}">
                <Coords points="1304,1327 2510,1332 3054,1288 3056,1203 1304,1281"/>
                <Baseline points="1316,1319 1358,1319 1402,1316 1447,1316 1492,1316 1537,1316 1582,1316 1626,1313 1671,1310 1716,1307 1761,1304 1805,1304 1850,1301 1895,1301 1940,1301 1985,1298 2029,1298 2074,1295 2119,1295 2164,1295 2208,1295 2253,1292 2298,1292 2343,1292 2388,1289 2432,1286 2477,1286 2522,1283 2567,1283 2611,1283 2656,1280 2701,1277 2746,1280 2791,1277 2835,1277 2880,1274 2925,1271 2970,1268 3014,1265 3059,1262"/>
                <TextEquiv>
                    <Unicode>edel, geradezu betrügerisch! Du willst</Unicode>
                </TextEquiv>
            </TextLine>
            <TextLine id="tr_2_tl_8" custom="readingOrder {index:7;}">
                <Coords points="1300,1476 2877,1451 2964,1442 2967,1369 2207,1366 1984,1419 1724,1414 1600,1343 1304,1369"/>
                <Baseline points="1313,1468 1358,1465 1402,1468 1447,1465 1492,1465 1537,1462 1582,1465 1626,1462 1671,1462 1716,1459 1761,1456 1805,1456 1850,1456 1895,1456 1940,1453 1985,1450 2029,1450 2074,1447 2119,1444 2164,1444 2208,1441 2253,1441 2298,1441 2343,1441 2388,1441 2432,1438 2477,1438 2522,1435 2567,1435 2611,1432 2656,1429 2701,1429 2746,1426 2791,1426 2835,1426 2880,1423 2925,1423 2970,1414"/>
                <TextEquiv>
                    <Unicode>einen Menschen zur Rechenschaft zie-</Unicode>
                </TextEquiv>
            </TextLine>
            <TextLine id="tr_2_tl_9" custom="readingOrder {index:8;}">
                <Coords points="1286,1637 3130,1605 3132,1506 2659,1534 2572,1465 2204,1458 1290,1527"/>
                <Baseline points="1301,1626 1346,1623 1391,1620 1435,1620 1480,1620 1525,1620 1570,1614 1614,1614 1659,1611 1704,1611 1749,1611 1794,1608 1838,1605 1883,1605 1928,1605 1973,1605 2017,1605 2062,1602 2107,1602 2152,1602 2197,1597 2241,1597 2286,1594 2331,1591 2376,1588 2420,1585 2465,1585 2510,1585 2555,1585 2600,1588 2644,1585 2689,1582 2734,1582 2779,1579 2823,1579 2868,1582 2913,1579 2958,1579 3002,1573 3047,1573 3092,1570 3137,1570"/>
                <TextEquiv>
                    <Unicode>hen - du entschuldigst - für etwas, das</Unicode>
                </TextEquiv>
            </TextLine>
            <TextLine id="tr_2_tl_10" custom="readingOrder {index:9;}">
                <Coords points="1304,1791 2997,1775 3001,1685 2914,1649 2012,1718 1729,1649 1307,1674"/>
                <Baseline points="1316,1776 1349,1779 1394,1776 1438,1773 1483,1770 1528,1770 1573,1770 1617,1767 1662,1764 1707,1761 1752,1761 1797,1758 1841,1761 1886,1758 1931,1758 1976,1755 2020,1755 2065,1755 2110,1755 2155,1755 2200,1755 2244,1752 2289,1749 2334,1746 2379,1743 2423,1740 2468,1740 2513,1737 2558,1737 2602,1737 2647,1737 2692,1737 2737,1734 2782,1731 2826,1731 2871,1728 2916,1728 2961,1728 3005,1731"/>
                <TextEquiv>
                    <Unicode>ihm seiner Meinung nach ausdrücklich</Unicode>
                </TextEquiv>
            </TextLine>
        </TextRegion>
        <TextRegion id="tr_1" custom="readingOrder {index:1;}">
            <Coords points="1194,1827 3143,1827 3143,3789 1194,3789"/>
            <TextLine id="tr_1_tl_1" custom="readingOrder {index:0;}">
                <Coords points="1307,1956 3006,1915 3008,1826 2654,1747 2446,1770 2344,1865 1860,1865 1780,1803 1311,1828"/>
                <Baseline points="1319,1940 1355,1934 1400,1928 1444,1925 1489,1922 1534,1922 1579,1919 1623,1919 1668,1916 1713,1913 1758,1913 1802,1913 1847,1910 1892,1907 1937,1907 1982,1904 2026,1907 2071,1904 2116,1904 2161,1901 2205,1901 2250,1901 2295,1898 2340,1898 2385,1895 2429,1895 2474,1895 2519,1892 2564,1892 2608,1892 2653,1889 2698,1886 2743,1883 2788,1883 2832,1880 2877,1880 2922,1880 2967,1877 3011,1877"/>
                <TextEquiv>
                    <Unicode>gestattet worden war... Wenn hier ei</Unicode>
                </TextEquiv>
            </TextLine>
            <TextLine id="tr_1_tl_2" custom="readingOrder {index:1;}">
                <Coords points="1304,2099 3029,2057 3063,1950 2491,1998 2328,1920 1307,1984"/>
                <Baseline points="1316,2083 1319,2083 1364,2080 1408,2077 1453,2077 1498,2074 1543,2071 1588,2068 1632,2068 1677,2065 1722,2065 1767,2062 1811,2062 1856,2062 1901,2062 1946,2059 1991,2059 2035,2059 2080,2056 2125,2056 2170,2053 2214,2053 2259,2050 2304,2050 2349,2050 2394,2050 2438,2047 2483,2047 2528,2044 2573,2041 2617,2041 2662,2041 2707,2041 2752,2038 2797,2035 2841,2035 2886,2035 2931,2035 2976,2032 3020,2029 3065,2032"/>
                <TextEquiv>
                    <Unicode>ner das Recht hat, empört zu sein und</Unicode>
                </TextEquiv>
            </TextLine>
            <TextLine id="tr_1_tl_3" custom="readingOrder {index:2;}">
                <Coords points="1316,2239 1968,2260 2792,2186 2937,2225 3084,2214 3086,2124 2487,2161 2184,2083 1318,2136"/>
                <Baseline points="1328,2226 1346,2226 1391,2223 1435,2226 1480,2226 1525,2226 1570,2223 1614,2220 1659,2220 1704,2217 1749,2217 1794,2214 1838,2214 1883,2214 1928,2211 1973,2211 2017,2208 2062,2208 2107,2208 2152,2205 2197,2205 2241,2205 2286,2205 2331,2202 2376,2202 2420,2200 2465,2197 2510,2194 2555,2197 2600,2194 2644,2194 2689,2191 2734,2188 2779,2188 2823,2185 2868,2185 2913,2182 2958,2182 3002,2179 3047,2179 3092,2176"/>
                <TextEquiv>
                    <Unicode>Rechenschaft zu fordern, so ist es der</Unicode>
                </TextEquiv>
            </TextLine>
            <TextLine id="tr_1_tl_4" custom="readingOrder {index:3;}">
                <Coords points="1320,2388 2790,2370 2827,2280 2168,2317 1943,2248 1323,2292"/>
                <Baseline points="1334,2385 1352,2382 1397,2382 1441,2379 1486,2379 1531,2379 1576,2379 1620,2376 1665,2373 1710,2376 1755,2373 1800,2370 1844,2370 1889,2370 1934,2370 1979,2367 2023,2364 2068,2364 2113,2361 2158,2358 2202,2358 2247,2358 2292,2355 2337,2355 2382,2355 2426,2355 2471,2355 2516,2352 2561,2349 2605,2346 2650,2346 2695,2343 2740,2340 2785,2343 2829,2340"/>
                <TextEquiv>
                    <Unicode>Fürst, den du hintergangen hast,</Unicode>
                </TextEquiv>
            </TextLine>
            <TextLine id="tr_1_tl_5" custom="readingOrder {index:4;}">
                <Coords points="1178,2581 1325,2542 1403,2570 1472,2537 1637,2567 1846,2526 2099,2560 2138,2551 2140,2480 1876,2462 1773,2494 1557,2429 1486,2466 1350,2432 1180,2485"/>
                <Baseline points="1194,2540 1202,2540 1247,2540 1292,2540 1337,2540 1382,2540 1426,2537 1471,2537 1516,2534 1561,2534 1605,2531 1650,2531 1695,2528 1740,2525 1785,2522 1829,2522 1874,2522 1919,2519 1964,2519 2008,2519 2053,2519 2098,2519 2143,2519"/>
                <TextEquiv>
                    <Unicode>A: Er würde es tun.</Unicode>
                </TextEquiv>
            </TextLine>
            <TextLine id="tr_1_tl_6" custom="readingOrder {index:5;}">
                <Coords points="1180,2710 1757,2689 1842,2728 2018,2668 2632,2664 2632,2611 2567,2592 2016,2643 1674,2563 1185,2579"/>
                <Baseline points="1194,2695 1205,2695 1250,2692 1295,2692 1340,2692 1385,2692 1429,2689 1474,2686 1519,2686 1564,2686 1608,2683 1653,2683 1698,2680 1743,2680 1788,2677 1832,2677 1877,2674 1922,2671 1967,2671 2011,2668 2056,2668 2101,2668 2146,2668 2191,2665 2235,2662 2280,2662 2325,2659 2370,2659 2414,2659 2459,2656 2504,2656 2549,2656 2594,2656 2638,2659"/>
                <TextEquiv>
                    <Unicode>Alb: Dazu müsste er es wissen.</Unicode>
                </TextEquiv>
            </TextLine>
            <TextLine id="tr_1_tl_7" custom="readingOrder {index:6;}">
                <Coords points="1185,2868 2129,2857 2266,2815 2595,2840 2597,2781 2230,2746 1888,2792 1782,2723 1589,2719 1463,2769 1187,2753"/>
                <Baseline points="1197,2850 1214,2847 1259,2847 1304,2844 1349,2844 1394,2844 1438,2841 1483,2841 1528,2841 1573,2838 1617,2838 1662,2835 1707,2835 1752,2832 1797,2832 1841,2832 1886,2829 1931,2829 1976,2826 2020,2826 2065,2823 2110,2823 2155,2820 2200,2820 2244,2817 2289,2814 2334,2811 2379,2811 2423,2808 2468,2808 2513,2808 2558,2811 2602,2814"/>
                <TextEquiv>
                    <Unicode>A: Dafür soll gesorgt werden.</Unicode>
                </TextEquiv>
            </TextLine>
            <TextLine id="tr_1_tl_8" custom="readingOrder {index:7;}">
                <Coords points="1187,3017 1396,3054 1835,2985 2811,2992 2834,2893 2586,2902 2425,2824 1189,2909"/>
                <Baseline points="1200,3005 1226,3002 1271,3000 1316,3000 1361,3000 1405,3000 1450,3000 1495,2997 1540,2994 1585,2994 1629,2991 1674,2988 1719,2988 1764,2985 1808,2985 1853,2982 1898,2982 1943,2982 1988,2979 2032,2979 2077,2976 2122,2973 2167,2973 2211,2970 2256,2967 2301,2964 2346,2964 2391,2961 2435,2961 2480,2961 2525,2961 2570,2958 2614,2955 2659,2955 2704,2955 2749,2955 2794,2958 2838,2964"/>
                <TextEquiv>
                    <Unicode>Alb: Du hast nicht das Recht dazu,</Unicode>
                </TextEquiv>
            </TextLine>
            <TextLine id="tr_1_tl_9" custom="readingOrder {index:8;}">
                <Coords points="1346,3173 1724,3148 1777,3178 1927,3141 2067,3176 2285,3123 2579,3153 2613,3077 2505,3043 2007,3082 1892,3008 1348,3047"/>
                <Baseline points="1358,3152 1367,3152 1411,3149 1456,3149 1501,3149 1546,3146 1591,3146 1635,3143 1680,3143 1725,3140 1770,3140 1814,3140 1859,3137 1904,3137 1949,3134 1994,3134 2038,3131 2083,3128 2128,3125 2173,3122 2217,3122 2262,3119 2307,3119 2352,3116 2397,3116 2441,3116 2486,3116 2531,3116 2576,3119 2620,3122"/>
                <TextEquiv>
                    <Unicode>Cäcilie zu kompromittieren.</Unicode>
                </TextEquiv>
            </TextLine>
            <TextLine id="tr_1_tl_10" custom="readingOrder {index:9;}">
                <Coords points="1192,3350 2847,3302 3008,3268 3010,3185 2179,3245 1860,3155 1196,3199"/>
                <Baseline points="1205,3316 1220,3313 1265,3313 1310,3316 1355,3316 1400,3307 1444,3307 1489,3304 1534,3304 1579,3304 1623,3301 1668,3298 1713,3298 1758,3295 1802,3295 1847,3292 1892,3292 1937,3289 1982,3289 2026,3286 2071,3283 2116,3283 2161,3283 2205,3280 2250,3277 2295,3274 2340,3274 2385,3274 2429,3271 2474,3271 2519,3271 2564,3268 2608,3268 2653,3265 2698,3262 2743,3259 2788,3259 2832,3256 2877,3256 2922,3253 2967,3250 3011,3244"/>
                <TextEquiv>
                    <Unicode>A: Mach' mich nicht rasend! Du denkst</Unicode>
                </TextEquiv>
            </TextLine>
            <TextLine id="tr_1_tl_11" custom="readingOrder {index:10;}">
                <Coords points="1348,3472 2873,3437 3015,3417 3020,3332 2590,3387 2101,3392 1995,3318 1352,3353"/>
                <Baseline points="1361,3459 1364,3462 1408,3462 1453,3462 1498,3462 1543,3459 1588,3459 1632,3456 1677,3456 1722,3453 1767,3450 1811,3450 1856,3447 1901,3444 1946,3444 1991,3441 2035,3441 2080,3435 2125,3432 2170,3432 2214,3432 2259,3429 2304,3426 2349,3426 2394,3426 2438,3423 2483,3423 2528,3423 2573,3426 2617,3426 2662,3420 2707,3420 2752,3417 2797,3414 2841,3411 2886,3411 2931,3408 2976,3408 3020,3408"/>
                <TextEquiv>
                    <Unicode>doch nicht im Ernst daran, dass ich</Unicode>
                </TextEquiv>
            </TextLine>
            <TextLine id="tr_1_tl_12" custom="readingOrder {index:11;}">
                <Coords points="1364,3635 2964,3598 3109,3564 3114,3470 2969,3522 1936,3550 1839,3486 1451,3472 1366,3532"/>
                <Baseline points="1376,3617 1411,3614 1456,3614 1501,3614 1546,3611 1591,3611 1635,3611 1680,3605 1725,3605 1770,3605 1814,3602 1859,3602 1904,3600 1949,3597 1994,3594 2038,3594 2083,3591 2128,3591 2173,3588 2217,3585 2262,3582 2307,3579 2352,3579 2397,3579 2441,3579 2486,3579 2531,3576 2576,3576 2620,3576 2665,3573 2710,3570 2755,3570 2800,3567 2844,3567 2889,3567 2934,3564 2979,3564 3023,3561 3068,3561 3113,3564"/>
                <TextEquiv>
                    <Unicode>ihn betrügen werde? Im Augenblick, wo</Unicode>
                </TextEquiv>
            </TextLine>
            <TextLine id="tr_1_tl_13" custom="readingOrder {index:12;}">
                <Coords points="1359,3798 3139,3743 3141,3669 3049,3644 2101,3718 1968,3630 1364,3649"/>
                <Baseline points="1373,3779 1397,3776 1441,3773 1486,3770 1531,3770 1576,3770 1620,3767 1665,3767 1710,3761 1755,3761 1800,3758 1844,3758 1889,3758 1934,3752 1979,3752 2023,3749 2068,3746 2113,3743 2158,3743 2202,3743 2247,3743 2292,3740 2337,3740 2382,3740 2426,3737 2471,3737 2516,3734 2561,3731 2605,3728 2650,3725 2695,3725 2740,3722 2785,3722 2829,3719 2874,3719 2919,3716 2964,3716 3008,3713 3053,3716 3098,3716 3143,3722"/>
                <TextEquiv>
                    <Unicode>ich dich zu ihm sende, wird er wissen,</Unicode>
                </TextEquiv>
            </TextLine>
        </TextRegion>
    </Page>
</PcGts>
