3304 4072
2594 408 2718 608 70
1019 675 2809 861 kommen, keine Geheimnisse vor einander
1246 807 1458 895 Witsen
1021 814 2852 988 haben, uns die Hände reichen über alles
1019 993 2393 1181 hinüber - auch über Abgründe.
1074 1133 2818 1343 Sieh nur, dass deine Dritte im Sommer
888 1167 990 1363 C:
1021 1293 2809 1487 fertig wird.. Die sollst du schon mit-
1823 1415 2076 1508 Mam
1019 1477 2868 1627 nehmen auf deine Reise im Herbst. Arbei
1038 1639 2761 1790 te. Du weisst, wie du allen Halt ver-
1024 1763 2921 1928 lierst, wenn du eine Zeit nichts Rechtes
1031 1909 1382 2083 machst.
1076 2016 2954 2222 Verlass' dich darauf, Cäcilie. Du sollst
897 2059 1000 2250 A:
1043 2222 2873 2367 deine Freude haben. Mir ist ja jetzt so
1040 2377 2942 2510 wohl, so leicht! Es war doch eine schwere
1040 2513 2954 2699 Zeit, die hinter uns liegt. Denn was hilf
1045 2689 2873 2823 alle Einsicht... ge steh's nur: auch für
1050 2830 2897 3002 dich gab es immer wieder Momente, in de-
1169 2959 1857 3069 mir hoffen... wenn
1031 2988 2809 3195 nen du dir einbilletest, gerade wir ge-
1038 3133 2186 3319 hörten zu den Ausnahmen.
1076 3307 1570 3474 Inwiefern?
897 3319 1009 3472 c:
1079 3458 2868 3601 Zu den Menschen, über die jenes Gesetz
912 3508 1009 3620 A:
1045 3613 1818 3818 keine Macht hat.
