3368 4120
2467 255 2674 543 6225
1104 522 2859 768 eine armselige Probe auf die Ewigkeit.
1099 747 2963 960 Und fügten es auch die Umstände nicht so
1125 893 2840 1071 gut: heute müssten wir uns auf jeden
1094 1083 2778 1268 Fall ein ehrliches Lebewohl sagen...
1127 1194 1266 1278 to
1104 1243 1823 1363 auf sehr lange.
1148 1396 2801 1551 Und was sich alles während einer so
951 1370 1074 1567 A;
1101 1530 2956 1695 langen, völlig pflichtlosen Trennung er¬
1836 1623 2050 1734 nial.
1127 1686 2966 1874 eignen könnte,- nicht wieder gut zu Ma-
1127 1848 2731 1996 chendes... denkst du nicht daran?
1159 1971 2866 2154 Nichts Schlimmeres, al schon gesche
974 1927 1085 2177 C:
1129 2152 2885 2275 hen ist. Darauf, ob wir einander treu
1190 2282 3035 2481 bleiben, wie es die Leute nennen, kommt
1143 2451 2980 2625 es vielleicht am allerwenigsten an. Aus
1190 2611 3024 2748 völliger Fremdheit, aus Enttäuschungen,
1150 2762 2845 2961 aus Einsamkeit können wir vielleicht
1157 2922 2949 3065 eher einmal zu einander zurück als aus
1157 3042 2982 3230 dieser Stunde. Fredlich ist’s auch mög
1190 3244 2908 3392 lich, dass es nun für immer aus ist,
1164 3369 2956 3548 wenn wir scheiden;-wann wir aber jetzt
1201 3522 2674 3712 zusammenblieben, ist es gewiss.
