3416 4152
2535 325 2717 473 147
1282 577 2953 777 da, um es tragen zu helfen! Und wie
1337 720 2998 932 sehr wünschte ich, dass dir Manches
1356 908 2079 1082 erspart bleibe!
1388 1046 3031 1219 Mir? Was?- Nein, Amadeus, ich wei=
1213 1101 1329 1221 C:
1314 1191 2905 1403 diesen Wunsch zurück. Ich habe ja
1409 1322 3023 1525 noch nichts - ich habe noch so we-
1411 1504 3023 1656 nig erlebt! Und ich sehne mich da-
1377 1650 2991 1838 nach! Ich sehne mich nach Stürmen,
1417 1813 2938 1963 nach Gefahren - vielleicht nach
1388 2003 1895 2140 noch mehr.
1430 2098 3091 2343 Nein, Cäcilie, das versuchst du dir
1257 2167 1373 2269 A:
1456 2256 3000 2417 einzubilden. Du stellst dir doch
1424 2404 3074 2562 Vieles bedeutend einfacher vor, als
1475 2541 3122 2704 es ist. Es giebt gewisse Dinge, die
1426 2687 2981 2867 du nie ertragen würdest, und man-
1403 2843 2964 3034 che, deren du nicht fähig wärst -
1445 3002 3076 3188 glaube mir. Man wird nicht mit ein
1445 3141 3031 3353 Mal etwas vollkommen Anderes; aus
1475 3321 2953 3484 einem Wesen, dessen Element die
1508 3424 3205 3621 Klarheit und die Wahrhaftigkeit ist,
1538 3566 3179 3783 wird nicht mit einem Male ein Weib,
