3352 4088
2794 429 2930 546 34.
1201 692 2938 891 verknüpfen, vielleicht einer gerissen
1201 824 2893 1032 wäre?... Wir Zwei, die einander ver-
1211 1000 2968 1193 stehen, wie kaum zwei andere Menschen,
1226 1144 2950 1360 - die künstlerisch und menschlich auf
1270 1310 2923 1494 einander angewiesen sind,- die noch
1223 1479 2891 1638 überdies ein Kind haben, das wir ge-
1218 1600 2876 1796 meinschaftlich erziehen und das wir
1226 1702 3032 1975 heranwachsen sehen wollen... wir soll-
1236 1906 3012 2109 ten vielleicht einmal von einander ge-
1236 2079 2965 2278 hen, weil die Epochen unserer Leiden-
1258 2238 2533 2414 schaft abgeschlossen wären?
1310 2384 3002 2561 Das klingt ja alles sehr schön, aber
1025 2437 1226 2553 Alb:
1270 2489 2965 2732 es könnte ja sein, dass diese Epoche
1273 2665 2923 2881 vorüber wäre und ihr beide trotzdem
1270 2858 2260 3044 noch jung bliebet....
1050 3015 2456 3193 Amad: Gewiss ist das möglich.
1050 3181 1978 3360 Alb: Und was dann?
1050 3238 3044 3486 Amad: Es wird sich weniger ändern, als du
1303 3389 3067 3665 glaubst. Denk' dir, mein Lieber, Cäci-
1310 3635 3052 3789 lie und ich, wir wohnten gemeinsam in
