3400 4200
2706 426 2882 588 169
1133 658 2639 838 auch ein Unglück für mich. - Du
1145 829 2706 995 ihr Beide... Cäcilie muss mit ihr
1187 1002 2774 1145 sprechen! Ich werde mich mit Fich-
1145 1166 2433 1311 tenstein auseinandersetzen.
1196 1271 2868 1470 Schön. Aber all das eilt nicht. Ich
1002 1309 1133 1487 A:
1168 1449 2856 1613 brauche dich zu einem Freundschafts-
1154 1620 1515 1768 dienst.
1018 1747 2826 1917 Alb: Wann kommt Cäcilie, - wo ist sie?
1025 1929 2678 2046 A: Sie kommt in einer Stunde etwa.
1079 2035 2905 2208 Alb: So will ich unterdessen zu Fich-
1192 2210 2781 2360 tenstein. - Findest du nicht auch,
1187 2365 2795 2517 dass ich das ohneweiters tun soll?
1194 2515 2896 2664 ehrlich mit einander reden - das ist
1199 2692 2013 2831 doch das Einzige!
1063 2791 2847 2973 A: Mensch, du sollst mein Zeuge sein
1196 2952 2873 3168 hörst du?... mein Sekundant - hörst
1210 3161 1393 3292 du?
1072 3224 2877 3456 Alb: Wie?... Was ist denn das für sin
1222 3395 3041 3573 Blödsinn! Hast du vielleicht auch Lust,
1220 3582 2992 3760 dich wegen Madame Isolde totschiessen
1227 3697 3109 3905 zu lassen? Da muss ich nicht dabei sein.
