<?xml version="1.0" encoding="UTF-8" standalone="yes"?>
<PcGts xmlns="http://schema.primaresearch.org/PAGE/gts/pagecontent/2013-07-15" xmlns:xsi="http://www.w3.org/2001/XMLSchema-instance" xsi:schemaLocation="http://schema.primaresearch.org/PAGE/gts/pagecontent/2013-07-15 http://schema.primaresearch.org/PAGE/gts/pagecontent/2013-07-15/pagecontent.xsd">
    <Metadata>
        <Creator>prov=READ-COOP:name=TrHtr:version=2.1.0:model_id=51170:date=25_07_2023_03:20</Creator>
        <Created>2023-05-10T13:04:41.840+02:00</Created>
        <LastChange>2023-07-25T03:20:33.473+02:00</LastChange>
        <TranskribusMetadata docId="1428562" pageId="55407651" pageNr="30" tsid="130581663" status="IN_PROGRESS" userId="64420" imgUrl="https://files.transkribus.eu/Get?id=IDSSVZXNACZEQVJPULYHZWZY&amp;fileType=view" xmlUrl="https://files.transkribus.eu/Get?id=CDFHVFDSMRHZRDIFZLGSZOCS" imageId="44681797"/>
    </Metadata>
    <Page imageFilename="1428562_0030.jpg" imageWidth="3352" imageHeight="4072">
        <ReadingOrder>
            <OrderedGroup id="ro_1711794342188" caption="Regions reading order">
                <RegionRefIndexed index="0" regionRef="tr_2"/>
                <RegionRefIndexed index="1" regionRef="tr_1"/>
            </OrderedGroup>
        </ReadingOrder>
        <TextRegion id="tr_2" custom="readingOrder {index:0;}">
            <Coords points="1194,409 2991,409 2991,1475 1194,1475"/>
            <TextLine id="tr_2_tl_1" custom="readingOrder {index:0;}">
                <Coords points="2774,518 2794,522 2801,515 2822,529 2831,520 2886,543 2910,540 2907,391 2896,391 2882,377 2857,393 2827,384 2815,389 2806,382 2788,398 2772,396"/>
                <Baseline points="2785,462 2830,459 2874,459 2913,465"/>
                <TextEquiv>
                    <Unicode>32</Unicode>
                </TextEquiv>
            </TextLine>
            <TextLine id="tr_2_tl_2" custom="readingOrder {index:1;}">
                <Coords points="1187,706 2160,697 2270,766 2916,787 2903,605 1187,628"/>
                <Baseline points="1200,686 1244,683 1289,683 1334,683 1379,683 1424,683 1468,686 1513,686 1558,683 1603,686 1647,686 1692,686 1737,686 1782,686 1827,686 1871,689 1916,689 1961,689 2006,689 2050,689 2095,689 2140,689 2185,689 2230,692 2274,689 2319,689 2364,689 2409,689 2453,692 2498,689 2543,692 2588,692 2633,692 2677,692 2722,692 2767,695 2812,692 2856,692 2901,692 2922,692"/>
                <TextEquiv>
                    <Unicode>haben gute und schlimme Zeiten durch¬</Unicode>
                </TextEquiv>
            </TextLine>
            <TextLine id="tr_2_tl_3" custom="readingOrder {index:2;}">
                <Coords points="1196,874 2923,883 2953,800 1194,764"/>
                <Baseline points="1209,844 1253,841 1298,838 1343,838 1388,838 1432,838 1477,838 1522,838 1567,841 1612,841 1656,841 1701,838 1746,838 1791,838 1835,838 1880,841 1925,841 1970,841 2015,841 2059,844 2104,844 2149,844 2194,844 2239,844 2283,844 2328,844 2373,844 2418,847 2462,847 2507,847 2552,844 2597,847 2642,850 2686,850 2731,850 2776,847 2821,847 2865,850 2910,850 2955,853 2958,853"/>
                <TextEquiv>
                    <Unicode>gemacht, haben Wochen und Monate auch</Unicode>
                </TextEquiv>
            </TextLine>
            <TextLine id="tr_2_tl_4" custom="readingOrder {index:3;}">
                <Coords points="1182,1003 2507,1010 2564,1058 2953,1067 2951,925 2698,966 1182,908"/>
                <Baseline points="1194,991 1238,988 1283,988 1328,988 1373,991 1418,994 1462,994 1507,991 1552,994 1597,994 1641,997 1686,994 1731,994 1776,994 1821,994 1865,994 1910,994 1955,997 2000,997 2044,994 2089,994 2134,997 2179,997 2224,997 2268,1000 2313,1000 2358,1000 2403,1000 2447,1000 2492,1000 2537,1003 2582,1003 2627,1003 2671,1006 2716,1006 2761,1003 2806,1003 2850,1003 2895,1006 2940,1009 2955,1009"/>
                <TextEquiv>
                    <Unicode>fern von einander leben müssen,- aber</Unicode>
                </TextEquiv>
            </TextLine>
            <TextLine id="tr_2_tl_5" custom="readingOrder {index:4;}">
                <Coords points="1196,1184 2988,1175 2988,1088 1196,1090"/>
                <Baseline points="1209,1143 1253,1140 1298,1143 1343,1143 1388,1143 1432,1143 1477,1146 1522,1146 1567,1149 1612,1146 1656,1149 1701,1149 1746,1149 1791,1149 1835,1152 1880,1149 1925,1149 1970,1149 2015,1149 2059,1149 2104,1149 2149,1152 2194,1152 2239,1152 2283,1152 2328,1152 2373,1152 2418,1152 2462,1152 2507,1152 2552,1152 2597,1155 2642,1155 2686,1155 2731,1155 2776,1155 2821,1158 2865,1158 2910,1155 2955,1155 2991,1155"/>
                <TextEquiv>
                    <Unicode>vom ersten Augenblick unserer Liebe an</Unicode>
                </TextEquiv>
            </TextLine>
            <TextLine id="tr_2_tl_6" custom="readingOrder {index:5;}">
                <Coords points="1187,1329 2443,1304 2875,1346 2875,1256 2585,1230 1826,1221 1656,1270 1529,1214 1187,1230"/>
                <Baseline points="1200,1295 1244,1295 1289,1295 1334,1295 1379,1298 1424,1298 1468,1298 1513,1298 1558,1298 1603,1301 1647,1301 1692,1301 1737,1301 1782,1301 1827,1304 1871,1301 1916,1301 1961,1301 2006,1301 2050,1304 2095,1304 2140,1304 2185,1307 2230,1307 2274,1307 2319,1307 2364,1307 2409,1304 2453,1304 2498,1304 2543,1304 2588,1304 2633,1307 2677,1307 2722,1307 2767,1307 2812,1310 2856,1319 2880,1322"/>
                <TextEquiv>
                    <Unicode>waren wir mit dem Gedanken vertraut,</Unicode>
                </TextEquiv>
            </TextLine>
            <TextLine id="tr_2_tl_7" custom="readingOrder {index:6;}">
                <Coords points="2447,1403 2509,1389 2597,1405 2638,1389 2709,1412 2709,1316 2647,1318 2613,1334 2514,1313 2447,1325"/>
                <Baseline points="2459,1382 2492,1379 2537,1379 2582,1379 2627,1379 2671,1379 2716,1376"/>
                <TextEquiv>
                    <Unicode>Rauch</Unicode>
                </TextEquiv>
            </TextLine>
            <TextLine id="tr_2_tl_8" custom="readingOrder {index:7;}">
                <Coords points="1187,1477 2447,1460 2730,1555 2930,1548 2928,1392 1187,1371"/>
                <Baseline points="1200,1450 1244,1450 1289,1450 1334,1450 1379,1450 1424,1453 1468,1450 1513,1450 1558,1453 1603,1453 1647,1453 1692,1453 1737,1453 1782,1453 1827,1453 1871,1453 1916,1453 1961,1456 2006,1456 2050,1456 2095,1456 2140,1456 2185,1456 2230,1456 2274,1456 2319,1459 2364,1459 2409,1459 2453,1456 2498,1459 2543,1462 2588,1459 2633,1459 2677,1459 2722,1459 2767,1459 2812,1459 2856,1459 2901,1462 2934,1465"/>
                <TextEquiv>
                    <Unicode>dass sie auch einmal enden könnte.C So</Unicode>
                </TextEquiv>
            </TextLine>
        </TextRegion>
        <TextRegion id="tr_1" custom="readingOrder {index:1;}">
            <Coords points="949,1553 3009,1553 3009,3652 949,3652"/>
            <TextLine id="tr_1_tl_1" custom="readingOrder {index:0;}">
                <Coords points="1184,1651 1295,1605 2222,1619 2484,1723 2838,1709 2838,1550 2613,1566 2539,1506 2447,1559 1184,1555"/>
                <Baseline points="1197,1615 1241,1609 1286,1606 1331,1603 1376,1603 1421,1603 1465,1606 1510,1606 1555,1603 1600,1603 1644,1606 1689,1606 1734,1606 1779,1606 1824,1612 1868,1609 1913,1609 1958,1609 2003,1609 2047,1609 2092,1609 2137,1612 2182,1612 2227,1612 2271,1615 2316,1615 2361,1615 2406,1615 2450,1615 2495,1615 2540,1618 2585,1615 2630,1618 2674,1615 2719,1615 2764,1615 2809,1615 2842,1621"/>
                <TextEquiv>
                    <Unicode>glücklich wir waren und sind,) unser</Unicode>
                </TextEquiv>
            </TextLine>
            <TextLine id="tr_1_tl_2" custom="readingOrder {index:1;}">
                <Coords points="1191,1764 3006,1815 3006,1679 1191,1688"/>
                <Baseline points="1203,1755 1247,1752 1292,1752 1337,1755 1382,1755 1426,1758 1471,1758 1516,1758 1561,1761 1606,1761 1650,1761 1695,1764 1740,1764 1785,1764 1830,1764 1874,1764 1919,1764 1964,1764 2009,1764 2053,1764 2098,1767 2143,1767 2188,1767 2233,1767 2277,1767 2322,1767 2367,1770 2412,1770 2456,1770 2501,1773 2546,1773 2591,1773 2636,1770 2680,1773 2725,1770 2770,1770 2815,1770 2859,1770 2904,1770 2949,1770 2994,1773 3009,1776"/>
                <TextEquiv>
                    <Unicode>Glück hat uns niestolz oder gedankenlos</Unicode>
                </TextEquiv>
            </TextLine>
            <TextLine id="tr_1_tl_3" custom="readingOrder {index:2;}">
                <Coords points="1173,1927 1598,1969 1677,1923 2691,1930 2880,2019 2880,1865 2801,1851 1863,1861 1725,1780 1539,1766 1389,1849 1173,1861"/>
                <Baseline points="1185,1919 1229,1916 1274,1913 1319,1910 1364,1913 1409,1913 1453,1913 1498,1916 1543,1916 1588,1919 1632,1919 1677,1919 1722,1919 1767,1919 1812,1919 1856,1919 1901,1919 1946,1919 1991,1919 2036,1916 2080,1916 2125,1919 2170,1919 2215,1919 2259,1922 2304,1922 2349,1928 2394,1925 2439,1925 2483,1922 2528,1922 2573,1922 2618,1925 2662,1922 2707,1925 2752,1922 2797,1925 2842,1922 2886,1928"/>
                <TextEquiv>
                    <Unicode>gemacht, und ganz beruhigt um unsere</Unicode>
                </TextEquiv>
            </TextLine>
            <TextLine id="tr_1_tl_4" custom="readingOrder {index:3;}">
                <Coords points="1175,2082 2974,2098 2974,2029 2900,2001 1175,2010"/>
                <Baseline points="1188,2062 1232,2062 1277,2062 1322,2062 1367,2062 1412,2065 1456,2065 1501,2068 1546,2068 1591,2068 1635,2068 1680,2068 1725,2071 1770,2071 1815,2071 1859,2071 1904,2071 1949,2071 1994,2071 2038,2071 2083,2071 2128,2074 2173,2074 2218,2074 2262,2077 2307,2077 2352,2080 2397,2080 2442,2077 2486,2080 2531,2077 2576,2080 2621,2080 2665,2080 2710,2080 2755,2083 2800,2080 2845,2080 2889,2080 2934,2080 2979,2077 2982,2074"/>
                <TextEquiv>
                    <Unicode>Zukunft sind wir niemals gewesen.)Viel-</Unicode>
                </TextEquiv>
            </TextLine>
            <TextLine id="tr_1_tl_5" custom="readingOrder {index:4;}">
                <Coords points="1173,2236 2926,2247 2923,2160 2689,2146 2544,2187 1171,2155"/>
                <Baseline points="1185,2218 1229,2218 1274,2218 1319,2221 1364,2221 1409,2221 1453,2221 1498,2221 1543,2221 1588,2221 1632,2224 1677,2224 1722,2224 1767,2224 1812,2224 1856,2224 1901,2227 1946,2230 1991,2227 2036,2227 2080,2230 2125,2233 2170,2230 2215,2233 2259,2230 2304,2230 2349,2233 2394,2236 2439,2233 2483,2233 2528,2236 2573,2236 2618,2236 2662,2236 2707,2236 2752,2239 2797,2239 2842,2239 2886,2239 2931,2239"/>
                <TextEquiv>
                    <Unicode>leicht auch nur, weil wir (ein solches</Unicode>
                </TextEquiv>
            </TextLine>
            <TextLine id="tr_1_tl_6" custom="readingOrder {index:5;}">
                <Coords points="1435,2344 1718,2314 1778,2346 1909,2316 2026,2330 2026,2229 1918,2247 1817,2229 1776,2263 1663,2231 1585,2249 1552,2233 1435,2242"/>
                <Baseline points="1447,2325 1450,2322 1495,2322 1540,2322 1585,2316 1629,2313 1674,2313 1719,2316 1764,2319 1809,2322 1853,2319 1898,2316 1943,2316 1988,2313 2033,2310"/>
                <TextEquiv>
                    <Unicode>in solches hin¬</Unicode>
                </TextEquiv>
            </TextLine>
            <TextLine id="tr_1_tl_7" custom="readingOrder {index:6;}">
                <Coords points="2141,2325 2157,2325 2174,2334 2196,2316 2210,2330 2224,2318 2242,2330 2254,2330 2256,2245 2245,2245 2229,2236 2224,2240 2190,2238 2176,2249 2169,2245 2144,2247"/>
                <Baseline points="2155,2313 2170,2316 2215,2319 2259,2310"/>
                <TextEquiv>
                    <Unicode>4</Unicode>
                </TextEquiv>
            </TextLine>
            <TextLine id="tr_1_tl_8" custom="readingOrder {index:7;}">
                <Coords points="1168,2376 1769,2426 1934,2385 2148,2472 2406,2482 2900,2475 2999,2424 2997,2341 2815,2302 2045,2355 1168,2307"/>
                <Baseline points="1182,2370 1226,2373 1271,2373 1316,2376 1361,2376 1406,2379 1450,2379 1495,2382 1540,2382 1585,2382 1629,2382 1674,2382 1719,2382 1764,2382 1809,2385 1853,2385 1898,2385 1943,2382 1988,2382 2033,2385 2077,2385 2122,2385 2167,2385 2212,2385 2256,2385 2301,2388 2346,2388 2391,2388 2436,2388 2480,2388 2525,2388 2570,2388 2615,2388 2659,2388 2704,2388 2749,2388 2794,2391 2839,2391 2883,2394 2928,2391 2973,2391 3003,2394"/>
                <TextEquiv>
                    <Unicode>Beruhigtsein, eine xxxlche Sicherheit) wie</Unicode>
                </TextEquiv>
            </TextLine>
            <TextLine id="tr_1_tl_9" custom="readingOrder {index:8;}">
                <Coords points="1178,2544 1513,2542 1640,2620 1937,2650 2870,2601 2829,2468 1175,2484"/>
                <Baseline points="1191,2525 1235,2528 1280,2531 1325,2531 1370,2534 1415,2534 1459,2531 1504,2531 1549,2534 1594,2534 1638,2534 1683,2534 1728,2534 1773,2537 1818,2537 1862,2537 1907,2537 1952,2537 1997,2537 2041,2540 2086,2540 2131,2540 2176,2540 2221,2546 2265,2543 2310,2543 2355,2546 2400,2546 2444,2543 2489,2543 2534,2543 2579,2546 2624,2546 2668,2546 2713,2546 2758,2546 2803,2546 2848,2546 2877,2549"/>
                <TextEquiv>
                    <Unicode>ein Herausfordern des Schicksals be-</Unicode>
                </TextEquiv>
            </TextLine>
            <TextLine id="tr_1_tl_10" custom="readingOrder {index:9;}">
                <Coords points="1182,2691 1408,2714 1755,2696 1812,2723 1941,2698 1941,2624 1893,2617 1796,2638 1753,2613 1626,2613 1571,2643 1520,2617 1479,2638 1355,2610 1313,2629 1182,2615"/>
                <Baseline points="1194,2683 1238,2680 1283,2683 1328,2683 1373,2686 1418,2686 1462,2686 1507,2686 1552,2686 1597,2686 1641,2686 1686,2686 1731,2689 1776,2692 1821,2692 1865,2692 1910,2692 1946,2695"/>
                <TextEquiv>
                    <Unicode>trachtet hätten.</Unicode>
                </TextEquiv>
            </TextLine>
            <TextLine id="tr_1_tl_11" custom="readingOrder {index:10;}">
                <Coords points="936,2843 998,2854 1014,2850 1028,2859 1046,2845 1056,2852 1067,2845 1076,2854 1095,2845 1122,2850 1122,2723 1092,2726 1079,2712 1053,2721 1033,2705 1000,2705 968,2726 936,2721"/>
                <Baseline points="949,2839 994,2839 1038,2839 1083,2839 1128,2842"/>
                <TextEquiv>
                    <Unicode>Alb:</Unicode>
                </TextEquiv>
            </TextLine>
            <TextLine id="tr_1_tl_12" custom="readingOrder {index:11;}">
                <Coords points="1205,2850 2861,2868 2859,2815 2714,2778 1205,2765"/>
                <Baseline points="1218,2839 1262,2839 1307,2842 1352,2842 1397,2845 1441,2845 1486,2842 1531,2842 1576,2845 1621,2845 1665,2845 1710,2845 1755,2845 1800,2848 1844,2848 1889,2848 1934,2848 1979,2848 2024,2848 2068,2850 2113,2853 2158,2853 2203,2850 2247,2850 2292,2853 2337,2853 2382,2856 2427,2853 2471,2850 2516,2850 2561,2850 2606,2853 2650,2853 2695,2856 2740,2856 2785,2853 2830,2850 2868,2856"/>
                <TextEquiv>
                    <Unicode>Das Schicksal fühlt sich immer her-</Unicode>
                </TextEquiv>
            </TextLine>
            <TextLine id="tr_1_tl_13" custom="readingOrder {index:12;}">
                <Coords points="2567,2928 2601,2944 2624,2935 2638,2946 2684,2942 2746,2995 2790,2955 2831,2937 2829,2857 2808,2852 2785,2875 2762,2880 2726,2861 2705,2875 2631,2854 2610,2866 2564,2857"/>
                <Baseline points="2579,2922 2624,2925 2668,2925 2713,2928 2758,2928 2803,2925 2836,2925"/>
                <TextEquiv>
                    <Unicode>dorge</Unicode>
                </TextEquiv>
            </TextLine>
            <TextLine id="tr_1_tl_14" custom="readingOrder {index:13;}">
                <Coords points="1166,3024 2868,3027 2866,2937 2739,2995 2622,2935 1164,2916"/>
                <Baseline points="1179,2997 1223,2994 1268,2994 1313,2997 1358,3000 1403,2997 1447,3000 1492,3000 1537,3000 1582,3000 1627,3000 1671,3000 1716,3000 1761,3000 1806,3000 1850,3000 1895,3000 1940,3000 1985,3003 2030,3003 2074,3003 2119,3003 2164,3006 2209,3006 2253,3006 2298,3006 2343,3006 2388,3009 2433,3009 2477,3009 2522,3012 2567,3009 2612,3009 2656,3012 2701,3012 2746,3012 2791,3012 2836,3015 2874,3021"/>
                <TextEquiv>
                    <Unicode>ausgefordert - durch unseren Zweifel</Unicode>
                </TextEquiv>
            </TextLine>
            <TextLine id="tr_1_tl_15" custom="readingOrder {index:14;}">
                <Coords points="1157,3176 3006,3172 2840,3087 1155,3075"/>
                <Baseline points="1170,3158 1215,3158 1259,3155 1304,3155 1349,3152 1394,3152 1438,3152 1483,3152 1528,3152 1573,3155 1618,3155 1662,3155 1707,3155 1752,3158 1797,3158 1841,3155 1886,3158 1931,3158 1976,3158 2021,3158 2065,3161 2110,3161 2155,3161 2200,3158 2244,3161 2289,3161 2334,3164 2379,3161 2424,3161 2468,3164 2513,3164 2558,3167 2603,3167 2647,3170 2692,3170 2737,3170 2782,3173 2827,3173 2871,3173 2916,3170 2961,3170 3006,3173 3009,3173"/>
                <TextEquiv>
                    <Unicode>geradeso wie durch unser Vertrauen; man</Unicode>
                </TextEquiv>
            </TextLine>
            <TextLine id="tr_1_tl_16" custom="readingOrder {index:15;}">
                <Coords points="1171,3323 2006,3317 2174,3411 2440,3427 2951,3381 2949,3273 2801,3250 1562,3268 1394,3202 1168,3254"/>
                <Baseline points="1182,3304 1226,3304 1271,3301 1316,3304 1361,3304 1406,3304 1450,3304 1495,3307 1540,3310 1585,3310 1629,3313 1674,3310 1719,3310 1764,3313 1809,3313 1853,3313 1898,3313 1943,3313 1988,3313 2033,3313 2077,3313 2122,3313 2167,3316 2212,3316 2256,3316 2301,3319 2346,3316 2391,3316 2436,3316 2480,3319 2525,3319 2570,3322 2615,3322 2659,3322 2704,3322 2749,3322 2794,3322 2839,3322 2883,3325 2928,3331 2955,3334"/>
                <TextEquiv>
                    <Unicode>tut (also wahrlich klüger (zu vertrauen)</Unicode>
                </TextEquiv>
            </TextLine>
            <TextLine id="tr_1_tl_17" custom="readingOrder {index:16;}">
                <Coords points="1148,3489 2431,3482 2507,3549 2781,3558 2758,3395 1148,3390"/>
                <Baseline points="1161,3460 1206,3460 1250,3460 1295,3460 1340,3462 1385,3462 1429,3460 1474,3462 1519,3462 1564,3462 1609,3462 1653,3462 1698,3462 1743,3465 1788,3465 1832,3468 1877,3468 1922,3468 1967,3468 2012,3471 2056,3468 2101,3468 2146,3471 2191,3471 2236,3468 2280,3468 2325,3468 2370,3468 2415,3471 2459,3471 2504,3474 2549,3474 2594,3477 2639,3477 2683,3477 2728,3477 2773,3483 2782,3483"/>
                <TextEquiv>
                    <Unicode>und Enttäuschungen hinzunehmen wie</Unicode>
                </TextEquiv>
            </TextLine>
            <TextLine id="tr_1_tl_18" custom="readingOrder {index:17;}">
                <Coords points="1157,3627 1766,3629 2268,3763 2955,3696 2916,3551 1387,3581 1155,3512"/>
                <Baseline points="1170,3615 1215,3615 1259,3615 1304,3615 1349,3618 1394,3618 1438,3618 1483,3618 1528,3621 1573,3621 1618,3621 1662,3621 1707,3621 1752,3627 1797,3630 1841,3630 1886,3633 1931,3630 1976,3630 2021,3630 2065,3630 2110,3630 2155,3627 2200,3627 2244,3627 2289,3627 2334,3627 2379,3630 2424,3630 2468,3630 2513,3633 2558,3636 2603,3636 2647,3636 2692,3639 2737,3642 2782,3639 2827,3639 2871,3639 2916,3639 2958,3642"/>
                <TextEquiv>
                    <Unicode>eine Schickung, als in steter Sorge zu</Unicode>
                </TextEquiv>
            </TextLine>
        </TextRegion>
    </Page>
</PcGts>
