3400 4216
2714 427 2868 574 166
1265 684 1995 863 3. Szene.
1114 925 2801 1111 :allein: Sie ist fort?... Nun ja,
958 898 1084 1086 A
1107 1093 2801 1249 was ist daran weiter Sonderbares?...
1107 1219 2896 1385 Sie wird wol in die Oper oder... nein,
1116 1389 2684 1543 nein, das ist ja unmöglich! - Mur
1121 1486 2921 1679 daran denken, macht mich beinahe toll!
1224 1699 2579 1826 - Nun, machen wir uns fertig.
1203 1874 2094 2002 ab in sein Zimmer:
1334 2149 2099 2301 4. Szene.
1166 2331 2875 2528 Albert tritt ein, Das Stubenm.  :mit
1734 2528 2411 2675 dem Frühstück:
1038 2726 2886 2905 Alb: Melden Sie mich dem Herrn Kapell-
1189 2875 2859 3054 meister. Es ist dringend. Ich habe
1199 3063 2388 3222 wichtig mit ihm zu reden.
1111 3189 2935 3387 St: stellt den Tee auf das Tischchen
1270 3403 1718 3561 am Kamin:
