3384 4136
2622 411 2739 563 41
1222 644 3031 863 Kleopatra die Mutter unseres Max, dass
1248 825 2939 982 eine seltsame Frau, mit der ich seit
1239 944 3043 1174 Jahren korrespondiere, die in der Welt
1236 1103 2993 1336 herumreist, mich in Spiriten unkreist
1248 1260 2993 1479 und mich doch nie erreichen wird, mir
1253 1426 2962 1591 den Moriz aus dem Leib meiner Gattin
1258 1617 2057 1778 geboren hat?....
1353 1747 2912 1916 Und niemals hast du das Bedürfnis
1032 1745 1265 1923 Amad:
1267 1881 2996 2080 gehabt, Maria zu deiner Freundin her-
1272 2087 1795 2268 anzuziehen?
1317 2178 3005 2406 Ich bezweifle, dass dies möglich ge-
1039 2213 1232 2373 Alb:
1279 2344 2929 2482 wesen wäre, aber ich bin froh, dass
2358 2413 3202 2580 Wie ich das so hat ich diese
1277 2523 3086 2687 ich es niemals versucht habe...) Kennst
1284 2675 2558 2813 du mich, so störst du mich.
1377 2822 2898 2996 Und hat sie nie versucht, irgend
1051 2810 1291 2998 Amad:
1289 2993 2996 3179 eine der Rollen weiterzuspielen, die
1293 3150 2342 3279 ihr zugeteilt hast?
1058 3288 2967 3438 Alb: Das kann nicht vorkommen, denn ich
1305 3466 2294 3607 weihe sie ja nie ein.
