3368 4200
2746 323 2856 450 79
990 569 2775 753 M: Nun ja, mit der Uebersiedlung von
1136 724 1973 878 hier nach Berlin.
1006 849 2804 1017 A: Das ist noch nicht so sicher.  “An-
1145 1010 2916 1183 trag" steht da - nicht "Annahme". Man
1140 1207 2798 1346 wird ja jetzt wol auch hier drauf -
1187 1328 2813 1514 kommen, was man (an ihr hat und was
1145 1492 2858 1689 man)mit ihr verlieren würde. Sie hat
1160 1635 2916 1814 sich in der letzten Zeit künstlerisch
1537 1772 1920 1895 gewaltse
1160 1819 2085 1976 so sehr entwickelt.
1196 1964 2916 2141 Ja, das ist wahr. Aber wie sie auch
1017 2029 1116 2155 M:
1160 2130 2932 2276 arbeitet. Ich habe mir das eigentlich
1165 2285 2894 2439 gar nicht vorgestellt, dass auch fer-
1214 2428 2885 2589 tige Künstlerinnen so fleissig sein
793 2513 1075 2677 Können
1205 2585 2798 2757 müssen. Heuer im Sommer, wenn ich
582 2701 1021 2872 A Musste
1160 2737 2840 2952 morgens im Garten sass mit den drei
1165 2908 2813 3071 Kindern - meinen zwei und Ihrem Pe-
1169 3100 2811 3241 terl -, übte sie schon ihre Skälen
1185 3188 2876 3403 und Läufe - wie eine Schülerin; täg-
1185 3398 2910 3555 lich von neun bis zehn, und dann wie-
1185 3506 2901 3714 der vor dem Essen von zwölf bis ein,
