3336 4152
2735 401 2865 577 60
1063 672 2967 878 nicht getan hast. Es scheint ja wirklich
1066 859 2813 1021 nicht mehr so leicht, alles zu sagen,
1080 968 2896 1189 wie früher einmal - beim besten Willen.
1068 1128 2936 1334 (Ja, manchmal scheint mir, die Dinge wer-
1092 1298 2815 1469 den anders dadurch, dass man sie aus-
1106 1465 3005 1638 spricht. Regungen sind oft leicht wie ein
1087 1574 2651 1809 Hauch, Worte sind unwiderruflich.
1185 1768 2943 1944 Solche Bedenken sind dir früher nicht
1004 1783 1116 1973 A:
1094 1913 3000 2091 gekommen, solang du nicht das Flüchtigste
1099 2084 2858 2262 zu gestehen hattest.) Es hat sich eben
1111 2217 2891 2421 doch Manches geändert im Laufe der / xxx
1106 2397 1733 2578 letzten Zeit.
1163 2528 2974 2656 Das haben wir Beide nun oft genug fest-
968 2557 1068 2694 C:
1106 2682 2630 2863 gestellt - Tag für Tag geradezu.
1161 2808 2977 3003 Das klingt beinahe wie ein Vorwurf, Cä-
968 2834 1082 3005 A:
1120 3017 1415 3162 eilie.
1158 3143 2856 3354 Nein. Wir wollten's ja nicht anders
959 3131 1116 3295 c:
1116 3319 1700 3475 Beide nicht.
1856 3333 2136 3511 andw
983 3466 2825 3651 A: Und wenn wir es gewollt hätten, was
1106 3589 3010 3800 hätte es genützt? Wir kennen einander zu
