3368 4216
2734 341 2867 577 80
1124 622 2822 864 und abends wieder eine halbe Stunde.
1118 804 2876 1042 Ich glaube, nichts auf der Welt hätte
1133 1021 2774 1196 sie diran hindern können, ihre Ska-
1133 1184 1722 1341 len zu üben.
1000 1317 2716 1486 A: Ja, das ist X ihre Art. Nun, Sie
1133 1511 1837 1638 kennen sie ja.
982 1607 2864 1840 M: Freilich kenn' ich sie; und ich hab'
323 1698 915 1894 & her so her
302 1749 2734 2024 der Arbeit lebendt mich auch nicht so sehr gewundert.
1151 1912 2858 2097 Aber so viel waren wir doch noch nie
381 2018 921 2209 tet-il rien
2450 2045 2725 2151 Albert.
1157 2121 2870 2317 zusammen. dadurch dass Sie beide uns
1169 2269 2931 2465 anfangs ganz allein liessen, und sonst
1136 2441 2417 2595 sah man ja keinen Menschen.
1175 2598 2925 2743 Sie hatten ja manchmal Besuch, - oder
994 2607 1103 2767 A:
2740 2668 3039 2777 Cicieret
1190 2752 2946 2897 wenigstens Cäcilie. :Obenhin: Der
1169 2882 2900 3106 Fürst Sigismund war doch einmal dort
828 2903 1012 3163 20
1202 3067 1686 3242 bei Ihnen
1054 3169 2982 3372 M: Der sauste nur so vorüber auf seinem
1202 3420 1429 3568 Rad.
1076 3520 2900 3731 A: Ich freue mich, dass er doch wenig-
1227 3644 2988 3919 stens Zeit hatte, dieses hübsche Bild
