3288 4152
2484 508 2666 670 162
2091 543 2996 983 Drth Teun
1283 765 1931 1006 III. A K T.
970 1016 2951 1201 Die selbe Szene. - Morgen des nächsten Ta-
1016 1196 2829 1411 ges zwischen 10 u.11 Uhr. - Zuerst ist
975 1413 1688 1536 die Bühne leer.
1213 1666 1963 1833 1. Szene.
975 1901 2876 2104 Amadeus aus seinem Zimmer links. Er geht
1038 2096 2939 2264 langsam zum Schreibtisch, nimmt die dort
1036 2216 2929 2426 liegenden Briefe in die Hand u.wirft sie
1048 2381 2919 2539 wieder hin. Dann geht er zur Terrassen-
1006 2521 3017 2671 türe, sieht hinaus, öffnet sie einen Moment
1001 2661 2979 2889 geht hinaus u. bliebt 2, 3 Sekunden draus-
1051 2794 2904 2979 sen stehen, dann schliesst er die Türe,
1016 2974 2811 3132 tritt ins Zimmer zurück, geht zur Türe
1013 3157 3002 3327 rechts /Cäciliens Zimmer/S, bleibt dort ste-
1013 3257 2919 3459 hen. Sie schläft wol noch. :Er kommt
1243 3414 3007 3582 nach vorn, geht hin u.her, dann setzt
1251 3579 2969 3782 er sich auf den Diwan, schüttelt den
