3400 4216
2606 335 2777 586 166
1020 671 2656 873 Alb: Bitte sehr: es ist dringend!
982 784 2885 1040 St: klopft u.geht ins Zimmer von Amad:
994 979 2745 1163 Alb: :mit Ueberzieher u.Stock, setzt
1134 1187 2063 1322 sich auf den Diwan:
992 1271 2931 1498 St: :von links: Der gnädige Herr kommt
1148 1489 1814 1628 sofort. :ab:
1057 1602 2907 1792 Alb: :auf, hin u.her, lacht nervös vor
1163 1737 2924 1957 sich hin, nimmt ein Kipfel und beisst
1165 1937 2084 2104 ein Stijck davon ab:
1899 2852 2104 3040 dich
