3384 4216
2736 432 2918 593 164
1211 786 2017 917 2. S zene „
1027 970 2771 1163 Das Stubenmädchen tritt ein. Amadeus
1038 1186 2805 1392 A: :leicht: Die gnädige Frau schon
1188 1413 1829 1537 fortgegangen?
1050 1496 2566 1689 St: Schon lange, gnädiger Herr.
1055 1686 2070 1849 A: zögernd: So...
1068 1787 2913 2015 St : Es wird wol über zwei Stunden sein.
1211 1957 2966 2127 Gegen ein Uhr wollte die gnädige Frau
1215 2176 1854 2295 wiederkommen.
1075 2316 1861 2456 A: So? - Danke.
1082 2445 2895 2621 St: Darf ich jetzt dem gnädigen Herrn
1236 2615 2298 2764 das Frühstück bringen?
1094 2720 2941 2899 A : Ach ja, ich habe ganz vergessen...
1250 2886 2994 3044 bringen Sie mir den Tee - aber rasch,
1252 3046 2902 3256 ich habe zutun; (ich muss fortgehen.
1117 3205 1606 3398 St: /:ab:
