3256 4056
2428 258 2612 475 219
1329 473 2981 718 Wünsche von der Art, wie sie in mir
1322 639 2955 864 gewühlt haben, nichts bedeuten? Er.
1337 803 2894 1028 scheinen dir diese Lippen, dieser
1324 933 2932 1158 Leib wirklich noch rein, der unter
1329 1112 2904 1322 manchem Blick) und in mancher Nähe
1388 1219 2917 1472 vor heissem Verlangen gebebt hat
1347 1434 2965 1616 wie es ihm vielleicht unter deinen
1337 1557 2587 1794 Küssen nie bescheiden war?
1403 1746 2914 1910 Du warst ja frei, Cäcilie, - ge-
1212 1766 1327 1904 A:
1355 1889 2850 2104 radeso frei wie ich! Was war es
1368 2030 2799 2255 denn, das dich von dem letzten
1368 2193 2863 2382 Schritt zurückgehalten hat? Das
1375 2349 2774 2549 muss doch seinen Grund haben!
1419 2480 2993 2612 Es hat einen tiefern, als du ver-
1242 2528 1362 2641 C:
1388 2610 3093 2776 mutest: ich bin eine Frau und du ein
1391 2794 2988 2901 Mann; irgend etwas macht uns noch
1393 2950 2927 3057 zögern, auch wenn wir schon voll
1406 3116 2607 3262 kommen entschlossen sind.
1705 3190 2037 3285 Und die
1276 3203 3078 3379 A: Und wie lang wolltest du mich denn
1475 3392 3103 3569 an mehr als an den Entschluss,- wie
884 3459 2937 3737 lange wolltest du mich an deine
2193 3632 3016 3855 warten an den
1521 3666 1748 3868 Cantin
