<?xml version="1.0" encoding="UTF-8" standalone="yes"?>
<PcGts xmlns="http://schema.primaresearch.org/PAGE/gts/pagecontent/2013-07-15" xmlns:xsi="http://www.w3.org/2001/XMLSchema-instance" xsi:schemaLocation="http://schema.primaresearch.org/PAGE/gts/pagecontent/2013-07-15 http://schema.primaresearch.org/PAGE/gts/pagecontent/2013-07-15/pagecontent.xsd">
    <Metadata>
        <Creator>prov=READ-COOP:name=TrHtr:version=2.1.0:model_id=51170:date=25_07_2023_03:20</Creator>
        <Created>2023-05-10T13:04:45.390+02:00</Created>
        <LastChange>2023-07-25T03:20:42.600+02:00</LastChange>
        <TranskribusMetadata docId="1428562" pageId="55407783" pageNr="58" tsid="130581692" status="IN_PROGRESS" userId="64420" imgUrl="https://files.transkribus.eu/Get?id=HDAZEXIULEKHLQJJDUDQIEQF&amp;fileType=view" xmlUrl="https://files.transkribus.eu/Get?id=CYWXUMCPVIGUCAUFSJCOSWEI" imageId="44681929"/>
    </Metadata>
    <Page imageFilename="1428562_0058.jpg" imageWidth="3304" imageHeight="4104">
        <ReadingOrder>
            <OrderedGroup id="ro_1711794365513" caption="Regions reading order">
                <RegionRefIndexed index="0" regionRef="tr_1"/>
                <RegionRefIndexed index="1" regionRef="tr_2"/>
            </OrderedGroup>
        </ReadingOrder>
        <TextRegion id="tr_1" custom="readingOrder {index:0;}">
            <Coords points="877,442 3002,442 3002,2296 877,2296"/>
            <TextLine id="tr_1_tl_1" custom="readingOrder {index:0;}">
                <Coords points="2653,549 2679,546 2708,565 2717,556 2734,556 2757,542 2769,549 2786,546 2791,413 2774,408 2746,428 2734,418 2712,413 2708,418 2658,413"/>
                <Baseline points="2668,498 2704,495 2748,495 2793,492"/>
                <TextEquiv>
                    <Unicode>59</Unicode>
                </TextEquiv>
            </TextLine>
            <TextLine id="tr_1_tl_2" custom="readingOrder {index:1;}">
                <Coords points="1097,632 1185,603 1240,629 1306,608 1354,636 1454,606 1551,634 1606,608 1606,520 1503,487 1406,534 1380,520 1351,537 1292,496 1199,494 1128,534 1097,530"/>
                <Baseline points="1110,596 1155,593 1199,593 1244,596 1289,596 1334,593 1378,593 1423,593 1468,593 1513,593 1558,593 1602,599 1611,599"/>
                <TextEquiv>
                    <Unicode>Ich hoffe.</Unicode>
                </TextEquiv>
            </TextLine>
            <TextLine id="tr_1_tl_3" custom="readingOrder {index:2;}">
                <Coords points="998,705 1012,705 1024,715 1050,696 1057,701 1069,696 1085,712 1097,712 1092,596 1069,598 1064,594 1047,606 1014,580 993,584"/>
                <Baseline points="1008,689 1053,689 1098,692 1104,695"/>
                <TextEquiv>
                    <Unicode>A:</Unicode>
                </TextEquiv>
            </TextLine>
            <TextLine id="tr_1_tl_4" custom="readingOrder {index:3;}">
                <Coords points="1157,779 1905,734 2062,815 2477,748 2781,800 2959,755 2957,632 1154,653"/>
                <Baseline points="1170,695 1214,695 1259,695 1304,698 1349,701 1393,701 1438,701 1483,701 1528,704 1572,704 1617,707 1662,710 1707,710 1752,710 1796,710 1841,710 1886,710 1931,713 1975,713 2020,713 2065,713 2110,716 2154,719 2199,722 2244,722 2289,725 2334,722 2378,725 2423,728 2468,728 2513,728 2557,728 2602,728 2647,728 2692,728 2736,728 2781,731 2826,731 2871,731 2916,731 2960,734 2963,734"/>
                <TextEquiv>
                    <Unicode>Nun, Cäcilie, du wirst mir doch wieder</Unicode>
                </TextEquiv>
            </TextLine>
            <TextLine id="tr_1_tl_5" custom="readingOrder {index:4;}">
                <Coords points="1130,940 2349,884 2997,926 2976,810 1128,786"/>
                <Baseline points="1140,841 1184,844 1229,847 1274,850 1319,850 1364,853 1408,853 1453,853 1498,853 1543,853 1587,856 1632,856 1677,859 1722,862 1766,862 1811,865 1856,865 1901,865 1946,865 1990,868 2035,871 2080,871 2125,874 2169,877 2214,874 2259,874 2304,874 2348,874 2393,877 2438,877 2483,877 2528,880 2572,880 2617,883 2662,883 2707,886 2751,886 2796,886 2841,889 2886,889 2931,892 2975,892 3002,889"/>
                <TextEquiv>
                    <Unicode>was zu erzählen haben? Noch was Anderes</Unicode>
                </TextEquiv>
            </TextLine>
            <TextLine id="tr_1_tl_6" custom="readingOrder {index:5;}">
                <Coords points="1123,1088 1565,1050 1910,1119 2560,1033 2997,1078 2952,919 1119,950"/>
                <Baseline points="1134,999 1178,999 1223,999 1268,1002 1313,1002 1358,1002 1402,1002 1447,1002 1492,1005 1537,1005 1581,1008 1626,1011 1671,1011 1716,1014 1760,1014 1805,1014 1850,1017 1895,1017 1940,1020 1984,1020 2029,1020 2074,1023 2119,1026 2163,1026 2208,1026 2253,1026 2298,1026 2343,1029 2387,1029 2432,1032 2477,1032 2522,1035 2566,1032 2611,1038 2656,1038 2701,1038 2745,1038 2790,1041 2835,1044 2880,1047 2925,1047 2969,1050 3002,1053"/>
                <TextEquiv>
                    <Unicode>als über Friederikens Porträt. - Was X</Unicode>
                </TextEquiv>
            </TextLine>
            <TextLine id="tr_1_tl_7" custom="readingOrder {index:6;}">
                <Coords points="1102,1223 1786,1252 2009,1180 2603,1254 2895,1223 2840,1074 2406,1140 1100,1092"/>
                <Baseline points="1116,1152 1161,1152 1205,1155 1250,1155 1295,1158 1340,1158 1384,1158 1429,1161 1474,1164 1519,1164 1563,1164 1608,1164 1653,1164 1698,1167 1743,1167 1787,1170 1832,1170 1877,1172 1922,1175 1966,1175 2011,1175 2056,1178 2101,1181 2146,1181 2190,1181 2235,1181 2280,1181 2325,1184 2369,1187 2414,1187 2459,1190 2504,1190 2548,1190 2593,1190 2638,1190 2683,1190 2728,1190 2772,1193 2817,1196 2862,1199 2898,1202"/>
                <TextEquiv>
                    <Unicode>habt ihr denn mit einander gesprochen?</Unicode>
                </TextEquiv>
            </TextLine>
            <TextLine id="tr_1_tl_8" custom="readingOrder {index:7;}">
                <Coords points="864,1370 898,1363 910,1368 926,1361 952,1378 969,1378 969,1214 931,1223 917,1237 902,1223 864,1230"/>
                <Baseline points="877,1322 922,1322 967,1322 973,1322"/>
                <TextEquiv>
                    <Unicode>C:</Unicode>
                </TextEquiv>
            </TextLine>
            <TextLine id="tr_1_tl_9" custom="readingOrder {index:8;}">
                <Coords points="1050,1378 2857,1399 2855,1290 2551,1256 1047,1252"/>
                <Baseline points="1062,1325 1107,1322 1152,1322 1196,1325 1241,1328 1286,1328 1331,1328 1375,1331 1420,1331 1465,1331 1510,1334 1555,1334 1599,1334 1644,1331 1689,1334 1734,1334 1778,1337 1823,1337 1868,1340 1913,1340 1957,1343 2002,1343 2047,1343 2092,1343 2137,1343 2181,1343 2226,1346 2271,1346 2316,1346 2360,1346 2405,1349 2450,1349 2495,1349 2540,1349 2584,1352 2629,1352 2674,1352 2719,1352 2763,1355 2808,1358 2853,1361 2862,1361"/>
                <TextEquiv>
                    <Unicode>Die Worte findet man doch nicht wieder.</Unicode>
                </TextEquiv>
            </TextLine>
            <TextLine id="tr_1_tl_10" custom="readingOrder {index:9;}">
                <Coords points="1000,1508 1385,1515 1518,1591 1886,1508 2107,1563 2840,1530 2838,1451 2724,1406 2261,1451 1000,1401"/>
                <Baseline points="1014,1489 1059,1483 1104,1483 1149,1483 1193,1483 1238,1483 1283,1483 1328,1483 1372,1486 1417,1486 1462,1489 1507,1489 1552,1492 1596,1492 1641,1492 1686,1492 1731,1492 1775,1492 1820,1492 1865,1495 1910,1492 1954,1495 1999,1495 2044,1495 2089,1498 2134,1498 2178,1498 2223,1498 2268,1501 2313,1501 2357,1504 2402,1504 2447,1504 2492,1504 2537,1507 2581,1507 2626,1507 2671,1507 2716,1507 2760,1510 2805,1513 2847,1513"/>
                <TextEquiv>
                    <Unicode>:Seht auf; langsam nach links zum Kamin</Unicode>
                </TextEquiv>
            </TextLine>
            <TextLine id="tr_1_tl_11" custom="readingOrder {index:10;}">
                <Coords points="995,1648 1142,1703 2007,1665 2484,1743 2746,1670 2743,1558 2615,1608 2126,1548 1831,1601 993,1572"/>
                <Baseline points="1008,1632 1053,1632 1098,1632 1143,1635 1187,1635 1232,1638 1277,1638 1322,1638 1367,1641 1411,1641 1456,1641 1501,1644 1546,1641 1590,1644 1635,1644 1680,1644 1725,1644 1769,1647 1814,1647 1859,1647 1904,1650 1949,1650 1993,1653 2038,1650 2083,1653 2128,1653 2172,1653 2217,1659 2262,1659 2307,1659 2351,1656 2396,1659 2441,1659 2486,1659 2531,1662 2575,1662 2620,1665 2665,1665 2710,1665 2751,1671"/>
                <TextEquiv>
                    <Unicode>Sie klingen auch anders, wenn man sie</Unicode>
                </TextEquiv>
            </TextLine>
            <TextLine id="tr_1_tl_12" custom="readingOrder {index:11;}">
                <Coords points="995,1841 1423,1850 1515,1824 1613,1852 1665,1829 1793,1876 1791,1750 1734,1729 1603,1750 1513,1710 1465,1748 1404,1700 1294,1734 993,1741"/>
                <Baseline points="1008,1787 1053,1787 1098,1787 1143,1790 1187,1790 1232,1790 1277,1787 1322,1790 1367,1793 1411,1793 1456,1793 1501,1796 1546,1796 1590,1796 1635,1796 1680,1796 1725,1799 1769,1802 1799,1802"/>
                <TextEquiv>
                    <Unicode>nur wiederfindet.</Unicode>
                </TextEquiv>
            </TextLine>
            <TextLine id="tr_1_tl_13" custom="readingOrder {index:12;}">
                <Coords points="902,1962 922,1957 931,1966 940,1962 950,1966 967,1955 983,1971 1000,1971 995,1874 950,1874 943,1881 922,1874 898,1874"/>
                <Baseline points="916,1940 961,1943 1005,1943"/>
                <TextEquiv>
                    <Unicode>A:</Unicode>
                </TextEquiv>
            </TextLine>
            <TextLine id="tr_1_tl_14" custom="readingOrder {index:13;}">
                <Coords points="1085,2012 1553,1962 1772,2016 2083,1974 2356,2035 2857,2028 2855,1876 2774,1845 2434,1910 2164,1862 1743,1912 1525,1850 1083,1895"/>
                <Baseline points="1098,1943 1143,1943 1187,1946 1232,1949 1277,1949 1322,1949 1367,1949 1411,1949 1456,1949 1501,1952 1546,1952 1590,1954 1635,1954 1680,1957 1725,1954 1769,1954 1814,1957 1859,1957 1904,1960 1949,1963 1993,1969 2038,1969 2083,1972 2128,1975 2172,1972 2217,1969 2262,1966 2307,1969 2351,1969 2396,1969 2441,1972 2486,1975 2531,1975 2575,1978 2620,1978 2665,1978 2710,1975 2754,1975 2799,1978 2844,1978 2862,1978"/>
                <TextEquiv>
                    <Unicode>Das ist sehr richtig. (Pause, zu ihr</Unicode>
                </TextEquiv>
            </TextLine>
            <TextLine id="tr_1_tl_15" custom="readingOrder {index:14;}">
                <Coords points="1026,2130 2617,2171 2807,2145 2805,2019 1024,2045"/>
                <Baseline points="1038,2092 1083,2095 1128,2098 1172,2101 1217,2104 1262,2107 1307,2107 1352,2107 1396,2104 1441,2107 1486,2107 1531,2107 1575,2110 1620,2110 1665,2110 1710,2110 1755,2110 1799,2113 1844,2113 1889,2116 1934,2116 1978,2119 2023,2122 2068,2122 2113,2122 2157,2122 2202,2122 2247,2122 2292,2122 2337,2122 2381,2125 2426,2128 2471,2128 2516,2125 2560,2128 2605,2131 2650,2131 2695,2131 2739,2131 2784,2131 2814,2134"/>
                <TextEquiv>
                    <Unicode>hin: | Nun, Cäcilie, sage mir (doch)was</Unicode>
                </TextEquiv>
            </TextLine>
            <TextLine id="tr_1_tl_16" custom="readingOrder {index:15;}">
                <Coords points="986,2290 1209,2337 1703,2294 1921,2377 2731,2308 2729,2192 2627,2164 1995,2223 986,2194"/>
                <Baseline points="999,2244 1044,2250 1089,2250 1134,2253 1178,2253 1223,2256 1268,2256 1313,2259 1358,2256 1402,2259 1447,2259 1492,2259 1537,2262 1581,2262 1626,2262 1671,2262 1716,2262 1760,2262 1805,2265 1850,2265 1895,2268 1940,2271 1984,2271 2029,2274 2074,2271 2119,2274 2163,2274 2208,2274 2253,2274 2298,2274 2343,2277 2387,2277 2432,2280 2477,2280 2522,2280 2566,2280 2611,2280 2656,2283 2701,2283 2734,2286"/>
                <TextEquiv>
                    <Unicode>du mir zu sagen hast. Wir wollen doch</Unicode>
                </TextEquiv>
            </TextLine>
        </TextRegion>
        <TextRegion id="tr_2" custom="readingOrder {index:1;}">
            <Coords points="820,2355 2886,2355 2886,3857 820,3857"/>
            <TextLine id="tr_2_tl_1" custom="readingOrder {index:0;}">
                <Coords points="974,2437 1472,2520 1779,2425 2133,2501 2206,2446 2722,2470 2764,2375 2261,2346 2045,2401 1157,2318 971,2366"/>
                <Baseline points="987,2405 1032,2405 1077,2405 1122,2405 1167,2408 1211,2408 1256,2411 1301,2411 1346,2411 1390,2411 1435,2411 1480,2414 1525,2414 1569,2417 1614,2417 1659,2417 1704,2417 1749,2417 1793,2417 1838,2420 1883,2420 1928,2423 1972,2423 2017,2426 2062,2429 2107,2426 2151,2429 2196,2429 2241,2429 2286,2432 2331,2432 2375,2432 2420,2432 2465,2432 2510,2435 2554,2435 2599,2435 2644,2438 2689,2438 2734,2438 2769,2444"/>
                <TextEquiv>
                    <Unicode>nichts hinausschieben... auch das wäre</Unicode>
                </TextEquiv>
            </TextLine>
            <TextLine id="tr_2_tl_2" custom="readingOrder {index:1;}">
                <Coords points="974,2608 2886,2627 2883,2510 2779,2472 2411,2534 971,2468"/>
                <Baseline points="987,2563 1032,2563 1077,2563 1122,2563 1167,2563 1211,2566 1256,2569 1301,2569 1346,2566 1390,2569 1435,2569 1480,2569 1525,2572 1569,2572 1614,2572 1659,2572 1704,2572 1749,2572 1793,2575 1838,2575 1883,2575 1928,2578 1972,2581 2017,2581 2062,2581 2107,2584 2151,2584 2196,2584 2241,2584 2286,2584 2331,2584 2375,2587 2420,2587 2465,2590 2510,2590 2554,2593 2599,2593 2644,2593 2689,2596 2734,2596 2778,2596 2823,2596 2868,2596 2886,2599"/>
                <TextEquiv>
                    <Unicode>ganz gegen die Abrede. Es wäre unser (auch</Unicode>
                </TextEquiv>
            </TextLine>
            <TextLine id="tr_2_tl_3" custom="readingOrder {index:2;}">
                <Coords points="969,2724 1121,2786 2377,2746 2764,2791 2762,2662 2088,2698 1147,2629 969,2677"/>
                <Baseline points="981,2713 1026,2713 1071,2713 1116,2713 1161,2716 1205,2716 1250,2716 1295,2719 1340,2719 1384,2719 1429,2722 1474,2725 1519,2728 1563,2728 1608,2728 1653,2728 1698,2728 1743,2728 1787,2731 1832,2731 1877,2731 1922,2731 1966,2734 2011,2734 2056,2734 2101,2734 2146,2736 2190,2739 2235,2736 2280,2739 2325,2742 2369,2742 2414,2742 2459,2745 2504,2745 2548,2745 2593,2748 2638,2748 2683,2751 2728,2751 2769,2754"/>
                <TextEquiv>
                    <Unicode>nicht würdig. Reden wir nur so ehrlich</Unicode>
                </TextEquiv>
            </TextLine>
            <TextLine id="tr_2_tl_4" custom="readingOrder {index:3;}">
                <Coords points="962,2940 1330,2890 2807,2947 2805,2857 2712,2819 957,2810"/>
                <Baseline points="973,2865 1017,2865 1062,2868 1107,2868 1152,2868 1196,2871 1241,2874 1286,2871 1331,2874 1375,2874 1420,2874 1465,2877 1510,2880 1555,2880 1599,2883 1644,2883 1689,2883 1734,2883 1778,2883 1823,2886 1868,2886 1913,2886 1957,2889 2002,2892 2047,2892 2092,2895 2137,2895 2181,2895 2226,2895 2271,2898 2316,2898 2360,2898 2405,2901 2450,2901 2495,2901 2540,2904 2584,2904 2629,2907 2674,2907 2719,2907 2763,2910 2808,2910 2814,2913"/>
                <TextEquiv>
                    <Unicode>mit einander, wie wir es immer getan ha-</Unicode>
                </TextEquiv>
            </TextLine>
            <TextLine id="tr_2_tl_5" custom="readingOrder {index:4;}">
                <Coords points="957,3038 1240,3099 1810,3045 1905,3116 2145,3059 2788,3083 2786,2992 2617,2950 2420,3007 955,2957"/>
                <Baseline points="970,3017 1014,3017 1059,3020 1104,3023 1149,3026 1193,3026 1238,3026 1283,3029 1328,3029 1372,3029 1417,3029 1462,3029 1507,3032 1552,3032 1596,3035 1641,3038 1686,3038 1731,3038 1775,3038 1820,3041 1865,3041 1910,3041 1954,3044 1999,3044 2044,3044 2089,3047 2134,3047 2178,3050 2223,3053 2268,3053 2313,3053 2357,3056 2402,3053 2447,3056 2492,3056 2537,3059 2581,3059 2626,3062 2671,3062 2716,3062 2760,3062 2793,3065"/>
                <TextEquiv>
                    <Unicode>ben.... wie wir’s immer getan haben. Du</Unicode>
                </TextEquiv>
            </TextLine>
            <TextLine id="tr_2_tl_6" custom="readingOrder {index:5;}">
                <Coords points="955,3240 1116,3204 1492,3280 1648,3211 2363,3266 2755,3228 2693,3123 2007,3099 1876,3147 1513,3059 1264,3128 952,3099"/>
                <Baseline points="967,3172 1011,3172 1056,3175 1101,3178 1146,3181 1190,3181 1235,3181 1280,3184 1325,3187 1369,3190 1414,3187 1459,3184 1504,3187 1549,3187 1593,3190 1638,3193 1683,3190 1728,3193 1772,3196 1817,3196 1862,3199 1907,3199 1952,3199 1996,3199 2041,3199 2086,3202 2131,3202 2175,3202 2220,3205 2265,3205 2310,3208 2354,3211 2399,3211 2444,3214 2489,3214 2534,3214 2578,3214 2623,3214 2668,3214 2713,3214 2757,3220 2760,3220"/>
                <TextEquiv>
                    <Unicode>hast mir doch bisher niemals irgend et-</Unicode>
                </TextEquiv>
            </TextLine>
            <TextLine id="tr_2_tl_7" custom="readingOrder {index:6;}">
                <Coords points="957,3346 1475,3439 1601,3377 1784,3396 1857,3356 2301,3401 2275,3251 2140,3301 1902,3254 1575,3308 1463,3258 1366,3292 955,3240"/>
                <Baseline points="970,3324 1014,3324 1059,3327 1104,3330 1149,3336 1193,3336 1238,3339 1283,3339 1328,3339 1372,3336 1417,3339 1462,3342 1507,3345 1552,3345 1596,3345 1641,3348 1686,3348 1731,3348 1775,3348 1820,3348 1865,3351 1910,3351 1954,3351 1999,3354 2044,3354 2089,3354 2134,3354 2178,3354 2223,3357 2268,3357 2304,3363"/>
                <TextEquiv>
                    <Unicode>was - - nein, nein. verzeih'!</Unicode>
                </TextEquiv>
            </TextLine>
            <TextLine id="tr_2_tl_8" custom="readingOrder {index:7;}">
                <Coords points="808,3472 822,3472 853,3494 869,3491 886,3501 907,3498 905,3396 888,3396 881,3401 864,3384 843,3377 838,3380 829,3375 803,3375"/>
                <Baseline points="820,3480 865,3480 910,3483 913,3483"/>
                <TextEquiv>
                    <Unicode>C:</Unicode>
                </TextEquiv>
            </TextLine>
            <TextLine id="tr_2_tl_9" custom="readingOrder {index:8;}">
                <Coords points="998,3548 2741,3551 2710,3403 2420,3458 1810,3456 1665,3396 993,3430"/>
                <Baseline points="1008,3483 1053,3483 1098,3486 1143,3486 1187,3486 1232,3489 1277,3489 1322,3489 1367,3492 1411,3495 1456,3495 1501,3495 1546,3498 1590,3498 1635,3501 1680,3501 1725,3501 1769,3504 1814,3507 1859,3507 1904,3507 1949,3507 1993,3510 2038,3510 2083,3510 2128,3510 2172,3513 2217,3513 2262,3516 2307,3516 2351,3518 2396,3518 2441,3518 2486,3521 2531,3521 2575,3521 2620,3521 2665,3524 2710,3527 2745,3527"/>
                <TextEquiv>
                    <Unicode>Warum entschuldigst du dich? Ich habe</Unicode>
                </TextEquiv>
            </TextLine>
            <TextLine id="tr_2_tl_10" custom="readingOrder {index:9;}">
                <Coords points="952,3717 1244,3736 1382,3674 1936,3729 2071,3665 2807,3724 2838,3584 2232,3615 1499,3551 1140,3603 948,3555"/>
                <Baseline points="964,3638 1008,3638 1053,3641 1098,3641 1143,3644 1187,3644 1232,3647 1277,3647 1322,3650 1367,3650 1411,3650 1456,3653 1501,3650 1546,3653 1590,3653 1635,3653 1680,3656 1725,3656 1769,3659 1814,3659 1859,3659 1904,3659 1949,3662 1993,3662 2038,3662 2083,3665 2128,3665 2172,3668 2217,3668 2262,3671 2307,3671 2351,3674 2396,3674 2441,3677 2486,3677 2531,3680 2575,3683 2620,3683 2665,3683 2710,3683 2754,3683 2799,3686 2844,3686 2847,3686"/>
                <TextEquiv>
                    <Unicode>dir gewiss noch nichts verschwiegen; aber</Unicode>
                </TextEquiv>
            </TextLine>
            <TextLine id="tr_2_tl_11" custom="readingOrder {index:10;}">
                <Coords points="950,3852 1717,3821 2225,3893 2807,3883 2805,3752 2498,3726 2415,3772 2073,3724 948,3755"/>
                <Baseline points="961,3796 1005,3796 1050,3796 1095,3799 1140,3802 1184,3805 1229,3802 1274,3805 1319,3805 1364,3805 1408,3805 1453,3805 1498,3808 1543,3808 1587,3811 1632,3811 1677,3814 1722,3814 1766,3817 1811,3817 1856,3817 1901,3820 1946,3820 1990,3820 2035,3823 2080,3823 2125,3823 2169,3823 2214,3826 2259,3829 2304,3832 2348,3835 2393,3835 2438,3838 2483,3838 2528,3841 2572,3838 2617,3838 2662,3841 2707,3841 2751,3841 2796,3844 2814,3847"/>
                <TextEquiv>
                    <Unicode>auch ich habe manchmal Zweifel, ob du es</Unicode>
                </TextEquiv>
            </TextLine>
        </TextRegion>
    </Page>
</PcGts>
