3352 4120
2535 393 2705 619 231.
1089 604 2936 871 :mit Blick auf den Jungen, ausbrechend
925 730 1043 886 A:
1069 801 2923 1038 Wie soll denn das werden? Wie wird denn
1081 979 2145 1176 das zu ertragen sein?
1099 1084 2987 1305 Es wird zu ertragen sein, Amadeus, auch
956 1197 1063 1305 C:
1105 1233 2921 1505 für dich. Wir haben zu arbeiten. - Und
1071 1410 3041 1613 wie wär's denn, Albertus, wenn Sie mit ihm
1148 1577 3003 1790 wegfuhren? Ich kümmere mich während der
1148 1716 2977 1927 Zeit um Maria; das wird vielleicht das
1120 1909 2322 2096 Beste sein, für uns alle.
992 2040 3036 2253 Alb: Nimmst du mich mit, Amadeus? Wir könn-
1156 2204 2862 2397 ten zusammen den dritten Akt zu Ende
1143 2348 3023 2566 bringen... Nun ja, man lebt doch weiter!
1069 2494 3036 2710 A: Ein sonderbares Gefühl, mit einem Male
1171 2672 2859 2836 wieder allein in der Welt zu stehen!
1033 2810 3103 3029 C: Irgendwo in der Welt sind auch wir: dein
1176 2959 2772 3185 Kind und die Mutter deines Kindes.
1040 3100 2931 3321 P: Also was ist denn? Schau doch, Mama,
1194 3257 3067 3491 wie die zappeln! Das ist der König, und
1246 3452 2163 3658 das ist der Teufel.
1079 3576 3131 3781 Alb: Na, Bub, komm! Du sollt uns dein Stück
