3352 4104
2666 284 2906 555 227
1191 783 1657 892 Szene
869 884 2617 1074 Albertus tritt ein. Cäcilie, Amadeus
889 1090 2929 1315 Alb: Ich bitte um Entschuldigung, dass ich
1024 1244 2797 1427 so unangemeldet eintrete. - Sie waren
1021 1399 2888 1624 heute morgens bei meiner Frau, Cäcilie?
953 1634 1262 1781 C Ja.
912 1700 2810 1938 Alb:  Weissf sie, dass Fichtenstein fort
1052 1943 1343 2111 ist?
920 2004 2830 2209 C: Sie wusste es noch nicht Er war eben
1057 2182 2394 2389 hier, um uns adieu zu sagen.
983 2296 2964 2506 Alb: Er ist vor ihr geflohen. Das ist das
1122 2455 2863 2704 Boschämende. Wahrhaftig, ich bin ver-
1130 2640 2899 2843 letzt für sie! So ein Mensch bin ich.
960 2812 2947 2985 C: Nicht geflohen. Er will ihr Zeit zu ru-
1135 2997 2346 3167 higer Ueberlegung lassen.
965 3066 2886 3291 Alb: O, ich gebe sie selbstverständlich
1115 3281 2921 3448 frei! Sie kann von mir gehen, wann sie
1125 3489 1388 3598 will.
1034 3583 2260 3816 C: Sie wird es nicht tun.
