3336 4104
2726 257 2900 404 188
1161 487 2816 738 wegung: Ich... mein lieber Kapell
1152 619 2768 823 meister, darin haben wir eben ver-
1155 779 2864 979 schiedene Auffassungen. - Auch heute
1177 953 2922 1159 hat es mich eine getisse Ueberwindung
1181 1078 2706 1282 gekostet, meinen Fuss über diese
1181 1238 2856 1436 Schwelle zu setzen; aber es war not-
1192 1407 2937 1580 wendig, denn den Zustand, wie er sich
1196 1532 2948 1756 im Laufe der letzten Monate gestaltet
1196 1701 2952 1923 hat, den halte ich absolut nicht aus!
1203 1859 2926 2101 Und ei wird umso unerträglicher, als
1890 2022 1984 2105 G.F.P
1212 2013 2976 2188 auf die einfachste Weise von der Welt
1179 2145 2941 2452 ein anderer, vernünftigerer und - ich
1227 2316 2869 2592 darf wol sagen - moralisch einwand-
1245 2485 2774 2658 freier Zustand geschaffen werden
1249 2605 2974 2823 könnte, als uns über Nacht zu sozusa-
1251 2761 2961 2979 gen die Möglichkeit geboten wäre, in
1306 2908 2933 3115 zwangloser Weise wie früher zu ver-
1264 3064 2886 3352 kehren, woran mir auch nicht wenig
1269 3224 2862 3499 liegt, da ich Sie als Künstler zu
1280 3389 2627 3587 schätzen nie aufgehört habe.
