3480 4200
2211 447 2401 605 146
1311 578 2918 858 neuen Schicksalen und Erwartungen.
1365 760 2975 1017 Hier bin ich ruhig – bei dir. Hier
1188 925 1296 1060 C:
1344 921 2922 1171 will ich und werd' ich's sein. Wo
1357 1067 2929 1319 wäre denn der Sinn unseres ganzen
1363 1230 3008 1499 zusammenlebens, wenn hier nicht der
1374 1390 2922 1618 Friede wäre? Was immer mir in der
1386 1507 3016 1751 Welt beschieden sein mag: wenn ich
1407 1660 3010 1929 hier eintrete, wird es abgeglitten
1415 1806 3069 2069 sein. Die Stürme sind nur draussen.
1451 1964 3094 2223 Dafür kannst du heute nicht einste-
1288 2144 1403 2307 A:
1440 2121 3085 2371 hen, Cäcilie. Es könnten Dinge kom-
1447 2265 3081 2586 men, die sich schwerer an dich hän-
1463 2518 2607 2680 gen, als du heute ahnst,
1520 2572 3067 2820 Immer werde ich so viel Kraft be-
1493 2720 3173 2983 halten, um abzuwerfen, was ich will,
1342 2753 1457 2883 C:
1509 2870 3085 3204 ehe ich in dieses Haus trete. Und
1520 3046 3064 3371 sollte sie mir einmal fehlen, so
1538 3167 3204 3430 werde ich eben vor der Türe bleiben.
1589 3342 3215 3570 Nein, das darf nicht sein! Das wäre
1434 3513 1524 3632 A:
1616 3463 3190 3764 gegen die Abrede. Gerade, wenn du
1630 3628 3117 3870 Schweres durchmachsten, bin ich je
