3352 4136
2592 301 2797 535 206
953 590 2874 784 Amad: Bite, wollen Sie nicht zu mir ein-
1154 741 2523 951 treten, Herr Fichtenstein?
1010 910 2845 1084 Fichtenst: :eintretend: | Wenn Sie ge¬
1156 1039 2824 1261 statten. - Sie verzeichen, dass ich
1168 1190 2833 1417 in Ihrem Garten auf- und abgegangen
1163 1347 2881 1612 bin; der Tag ist heute so schön; man
1175 1565 2759 1703 sagte mir auch, Ihre Frau Gemalin
1180 1648 2950 1882 würde bald nach Hause kommen, und ich
1190 1820 2967 2042 wollte doch nicht Wien verlassen, ohne
1206 1949 2960 2205 von Ihnen beiden Abschi d genommen zu
1242 2188 1557 2405 haben.
1025 2315 2272 2532 A: Wird das so bald sein?
1027 2453 2236 2680 F: Ja, in wenig Stunden.
1032 2661 1560 2852 Amad: Oh!
1041 2740 2673 2984 F: Warum lächeln Sie, Herr Adams?
1237 2900 2998 3113 Entschuldigen Sie, Herr Fichtenstein,
1061 2995 1180 3184 A:
1259 3067 3027 3287 Herr Roon war vorher bei mir, und ich
1264 3189 3015 3440 bin ein venig eingeweiht in die Din-
1285 3402 2093 3593 ge, die vorgehen.
