3384 4104
1226 627 2864 848 kalischen Stadt an, dass Ihnen aus-
1226 815 2977 982 schliesslich Leute applaudiert haben,
1229 966 2964 1115 die von Ihnen bezahlt sind... Sie la-
1240 1104 2980 1305 chen? - Sie werden nicht mehr lachen,
1235 1269 3050 1450 wenn sich einmal einer von diesen armen
1231 1437 3041 1561 Teufeln im Gefühl der Schmach, dass er
1240 1577 2948 1749 seine ehrliche Ueberzeugung für zwei
1240 1738 2919 1851 bis drei Kronen per Abend verkaufen
1235 1876 3050 2052 musste, an einer Säule der vierten Gal
1244 2052 2450 2177 lerie erhenkt haben wird.
1328 2204 2439 2342 Ich liebe Sie, Amadeus.
962 2231 1267 2364 Fried:
1294 2351 2975 2523 Bitte, lassen Sie das! Wieder am
966 2419 1213 2529 Amad:
1247 2514 2928 2681 Klavuer; spielt: Weiter. “Was log
1267 2701 1885 2826 der böse....
1324 2799 3000 3050 :singt: "Was log der böse Tag dir
943 2882 1240 3014 Fried:
1301 2982 2898 3152 vor, dass die für dich beschieden,
1299 3158 1973 3303 die Traute...
1362 3281 3014 3480 :unterbricht: | Nein, nein, es geht
1023 3339 1283 3509 Amad:
1358 3444 3050 3634 nicht!... Bitten Sie doch den Direk-
