3464 4136
2849 338 2973 492 25
2169 415 2475 591 a cuité
1458 527 2999 731 sein Werk zu legen: Mut, Vornehm-
1451 697 2952 882 heit, Leidenschaft,- und zum täg¬
1526 864 3029 1043 lichen Gebrauch nichts übrig be-
2015 989 2098 1096 be
1473 998 3087 1200 halten als Geist. Zu Nik:
1445 1148 3094 1354 sollten Sie aber wirklich notieren.
1359 1329 3090 1535 Nik: Verlassen Sie sich auf mein Ge-
1511 1490 3023 1649 dächtnis, Herr Rhon. :Zu Amad:
1503 1615 3135 1819 Herr Kapellmeister, ich freue mich
1991 1767 2382 1881 die zu sehr
1522 1769 3221 1982 sehr, (ihre persönliche Bekanntschaft
1539 1918 3165 2154 gemacht zu haben Ich habe im vori-
1514 2070 3126 2341 gen Jahre Ihre dritte Symphenie ge-
1539 2214 3148 2472 hört und zähle zu Ihren aufrichti-
759 2417 1357 2574 ous il nieux
1535 2460 2363 2644 gen Bewunderern.
894 2518 1342 2700 Ihr Gewas
1419 2578 3148 2840 Alb: Nun, und was ich Ihnen neulich
1576 2703 3053 2946 aus unserer Oper verspielte -?
1443 2879 3029 3077 Nik! Darüber fehlt mir das Urteil
1967 2969 3167 3135 eine sich undeutliche Art haben
1615 3057 3023 3242 da Sie sehr undeutlich Klavier
1608 3178 3169 3408 spielen. - Aber ich werde bitten,
1604 3356 3236 3593 mich zu entschuldigen. Ich muss in
1619 3550 2397 3732 meine Vorlesung.
