3384 4104
2765 348 2958 539 228
1055 588 2796 828 Alb: Glauben Sie? Mir kann sie doch
1151 740 3049 970 nichts mehr bedeuten. Wenn ihr nächstens
1185 935 2963 1126 ein Anderer begegnet, dem sie zutraut,
1190 1082 3046 1308 dass er für seine Ideen den Kopf riskie-
1173 1237 3095 1462 ren könnte, so wirft sie sich dem an den
1232 1376 2858 1619 Hals,- und wenn's ein Luftschiffer
1200 1616 1474 1753 wäre!
1222 1682 2963 1903 Versuchen doch sie, der Luftschiffer
1058 1741 1185 1915 c:
1197 1937 1619 2086 zu sein.
1090 1983 3058 2209 Alb: Bei unserm Beruf kann es ja den Hals
1273 2118 3036 2370 nicht kosten, — und nur das imponiert
2358 2275 2635 2388 versteint
1239 2326 3049 2522 ihr! Freilich, wenn sie ahnte, dass es
1232 2463 3115 2686 Besseres einzusetzen giebt als das Biss-
1300 2591 3112 2819 chen Leben... :Er setzt sich: Ich
1303 2772 2963 2983 bitte um Entschuldigung. :Zögert:
1315 2948 3007 3171 Und was deinen Auftrag anbelangt....
1146 3000 3120 3377 A: Du hast den Fürsten nicht angetroffen;
1276 3227 3058 3438 ich weiss es, er war vor einer Stunde
1283 3460 1861 3624 selbst hier.
1212 3560 2084 3818 Alb: Was ist das?
