3352 4136
615 491 2613 754 wen habe jesten in ihm seinig davon gefrochen 2.06
912 669 2625 947 S: Ich weiss xxx Sie drigieren Ihre
1014 922 1396 1053 vierte.
880 1029 2196 1237 A: Erst die dritte.
915 1190 2556 1373 S: Wohin fahren Sie denn überall?
964 1319 2645 1522 A: Zuerst Rheingegend, dann Frank-
1024 1485 2737 1668 reich, später Venedig, Mailand, Rom.
977 1651 2702 1844 S: Möglich, dass wir uns dort begeg¬
2171 1740 2263 1814 in
1021 1752 2754 2008 nen. Aber in Ihre Konzerte komm' ich
1021 1941 2801 2152 nicht. Ich verstehe Ihre Symphonieen
1024 2060 2908 2300 nicht. - Das wird auch kommen; man wird
1049 2246 2779 2422 ja immer gescheiter: Erfahrungen und
1046 2390 2719 2580 Schmerzen reifen. - So, jetzt macht
1066 2513 2848 2761 er Spässe, werden Sie sich denken; es
1068 2682 2702 2945 ist mir aber wirklich gar nicht so
1061 2833 2637 3098 lustig zumute. - Grüss' Sie Gott,
1076 2989 2541 3267 lieber Kapellmeister.
1113 3126 2511 3398 Sir F.TrubyKing.
