3384 4120
2706 316 2891 490 217
1177 528 2770 770 A: Ja, bei mir. Und das Gespräch
1324 718 2820 911 entwickelte sich so, dass es in
1281 846 2915 1058 dieser ganzen Sache kein Geheimnis
1322 1015 2304 1196 mehr für mich giebt.
1324 1139 2580 1367 Und was wollte er von dir?
1153 1243 1270 1372 C:
1151 1312 2727 1543 A: Was er wollte?... Deine Hand!
1170 1448 2891 1671 C: So? - Und du hast sie ihm verwei¬
1303 1662 1576 1828 gert?
1170 1759 2877 1976 A: (Dazu steht mir gewiss kein Recht
1310 1892 2905 2118 zu. Aber) vorläufig hab' ich wenig.
1365 2064 2991 2301 stens keinen Anlass gehabt, in die
1367 2221 2955 2432 Scheidung zu willigen, die er ver-
1336 2380 2832 2594 langte. Und er sendet dir durch
1372 2542 2672 2744 mich seinen Abschiedsgruss.
1194 2675 2998 2915 C: Also darum mit einem Male so wohl-
1305 2912 1707 3041 geläunt?
1205 2977 3122 3202 A: Ja, Sie mir zumute war, als ich all-
1369 3107 2969 3357 mälig die Wahrheit erraten konnte,
1360 3269 2565 3395 aber kannst dieses möge dann
1419 3307 2986 3512 ... denn du weisst ja, wie ich un-
1422 3452 2998 3640 ter dem, was ich für die Wahrheit
1426 3578 2981 3821 hielt, gelitten hatte... Mir war
