6231 4648
1388 297 2179 449 NEUE FRÈIE PRESSE.
3512 313 4599 500 Wien, den 3. August 1931.
1594 449 1972 555 EDAKITION:
1362 513 2117 662 Schubertring, Fichlegasse 9—11
1588 671 1998 762 Telephon: U-18-5-95.
1439 746 2137 826 Telegramm-Adresse: Etienne Wien.
2624 633 3195 949 Je lerai
2498 1149 3628 1327 Sehr verehrter Herr Doktor
2492 1404 4412 1546 Verzeihen Sie, wenn ich meine Gefühle anlässlich
1869 1533 4364 1698 des Interviews im Neuen Wiener Journal nicht gänzlich zu unter¬
1885 1672 4402 1827 drücken vermag. Ich muss es doch als schmerzlich empfinden, dass
2233 1801 2427 1885 so a
1865 1811 4302 1995 wir trotz wiederholter Bitte derartige Beiträge nie empfangen
1872 1962 4422 2108 konnten, während Herr J.Pazl anscheinend das Zauberwort gefunden
1891 2056 4322 2214 hat. Es ist selbstverständlich, dass wir keinerlei "Ansprüche"
1898 2204 4399 2340 erheben können. Aber wir dachten, dass wir mindestens der Meist-
1895 2324 4483 2450 beginnntigung in dieser Richtung würdig wären. oder sollte es sich
1895 2456 3324 2588 wieder um einen Missbrauch handeln?
2514 2556 4360 2708 Ich wäre Ihnen, sehr verehrter Herr Doktor, zu
1891 2714 4435 2856 herzlichstem Danke verpflichtet, wenn ich darüber eine Nachricht
1911 2860 2588 2998 empfangen könnte.
2514 2950 3547 3111 In aufrichtiger Verehrung
3586 3073 4122 3231 Ihr ergebener
3031 3202 4399 3512 Dr Ernst Revedy K
5680 452 6026 678 V. 4. 9.
5474 649 5684 813 ndera
5493 2553 5726 2727 sse's
4754 2676 5722 2869 12 jähr. I.a. mai- ja
5487 2814 5768 2992 G. A. M.
4741 2837 4925 2973 0s.00
5025 2969 5774 3118 ̃'̃̃ "̃:̃.̃"̃
5032 3076 5722 3269 T S20’2
