5895 4648
2090 320 2280 426 „ „ 4 „
3160 658 4339 795 Derzeit Wien - Chefärztlicher
1654 679 2178 802 Theodor Beer
4113 735 4395 827 Dienst
5183 735 5415 862 esse: 28
1766 778 1999 876 Karma
3469 785 4416 915 XIII/4 Felbigergasse 97
2013 820 2336 936 Clarens
5222 866 5419 1003 3 8bre 9
1777 947 2322 1059 15. Jan. 1917
5271 985 5433 1126 1º.0.1
2347 1084 3455 1172 Herrn Dr. Arthur Schnitzler
3016 1144 4388 1309 XVIII. Sternwartstrasse 71 Wien
1970 1355 3044 1510 Sehr geehrter Herr Doktor!
2203 1552 4226 1668 Ich habe nun die Lektüre des mir freundlichst über-
1773 1640 4472 1749 sandten Exemplares Ihrer "Komödie" - Professor Bernhardi - beendet
1780 1693 4465 1795 und möchte Ihnen gerne sagen, wie gut mir die Grund-Idee des ganzen
1791 1770 4402 1861 Werkes und sehr vieles im Einzelnen gefallen hat. Besondere den 5.
1773 1844 4409 1935 Akt finde ich ganz vorzüglich - elhisch, philosophisch und litera-
1791 1904 4381 1995 risch... Meine eigene "Affaire" ist erstaunlicher Weise in nuce
1784 1967 4497 2048 in Ihrer Komödie drin; ohne sie zu kennen, haben Sie mehr Verständ-
1784 2037 4500 2118 nis für meine Situation und mein Schicksal - vor allem in der grossen
1791 2108 4455 2178 Gesammt-Auffassung - gezeigt, als so manche Leute, denen ich lang-
1791 2150 4536 2241 mächtige Erklärungen gegeben habe oder deren Beruf es hätte sein müss-
1784 2227 4550 2354 en, das Recht zu " finden " oder mir, der ich in dieser Sache so gar
1777 2287 3096 2403 nicht geschickt war, zu helfen.
2220 2382 4472 2491 Es wird Sie vielleicht interessiren, dass auch in meinem
1791 2456 4515 2569 Fall eine Art Nachspiel fast geeignet ist, meine "Unschuld" an den
1784 2548 2400 2643 Tag zu bringen
2213 2625 4515 2755 Ich sende Ihnen mitfolgend die wortgetreue Abschrift eines
5176 2646 5408 2804 sse 'S
1784 2734 4405 2847 Dokumentes - Aerztlicher Befund act. - welches auf folgende Art zu
1784 2804 2819 2906 meines Kenntnis gelangte:
4810 2794 5056 2921 C.H.F.P.
5183 2801 5408 2914 liches.
2220 2875 4515 2998 Ich bin - wie Sie wissen - seit Mai 1916 im Chefärztlichen
5173 2931 5444 3054 Schl. Schögerin.
1791 2973 4550 3068 Dienst bei der Maroden-Visite Wien XIII/4 Felbigergasse 97 in der Nähe
1784 3051 4476 3142 des Reserve-Spitals Nr. 16. Ich arbeitete dort im Sommer und Herbst
4856 3019 5458 3184 votrai saa; ee
1802 3096 4631 3202 1916 in der Regel als eine Art Assistent des Herrn Oberarztes Dr. Brill;
1798 3188 4525 3272 neben diesem - an einem der vier Tische, an den anderen funktioniren
4866 3163 5426 3322 3,20.2
1791 3262 4543 3315 drei andere Herren Militär-Aerzte - sass ich auch am 8. November 1916
1756 3308 4508 3382 Das Original des hier in Abschrift mitfolgenden Befundes reichte mir
1773 3378 4525 3459 um es ihm vorzulesen - wie öfter in solchen Fällen, da es nicht ganz
1798 3434 4402 3512 leicht leserlich geschrieben war - mein Vorgesetzter; als ich den
1784 3494 4388 3582 Befund las - ohne zunächst den Mann genau anzusehen - fiel mir die
1798 3561 4557 3656 Diagnose auf "Dementia praecox "; ich blickte auf--
1802 3635 4631 3719 sah den Namen Oskar und erkannte im nächsten Augen-
1802 3691 4441 3769 blick den Denuncianten, auf dessen törichte, erlogene Aussage hin
1798 3765 4472 3871 ich vor 12 Jahren war verurteilt, verfolgt, in meiner Existens ge-
1798 3828 3635 3927 stört, der liebsten Wesen war beraubt worden!
2220 3927 4539 4036 Ich hatte mich seit dem Process in keiner Weise um die Ent-
1802 4015 4567 4124 wirklung oder die Schicksale dieses Menschen gekümmert, wusste nichts
