6792 4696
3105 388 3266 575 V. P.
3570 410 6517 707 K. J. K. Garnisont-Spital Nr. 1 in Wien - 6. Kranken-Abteilung - Nov. 1916
3932 626 4452 776 Z P Nr. 60'75
3932 714 4115 816 E.N.
4236 732 4441 879 Spk.
721 736 3002 893 von seiner Einrückung, nichts von der Untersuchung seines
703 886 1446 1018 Geistes-Zustandes
1025 981 3101 1073 Ueber eine Art schwachsinnig-verlogenes Verhalten des
4221 981 5635 1216 AERZTILICHER BEFUND
721 1029 3222 1153 Jungen in der Schule schon zur Process-Zeit und vor der Process-
721 1117 3072 1227 Zeit war sofort nach der Fällung des Urteils gegen mich eine
721 1153 3299 1278 Ausserung eines Lehrers des Oskar Freund bei Gericht eingelaufen;
3738 1201 6371 1373 über den Einj. Freiwill. des L.-I.-R. 1/1 - Oskar Freund
725 1252 3200 1333 dennoch wurde meiner wolfundirten Nichtigkeits-Beschwerde nicht
725 1311 3156 1399 Folge gegeben ; man hätte eben nicht die Verteidigung und auch
3716 1311 6415 1552 1889-1914, welcher am 6. XI. 1916 behuis Beobachtung - Konstatirung
707 1355 3240 1461 nicht die Richter und auch nicht den Fall - denn es war gar kein
707 1443 3248 1530 Fall, keine Tatsache da! - sondern den Angeklagten ändern müss-
3705 1450 5957 1648 seines Geisteszustandes obigem spitale übergeben wurde
725 1512 2826 1622 en - dann wäre alles gleich ganz anders verlaufen...
3896 1571 6067 1805 Die ärztliche Untersuchung ergab nachfolgenden Befand
1018 1582 3119 1699 Weitere Nachforschung ergab noch, dass der Vater des
707 1688 3204 1779 Denuncianten - Dr. Arthur Freund - im Jahre 1915 Selbstmord ver
3914 1724 6246 1908 " Gegenstandloses leeres Herumreden, unmolivirt lüppisches
721 1757 3321 1853 übt hat, nach Aussagen eines mit ihm gut Bekannten selbst geistig
721 1823 3237 1900 minderwertig gewirkt hat und überdies schon vor der Process-Zeit
3694 1831 6261 2025 Lächeln und Grimassiren. Vorliebe Ihr geschraubt ianierirte Aus-
721 1878 3288 1977 sich über die Intelligenz seines Sohnes als eine minderwertige ge-
721 1962 1256 2083 äussert habe
3691 1937 4258 2094 urackweise
1018 2043 3218 2160 Es ist wol ausserordentlich bei dieser Sachlage der Ver-
3896 2080 6136 2281 „ Laut Anannese schon seit den letzten Jahren allgemeiner
707 2127 3288 2237 hältnisse, wenn da maasgebende und „Sachverständige Faktoren be-
721 2219 3127 2292 haupten, ich sei das "degenerative Subjekt" - man möchte
3694 2230 6286 2427 Nachlass der geistigen Fähigkeiten. 1914 als zu Waifen- u. Hilfs-
740 2252 3299 2354 glauben, dass ein solcher Befund geradezu automatisch meine Reha-
732 2340 3299 2420 bilitirung heraufführen müsste. Da wäre man aber gross im Irrtum
3691 2354 6330 2534 dienst untauglich klassifieirt, jetzt eingeruckt 28. VIII. 1916.
721 2387 3324 2493 Nicht einmal mit der Amnestie ist in meinem Falle nach Ansicht ver-
721 2475 3299 2574 sirtester Sachverständiger irgend ein Resultat. für mich, zu hoffen
3786 2435 5928 2632 „ Diagnoses : Neurasthenische Form
1043 2585 3237 2673 Ich sende Ihnen sehr geehrter Herr Doktor, diesen Brief
4902 2621 5148 2735 aer
703 2632 3317 2731 und diese Abschrift nur zu Ihrer persönlichen Information und muss
725 2717 3313 2834 Sie einstweilen bitten, davon bestimmt keinen wie immer gearteten
4518 2746 5785 2925 Dementia praecox
721 2801 1508 2903 Gebrauch zu machen
3852 2834 4566 3046 Dienst-Untauslich
1519 2878 3182 3046 Mit dem Ausdruck besonderer Hochschätzung
4350 2980 5294 3138 nach Db. N. - 1 Nr. 51
1849 2995 2570 3171 Ihr sehr ergebener
3841 3116 5269 3280 Gebrechen vor Einruckung bestanden
542 3061 1812 3295 Sehr geehrter Herr Doctor!
575 3204 1827 3427 Auf Wunsch des Herrn Beer
3841 3244 6180 3445 zur Ausscheidung zu beantragen und als durchaus hermlos mit
2519 3189 3339 3387 Theresr Deer
619 3321 1823 3515 finge ich einige Worte,
3822 3372 6034 3533 Interins-Urlaubs-Schein sofort nach Hause zu entlassen.
608 3390 1834 3599 bei; die leider nichts zur
3636 3475 6037 3705 Der man wird am 7. November 1916 aus dem Spitale entlassen.
564 3475 1702 3709 Wesserung der Situation
535 3449 3160 3899 sehr Sach-Verständige, die bei der Gerichtsverhandlung
535 3573 1713 3786 beitragen können. Zwei
557 3584 2933 3929 damals anwesend wäre, sagten mir, Weer Es ge¬
3811 3617 4866 3808 Wien am 9. November 1916.
586 3705 3105 4031 Unrecht verurtheilt worden, der Richter sei voren
5247 3734 5701 3940 Prof. Pilz
5723 3837 5964 4009 Obzt.
586 3892 1633 4163 genommen gewesen.
3778 3859 4229 4082 Kommandant
904 3921 1926 4185 Mit besten Grüßen,
4236 4005 4620 4152 Gesenen!
4822 4013 5104 4170 Obsts.
3764 4060 6268 4313 K. K. Landwehr-Infanterie-Regiment Wien Nr. 1 Wien 9. Kl. 1916
1219 4130 1812 4361 Hr Köpper
3991 4221 5360 4437 Pro Sup. Dr. M. Brill Ot. m. p.
