3384 4216
2817 435 2957 617 13
733 758 2866 1072 Mutter: So, so! darum is auk so slekt aufge¬
2456 882 2682 1009 dessen
987 940 2977 1163 räumt. Wenn Sie lieber den Staub abwischen
910 1053 1047 1122 G.C.H.
984 1199 1430 1345 mökten.
797 1532 2968 1792 Charles:.tritt ein. Er ist ein sehr schöner,
1017 1720 3007 1929 grosser junger Mann mit schwarzem kleinem
1056 1888 2974 2075 Schnurrbart. Er ist in eleganter Balltoi-
1045 2026 3037 2230 lette: Bon soir, meine Mutter, bon soir.
868 2227 2260 2417 Mutter: Mein lieber Charles!
838 2307 3059 2555 Charles: Anita, bringen Sie eine Flasche Cham¬
1089 2459 3137 2712 pagner. Zur Mutter: Ist Mathilde schon
1086 2737 1464 2853 „Zuhaus?
871 2869 1863 3026 Mutter: Ja. Aber -
885 2944 3007 3167 Charles: Hm, eine Flasche Champagner, Anital
896 3206 1491 3335 Anita: : ab:
