4248 5416
2007 189 2324 404 V. R. W. & C.
1122 189 1428 465 1e
1481 181 1678 370 V.3/10
1954 363 2252 533 - 8 -
1119 639 2932 850 beinahe ohnmächtig geworden vor Glück.
1126 820 1882 990 Und die Eltern?
680 794 1058 1001 Mutter:
703 956 3616 1149 Charles : Ach, Du weisst ja, dass ich schon neulich einmal mit
1119 1077 3783 1304 dem Vater Pollak über eine eventuelle Stellung in seinem
1119 1273 2384 1447 Bankgeschäft geredet habe.
1111 1421 2105 1610 Mein lieber Charles.
695 1428 1050 1598 Mutter:
1126 1500 3730 1742 Wenn wir von der Hochzeitsreise zurückkommen, trete ich
707 1587 1088 1768 Charles :
1115 1719 3605 1878 ein. Es wird nicht lang dauern und ich bin Compagnon
1126 1893 2607 2044 Und was sagt die Mutter Pollak?
695 1882 1069 2052 Mutter:
1130 2033 3696 2199 Ach Gott, die Mutter Pollak, die halt' ich sicher. Mit
707 2033 1081 2226 Charles :
1119 2150 3684 2373 der könnt' ich xxx jeden Moment ein Verhältnis haben.
684 2294 1058 2551 Anitta:
1145 2347 2078 2539 (bringt Champagner).
695 2494 3681 2687 Charles: Gläser! (Er öffnet die Champagnerflasche) So! (Schenkt
1119 2679 3733 2838 ein) So! Sie Anitta, trinken Sie nur. Na ja, Sie können
1119 2762 2426 2970 auch auf mein Wohl trinken.
1126 2936 2796 3114 O, Herr Charles (sie will trinken).
684 2951 1069 3125 Anitta:
707 3076 3688 3272 Charles: Nehmen Sie sich das Glas gefälligst mit. Trinken Sie's
1818 3219 2331 3401 (Ginte ab
1115 3288 1576 3439 draussen.
688 3408 3318 3609 Mutter: Charles, mein liebes Kind, sie hat mir gesagt
703 3575 3733 3756 Charles: So? Weiber, Weiber! Na übrigens, das spielt jetzt keine
1100 3733 3646 3930 Rolle. Auf acht Gulden monatlich soll's mir nicht an-
1126 3862 1481 4039 kommen.
673 4021 1103 4194 Mutter:
1149 4058 3337 4198 (trinkt) Ja, aber wie wird das sein mit Betti?
703 4187 1447 4387 Charles: Wieso?
1115 4334 3669 4531 Ik abe grosse Angst vor Betti. Sie liebt Dik abgöttis,
676 4330 1069 4527 Mutter:
1119 4482 3034 4689 sie wird Dir Vitriol ins Gesikt giessen.
