4232 5432
1138 212 1346 451 1
1929 371 2229 567 - 2 -
619 567 3662 743 Ziemlich elegantes Zimmer bei Mathilde Delorme. Abend. Gedeckter
1422 711 2732 887 Tisch; elektrischer Luster.
611 835 3522 1042 Die Mutter sitzt am Tisch und isst. Die Uhr auf dem Kaminsims
635 1026 3542 1238 schlägt zehn. Die Mutter klingelt; Anitta, das Stubenmädchen,
1793 1174 2288 1382 tritt ein.
1050 1322 3331 1574 (immer mit französischem Accent:) Räumen Sie ab!
615 1382 990 1574 Mutter:
1050 1558 1594 1733 (räumt ab).
627 1550 982 1725 Anitta:
1046 1677 3722 1845 (liest Zeitung, dann blickt sie auf:) Was aber Sie denn,
611 1733 978 1945 Mutter:
1042 1825 3822 2025 Anitta? Was maken Sie ein solkes Gesikt? Wenn meine Takter
1046 1989 3666 2177 kommt, müssen Sie maken ein anderes Gesikt. Verstanden?
1046 2153 3822 2340 Mathilde ist nervos, sie kann nik sehen ein solkes Gesikt.
1046 2352 2448 2532 Maken Sie ein eiteres Gesikt.
1713 2488 2776 2684 (Es schellt draussen).
1034 2636 1781 2824 Da ist sie son.
1078 2680 3682 2967 (Anitta ab. Gleich darauf tritt Mathilde ein. Sie kommt
1046 2947 3746 3171 aus der Vorstellung und hat einen Theatermantel um, eine
1797 3091 2740 3303 Rolle in der Hand.)
635 3247 2308 3439 Mathilde:Guten Abend, meine Mutter.
647 3403 2181 3618 Mutter: Guten Abend, mein Kind.
639 3590 1869 3778 Mathilde:Ist er schon da?
639 3746 1314 3930 Mutter: Wer?
647 3810 2276 4094 Mathilde:Es gibt nur Einen: Franz!
655 4034 2991 4257 Mutter: Nein, ik glaube nik, dass er son da ist.
659 4177 3798 4397 Mathilde:Du weisst ja nie etwas. (Sie ruft:) Fräulein Ringelspiel!
647 4349 2524 4585 Anitta: (kommt) Was wünschen Fräulein?
651 4525 1869 4733 Mathilde:Ist er schon da?
659 4673 1837 4876 Anitta: Bitte, welcher?
659 4820 3866 5028 Mathilde:Fragen Sie nicht so stupid.Sie wissen, dass es seit 8 Tagen
