3384 4216
2709 590 2857 732 38
635 929 1422 1137 Charles: Wieso?
630 1094 2735 1214 Elsa: Ach Gott! die Villa ist ja längst ver¬
883 1273 1185 1419 kauft.
647 1393 2544 1524 Charles: Seit wann denn?.. warum denn?
658 1550 2877 1684 Elsa: Ja wahrscheinlich, weil Papa das Geld ge-
886 1692 1470 1857 braucht hat.
661 1852 2951 1986 Charles: Warum hat dein Papa das Geld gebraucht?
704 2003 2732 2148 Elsa: Nun, weil wir zugrund gegangen sind.
667 2139 2877 2345 Charles: Zugrund gegangen?!... Du scherzt wol?
667 2310 2837 2498 Elsa: O nein, ich hab' es ja längst gealnt...
906 2441 2943 2604 Dass es so arg ist, hab' ich freilich nicht
900 2615 2974 2775 gewusst. Heut Abend erst, in seiner Wut, hat
909 2820 1769 2934 Papa alles gesagt.
687 2951 2852 3085 Charles: Er wird dich haben schrecken wollen.
726 3060 2966 3233 Elsa! O nein, das geht ja jetzt schon seit ein
920 3230 2974 3399 paar Monaten. Ich hab' oft Papa und Mama re-
923 3396 2535 3558 den hören; ich schlafe ja nebenan.
744 3564 2971 3692 Charles: Zugrund gegangen?... Ihr seid absolut
