3384 4200
2852 595 2968 758 46
1873 1187 2885 1391 Guten Abend, küss die
763 1223 1762 1367 Piccolo:.:tritt ein:
999 1425 1272 1549 Hand.
786 1568 1867 1698 Charles: Wer sind Sie?
777 1676 2916 1889 Piccolo: Bitte sehr, ich bin der Piccolo vom
1010 1881 1593 2025 Hotel Royal.
786 2019 2990 2138 Charles: Was wünschen Sie? Ich habe nie im Ho¬
1026 2130 2971 2313 tel Royal gespeist.  Was wollen Sie denn
1024 2293 2860 2465 mitten in der Nacht? Eine Frechheit!
794 2487 3012 2606 Piocolo: Ja, bitt schön, i bin ja herg'schickt
1037 2617 2357 2788 word'n vom Fräulein Delorme.
852 2791 1195 2918 Mutter:
1336 2888 1715 2999 Wies...
816 2971 1212 3073 Charles:
808 3090 2924 3223 Piccolo: Ja, i soll der gnädigen Frau sagen,
1057 3217 3112 3378 dass sie mir augenblicklich... :Stampft mit
1057 3367 3040 3541 dem Fuss: augenblicklich,- ja so hat sie
1054 3552 3123 3701 g’sagt, - alle ihre Toilettesachen, also das
