3400 4216
2783 622 2927 769 40
761 902 2744 1112 Elsa: Ja, wenn Papa absolut nicht zugeben
996 1131 1458 1259 will...?
780 1234 2943 1408 Charles: Dein Vater hat Recht, dein Vatei ist
1010 1405 3068 1560 ein vernünftiger Mann. Wovon sollen wir dem
1012 1591 1325 1751 leben?
780 1671 3001 1914 Elsa: Wir haben es ja eben besprochen: wir wol¬
1018 1906 1654 2036 len arbeiten.
1541 2000 1640 2058 G.C.
1248 1992 1668 2094 de cette
786 1997 2885 2172 Charles: Arbeiten?.. Ich denke nicht daran!
791 2163 2476 2346 Elsa: Aber ich, ich will sehr gern.
805 2304 2999 2479 Charles: /Ich bin nicht gesonnen, Opfer von dir
1040 2515 1580 2650 anzunehmen.
794 2658 2918 2852 Isa: Es ist kein Opfer, wenn es für dich ge¬
1043 2833 1452 2957 schieht.
816 2918 2996 3095 Charles: Bemüh' dich nicht länger, es wäre al¬
1057 3095 2454 3239 les vergebens. şr klingelt:
816 3267 2562 3455 Elsa: Was willst du? : ANITA kommt:
