3368 4216
2854 561 2969 718 25
990 744 3034 1047 Neulich einmal ist sie mit ihm hier durch's
995 1027 2994 1216 Zimmer gekommen... Ja, Mutter, während ich
987 1178 2903 1393 hier am Tische sass!.. Er hat sich ver¬
1001 1376 2983 1536 beugt, und dann ist sie mit ihm verschwun¬
1015 1510 1221 1742 den.
775 1644 3052 1819 Mutter: Arme Mathilde! Sie ist ja zu gut. Er at
1010 1822 3069 2011 ihr den Kopf verdreht. Er at sie verzaubert.
1024 1979 2906 2116 Seit einem Monat lebt sie nur für Franz.
789 2099 2966 2308 Charles: Und jetzt, während Mutter und Bruder
1024 2299 3026 2440 hier friedlich zusammensitzen,-während ein
1038 2448 3100 2585 keusches Mädchen namens Elsa Pollak in ihrem
1050 2605 2954 2786 jungfräulichen Bette des Geliebten denkt,
1035 2737 3046 2894 feiert dieser Franz hier Orgien!... Hier,
1047 2863 3066 3063 in dem selben Raum, wo früher ein reizender
1044 3049 3017 3238 Edelmann....:Er wird immer betrunkener:
1050 3212 2288 3369 Ich duld’ es nicht! Anita!
818 3381 1930 3566 Mutter: Was willst du?
821 3501 3126 3741 Charles: Ich werde dieser Sache ein Ende machen!
