3416 4184
2818 544 2961 661 56
1123 843 3041 1079 Ach, du weisst, dass ich darauf nie etwas
759 979 1041 1082 Vater:
995 1049 3007 1251 gegeben habe. Aber es geht mir jetzt besser
995 1190 3033 1377 als seit langer Zeit. Ich lebe in Paris und
1018 1333 3071 1520 führe einen Prozess gegen die Republik wegen
1013 1500 2956 1702 Rückgabe unserer Schlösser, und ihr könnt
1033 1646 2979 1841 euch denken, dass man mich anfeindet,- um-
1031 1820 2836 1987 somehr, als die Schlösser dem Erdboden
1036 1948 3100 2148 gleichgemacht sind und ich wünsche, dass sie
1043 2097 3043 2300 neu aufgebaut werden. Meine Feinde haben
1059 2246 3033 2436 es endlich durchgesetzt, dass man mich für
1061 2395 3092 2615 irrsinnig erklärt hat, und seit vier Wochen
1067 2548 3064 2723 bin ich in einem Irrenhaus. Vorgestern hab
1084 2702 3097 2902 ich meinen Wärter totgeschlagen, bin durch¬
1090 2866 3059 3074 gegangen und habe mir ein Billet nach Kon-
1105 3041 3051 3210 stantinopel genommen, um dem Sultan meine
1102 3161 3053 3389 Angelegenheit vorzutragen. Dort werde ich
1123 3312 3059 3512 Gerechtigkeit finden!-Da bin ich nun hier
1133 3515 3153 3692 ausgestiegen, um doch meine Familie wieder-
