4312 5448
2181 463 2474 620 - 17 -
1090 702 3544 880 ein). So, nun will ich nippen und Du sollst trinken.
1078 830 3820 1074 0 bitte! (Sie trinkt). So, einen Kuss! Ach, eine Kuss auf
1066 1053 3725 1189 diesen Rosenmund! Welche Wonne! Ach. Und ist es möglich,
1066 1140 3688 1379 dass mich dieser Engel liebt, wirklich liebt? Hab keine
1066 1309 2218 1520 Angst, es kommt niemand.
1070 1479 1883 1660 Charles, Charles!
653 1524 913 1697 Elsa:
640 1602 3610 1838 Charles: Ich Thor, dass ich so lange auf dieser Welt umherirren
1053 1776 3824 1991 konnte, ohne zu ahnen, dass eine Elsa hierselbst (er sucht
1090 1982 3998 2172 nach Worten) ihren Wohnsitz hat. Meine Else, o es ist zuviel.
1053 2110 3837 2329 Ist dies meiner Else Ohr? Ja, meiner lieben, einzigen Else
1053 2272 3011 2474 süsses Ohr. Deine Augen. A, ich vergehe.
1057 2424 3159 2594 Charles, ach Charles, was machst Du aus mir.
640 2449 876 2602 Elsa:
1189 2556 1470 2680 ruhig
644 2565 3779 2771 Charles:Sei mein Kind, es ist alles nur zu Deinem Besten. Vor
1053 2759 3841 2936 Gott bist Du die Meine, Du sollst es bald auch vor den Men-
1045 2953 2528 3114 schen werden. Es kommt niemand.
1053 3052 3775 3304 Ach ja, ich weiss, dass Du ein Ehrenmann bist. Ich hab es
628 3098 888 3279 Elsa:
1053 3238 3862 3399 ja immer gewusst, dass Du nicht Dein Spiel mit mir treibst.
1053 3424 3705 3585 Sie sind nur alle neidisch, wenn sie auf Dich schimpfen.
1045 3564 3717 3771 Ja, ich will Deine Frau werden. O ich kann mich in alle
1053 3754 3721 3973 Verhältnisse finden. Wir werden arbeiten, Charles, nicht
1045 3924 3932 4130 wahr? Du wirst irgend eine Stellung annehmen in einem Bureau,
1041 4097 3919 4299 ich werde englische Lectionen geben, Clavierstunden. Aber wir
1041 4299 2098 4465 werden beisammen sein.
611 4448 3932 4663 Charles:Ja, mein Schatz, wir werden Kinder haben, ganz kleine anfangs,
1028 4617 1532 4807 Zwillinge.
