3400 4216
2769 477 2899 652 34
703 847 1843 1098 Charles: Das ist stark!
694 1002 2969 1253 Elsa: Und Mama hat gesagt, eher stürzt sie sich
940 1152 2983 1366 zum Fenster hinunter. Und Papa hat gesagt,
951 1327 2964 1502 er lässt dich die Treppe hinunterwerfen!
765 1462 2964 1671 Charles; Ha, famos! Na, mein Kind, beruhig*
960 1626 2868 1826 dich nur. Auf den Knieen sollen sie mich
974 1767 2710 1964 bitten, dass ich dich zur Frau nehme!
759 1948 1620 2123 Elaa: Oh Charles!
765 2058 2856 2323 Charles: Geliebtes Wesen, vertrau' auf mich,
994 2275 1809 2422 ich bete dich an!
771 2430 1629 2577 Elsa: Ah Charles!
768 2566 2969 2743 Charles: Habe keine Angst, es kommt niemand...
1019 2653 2913 2913 O komm!.. Wie schön du bist! Lass' mich
1027 2887 1948 3048 deine Hände küssen.
787 3048 1516 3198 Elaa: Charles!
804 3133 2975 3333 Charles: Elsa - Elsa! Ich bin berauscht! Ver¬
1033 3280 3014 3494 zeih mir, deine Schönheit reisst mich hin!
1180 3452 3040 3675 Darf ich dir nicht ein Glas Champagner
