3368 4200
2767 612 2890 734 47
913 924 2885 1117 russische Kölnerwasser, die Zahnbürschten,
919 1114 2935 1226 das seidene Nachthemd. da hat sie eh al¬
916 1254 1860 1413 les aufg'schrieben
693 1393 2804 1536 Mutter: reisst ihm den Zettel aus der Hand:
924 1575 2784 1715 Mon pauvre enfant!.. O Gott! o Gott! im
930 1701 2832 1835 Otel muss sie slafen!... im Otel und nix
930 1879 2717 2002 at sie dort!.Warten sie ein moment,
961 2022 2862 2189 junger Err, is werde die Saken einpacken.
715 2133 2960 2295 Charles: Mama, sie soll nicht im Hotel schlafen.
944 2348 2954 2488 Es ziemt sich nicht, dass eine Mathilde De¬
944 2477 2843 2605 lorme im Hotel schläft. - Kleiner, holen
952 2644 2879 2770 Sie einen Fiaker. Sie bekommen schon was.
955 2812 2890 2932 Sie können dann auf dem Bock sitzen. Pic¬
955 2952 2935 3133 colo auf dem Bockolo - haha! PICOLO ab:
737 3371 2832 3558 Charles: Mama, du Wirst deine Tochter holen!
718 3591 2829 3703 Mutter:ignità, snell, anell, meine Mantille,
