4344 5544
2052 321 2391 609 - 21 -
922 686 3764 915 Du hast vergessen, dass es nicht Betti ist und nicht Anitta,
948 919 2797 1170 sondern ein anständiges junges Mädchen.
557 1140 1915 1314 Charles: Beruhige Dich, Wama.
948 1262 2786 1498 Ik kann nik. Wenn man solke Kinder at -
531 1280 900 1491 Mutter:
959 1428 2657 1627 Der alte Pollak ist zugrundgegangen.
542 1446 930 1638 Charles:
952 1587 1177 1793 Wie?
539 1624 882 1815 Mutter:
963 1694 3649 1900 Ja, wir hätten die Familie noch erhalten müssen. So steht
557 1775 926 1985 Charles:
948 1948 3683 2085 die Sache. Man soll sich mit dieser Rasse nicht einlassen.
959 2114 2572 2277 Ja, aber was sollen wir jetzt tun?
546 2148 911 2295 Mutter:
978 2269 1476 2465 Inwiefern?
565 2273 934 2461 Charles:
970 2391 2299 2609 Nun ja, jetzt stehen wir da.
554 2461 889 2613 Mutter:
1026 2550 2339 2764 dumpf) Jetzt stehen wir da<1.
221 2531 439 2775 G.H.P.
554 2609 941 2779 Charles:
989 2705 3173 2875 Warum aben wir Mathilde, warum ast Du Mathilde¬
572 2760 911 2937 Mutter:
576 2863 3542 3081 Charles: Meine Mutter, hast Du vielleicht Lust, mir Vorwürfe zu
1026 3074 1395 3214 machen?
985 3181 2590 3373 Wovon sollen wir denn jetzt leben?
266 3188 439 3362 1840
583 3177 908 3402 Mutter:
1004 3351 3074 3506 Ich lass mir keine Scene machen, verstanden?
590 3413 963 3572 Charles:
1000 3446 3919 3660 So srei doch nik mit mir. Ik kann dok nik dafür, ättest Du Dik
583 3565 915 3668 Mutter:
1007 3664 3546 3841 vorner erkundigt. Warum ast Du Mathilde inausgeworfen?
996 3804 3657 4011 Mathilde ist ein anständiges Mädel, die wenigstens einen
277 3775 469 4011 J J W.M.
1007 3945 3915 4148 Beruf at. Sie kann maken was sie will. Sie verdient sik ehrlik
262 4026 454 4184 B.H.
1000 4059 3734 4295 ihr Geld. Sie singt in die Operett. Sie kann sich von Zeit
328 4166 491 4343 JUM
2247 4266 2576 4362 cust apres
1011 4288 3767 4458 zu Zeit auch einen solchen pour le coeur gönnen. Du weisst,
262 4343 450 4505 o en
1007 4458 3767 4635 das mit Franz ätte nik mehr lang gedauert. Dann wär ein an-
332 4476 498 4675 1 11M
1007 4539 3871 4786 derer gekommen, ein Edelmann, wie der Graf oder ein Banquier.
262 4638 491 4827 7A0
177 4801 498 4934 7re JUM.
