<?xml version="1.0" encoding="UTF-8" standalone="yes"?>
<PcGts xmlns="http://schema.primaresearch.org/PAGE/gts/pagecontent/2013-07-15" xmlns:xsi="http://www.w3.org/2001/XMLSchema-instance" xsi:schemaLocation="http://schema.primaresearch.org/PAGE/gts/pagecontent/2013-07-15 http://schema.primaresearch.org/PAGE/gts/pagecontent/2013-07-15/pagecontent.xsd">
    <Metadata>
        <Creator>prov=READ-COOP:name=TrHtr:version=2.1.0:model_id=51170:date=30_07_2023_08:31</Creator>
        <Created>2023-05-10T13:47:57.531+02:00</Created>
        <LastChange>2023-07-30T08:31:49.764+02:00</LastChange>
        <TranskribusMetadata docId="1428595" pageId="55414729" pageNr="64" tsid="131488164" status="IN_PROGRESS" userId="64420" imgUrl="https://files.transkribus.eu/Get?id=MJRCNYILWYTTJUMSERZIPDIM&amp;fileType=view" xmlUrl="https://files.transkribus.eu/Get?id=YFIUQGKQDDZXJSQDEYYCOXJB" imageId="44688863"/>
    </Metadata>
    <Page imageFilename="1428595_0064.jpg" imageWidth="3416" imageHeight="4184">
        <ReadingOrder>
            <OrderedGroup id="ro_1711790217211" caption="Regions reading order">
                <RegionRefIndexed index="0" regionRef="tr_1"/>
                <RegionRefIndexed index="1" regionRef="tr_2"/>
            </OrderedGroup>
        </ReadingOrder>
        <TextRegion id="tr_1" custom="readingOrder {index:0;}">
            <Coords points="766,603 3014,603 3014,2588 766,2588"/>
            <TextLine id="tr_1_tl_1" custom="readingOrder {index:0;}">
                <Coords points="2824,699 2851,693 2863,707 2874,707 2885,718 2901,705 2910,713 2932,713 2937,571 2921,574 2899,555 2882,563 2863,549 2829,549"/>
                <Baseline points="2838,659 2852,656 2897,656 2942,653"/>
                <TextEquiv>
                    <Unicode>55</Unicode>
                </TextEquiv>
            </TextLine>
            <TextLine id="tr_1_tl_2" custom="readingOrder {index:1;}">
                <Coords points="985,1093 1060,1101 1187,1057 1265,1079 1395,1032 1559,1046 1614,1024 1620,896 1501,949 1218,987 1085,935 990,943"/>
                <Baseline points="1002,1038 1041,1035 1086,1035 1131,1035 1175,1035 1220,1032 1265,1029 1310,1026 1354,1026 1399,1023 1444,1020 1489,1020 1533,1017 1578,1014 1623,1008"/>
                <TextEquiv>
                    <Unicode>schöner Kerl!</Unicode>
                </TextEquiv>
            </TextLine>
            <TextLine id="tr_1_tl_3" custom="readingOrder {index:2;}">
                <Coords points="754,1215 2921,1168 2987,1035 760,1112"/>
                <Baseline points="772,1196 796,1199 841,1196 886,1196 931,1193 975,1193 1020,1190 1065,1190 1110,1190 1154,1190 1199,1184 1244,1184 1289,1184 1333,1178 1378,1178 1423,1175 1468,1172 1513,1172 1557,1169 1602,1166 1647,1163 1692,1160 1736,1157 1781,1157 1826,1154 1871,1154 1915,1154 1960,1151 2005,1151 2050,1148 2094,1145 2139,1142 2184,1142 2229,1140 2274,1137 2318,1137 2363,1137 2408,1137 2453,1134 2497,1134 2542,1131 2587,1131 2632,1128 2676,1125 2721,1122 2766,1119 2811,1116 2855,1113 2900,1113 2945,1107 2990,1110"/>
                <TextEquiv>
                    <Unicode>Charles: Ein Glas für unseren Vater, Carpussel!</Unicode>
                </TextEquiv>
            </TextLine>
            <TextLine id="tr_1_tl_4" custom="readingOrder {index:3;}">
                <Coords points="1118,1345 1961,1367 2152,1295 2291,1359 2663,1345 2990,1281 2993,1232 2749,1190 2014,1218 1928,1279 1628,1215 1121,1259"/>
                <Baseline points="1134,1339 1160,1339 1205,1336 1250,1333 1295,1331 1339,1331 1384,1328 1429,1325 1474,1322 1519,1322 1563,1319 1608,1319 1653,1313 1698,1313 1742,1310 1787,1307 1832,1310 1877,1310 1921,1307 1966,1304 2011,1304 2056,1304 2100,1301 2145,1298 2190,1295 2235,1292 2280,1292 2324,1289 2369,1289 2414,1286 2459,1283 2503,1283 2548,1280 2593,1280 2638,1277 2682,1274 2727,1271 2772,1271 2817,1268 2861,1265 2906,1265 2951,1262 2996,1268"/>
                <TextEquiv>
                    <Unicode>Ich verbiet' es, ich duld' es nicht!</Unicode>
                </TextEquiv>
            </TextLine>
            <TextLine id="tr_1_tl_5" custom="readingOrder {index:4;}">
                <Coords points="749,1437 835,1448 857,1428 882,1437 932,1423 954,1440 993,1431 1021,1404 1051,1426 1082,1423 1085,1290 1035,1298 1004,1281 962,1298 882,1273 752,1309"/>
                <Baseline points="766,1351 778,1351 823,1351 868,1348 913,1348 957,1345 1002,1345 1047,1345 1092,1342"/>
                <TextEquiv>
                    <Unicode>Mutter:</Unicode>
                </TextEquiv>
            </TextLine>
            <TextLine id="tr_1_tl_6" custom="readingOrder {index:5;}">
                <Coords points="996,1506 2408,1490 2627,1470 2630,1362 1001,1434"/>
                <Baseline points="1014,1495 1023,1495 1068,1498 1113,1495 1157,1495 1202,1492 1247,1489 1292,1489 1336,1486 1381,1483 1426,1480 1471,1477 1516,1477 1560,1477 1605,1474 1650,1471 1695,1468 1739,1468 1784,1465 1829,1465 1874,1462 1918,1462 1963,1459 2008,1456 2053,1456 2097,1453 2142,1450 2187,1447 2232,1447 2277,1444 2321,1441 2366,1441 2411,1438 2456,1438 2500,1432 2545,1432 2590,1429 2635,1426"/>
                <TextEquiv>
                    <Unicode>Ich stürze mich zum Fenster hinaus!</Unicode>
                </TextEquiv>
            </TextLine>
            <TextLine id="tr_1_tl_7" custom="readingOrder {index:6;}">
                <Coords points="763,1711 2807,1573 2946,1648 2971,1484 2544,1562 2241,1506 768,1562"/>
                <Baseline points="781,1662 826,1662 871,1659 916,1659 960,1656 1005,1656 1050,1653 1095,1650 1140,1647 1184,1647 1229,1647 1274,1644 1319,1641 1363,1638 1408,1635 1453,1635 1498,1632 1542,1629 1587,1629 1632,1626 1677,1626 1721,1620 1766,1620 1811,1617 1856,1614 1901,1614 1945,1611 1990,1611 2035,1611 2080,1605 2124,1605 2169,1602 2214,1599 2259,1599 2303,1596 2348,1596 2393,1593 2438,1590 2482,1587 2527,1584 2572,1584 2617,1581 2662,1581 2706,1578 2751,1578 2796,1575 2841,1572 2885,1572 2930,1569 2975,1563"/>
                <TextEquiv>
                    <Unicode>Mathilde: Aber Mutter, warum denn?... Wenn wir</Unicode>
                </TextEquiv>
            </TextLine>
            <TextLine id="tr_1_tl_8" custom="readingOrder {index:7;}">
                <Coords points="1012,1828 2810,1775 3010,1675 2568,1639 2455,1703 1015,1750"/>
                <Baseline points="1029,1805 1044,1805 1089,1802 1134,1799 1178,1799 1223,1799 1268,1799 1313,1796 1357,1793 1402,1793 1447,1787 1492,1787 1536,1784 1581,1781 1626,1781 1671,1778 1715,1775 1760,1775 1805,1772 1850,1769 1895,1766 1939,1763 1984,1763 2029,1760 2074,1760 2118,1757 2163,1754 2208,1754 2253,1754 2297,1751 2342,1751 2387,1748 2432,1745 2476,1742 2521,1742 2566,1739 2611,1736 2656,1733 2700,1733 2745,1733 2790,1730 2835,1730 2879,1727 2924,1724 2969,1724 3014,1724"/>
                <TextEquiv>
                    <Unicode>schon alle so gemütlich beisammensitzen....</Unicode>
                </TextEquiv>
            </TextLine>
            <TextLine id="tr_1_tl_9" custom="readingOrder {index:8;}">
                <Coords points="1007,1972 1772,1986 2549,1897 2932,1955 2940,1811 1215,1911 1010,1864"/>
                <Baseline points="1023,1960 1062,1957 1107,1954 1151,1951 1196,1951 1241,1948 1286,1945 1331,1945 1375,1942 1420,1939 1465,1936 1510,1936 1554,1933 1599,1933 1644,1933 1689,1930 1733,1927 1778,1924 1823,1924 1868,1921 1912,1918 1957,1918 2002,1915 2047,1912 2092,1909 2136,1906 2181,1903 2226,1906 2271,1906 2315,1906 2360,1903 2405,1901 2450,1898 2494,1898 2539,1898 2584,1892 2629,1889 2673,1886 2718,1883 2763,1883 2808,1883 2852,1880 2897,1877 2942,1877"/>
                <TextEquiv>
                    <Unicode>Auf ein Kuvert mehr oder weniger kommt es</Unicode>
                </TextEquiv>
            </TextLine>
            <TextLine id="tr_1_tl_10" custom="readingOrder {index:9;}">
                <Coords points="1026,2116 1129,2158 1173,2122 1212,2136 1254,2114 1290,2136 1478,2103 1623,2114 1678,2094 1681,2011 1612,2011 1526,2053 1406,2030 1248,2061 1126,2019 1029,2047"/>
                <Baseline points="1041,2103 1059,2106 1104,2106 1148,2103 1193,2103 1238,2103 1283,2097 1328,2097 1372,2097 1417,2094 1462,2094 1507,2092 1551,2089 1596,2086 1641,2086 1686,2086"/>
                <TextEquiv>
                    <Unicode>doch nicht an.</Unicode>
                </TextEquiv>
            </TextLine>
            <TextLine id="tr_1_tl_11" custom="readingOrder {index:10;}">
                <Coords points="799,2286 2740,2238 2990,2186 2996,2055 1883,2205 1759,2152 802,2219"/>
                <Baseline points="817,2271 847,2274 892,2274 937,2271 981,2268 1026,2268 1071,2268 1116,2262 1160,2262 1205,2259 1250,2259 1295,2256 1339,2253 1384,2253 1429,2250 1474,2247 1519,2244 1563,2244 1608,2241 1653,2238 1698,2238 1742,2235 1787,2235 1832,2232 1877,2232 1921,2229 1966,2226 2011,2226 2056,2223 2100,2220 2145,2220 2190,2217 2235,2217 2280,2214 2324,2214 2369,2211 2414,2208 2459,2205 2503,2205 2548,2202 2593,2202 2638,2199 2682,2196 2727,2193 2772,2190 2817,2190 2861,2184 2906,2181 2951,2181 2996,2178"/>
                <TextEquiv>
                    <Unicode>Vater: Meine Kinder!... sie haben ein Herz für</Unicode>
                </TextEquiv>
            </TextLine>
            <TextLine id="tr_1_tl_12" custom="readingOrder {index:11;}">
                <Coords points="1037,2430 1287,2427 1342,2458 1392,2424 1523,2416 1775,2458 1883,2438 1889,2319 1806,2335 1750,2302 1664,2330 1614,2297 1517,2355 1431,2308 1334,2358 1040,2341"/>
                <Baseline points="1053,2420 1086,2417 1131,2414 1175,2411 1220,2411 1265,2408 1310,2408 1354,2405 1399,2405 1444,2405 1489,2399 1533,2399 1578,2396 1623,2396 1668,2393 1712,2390 1757,2387 1802,2384 1847,2381 1892,2375"/>
                <TextEquiv>
                    <Unicode>ihren alten Vater!</Unicode>
                </TextEquiv>
            </TextLine>
            <TextLine id="tr_1_tl_13" custom="readingOrder {index:12;}">
                <Coords points="802,2582 2399,2557 2912,2516 2918,2435 1575,2430 804,2524"/>
                <Baseline points="817,2578 862,2578 907,2578 951,2575 996,2572 1041,2572 1086,2572 1131,2569 1175,2566 1220,2560 1265,2560 1310,2560 1354,2560 1399,2557 1444,2554 1489,2554 1533,2548 1578,2548 1623,2548 1668,2545 1712,2542 1757,2542 1802,2539 1847,2536 1892,2536 1936,2533 1981,2530 2026,2527 2071,2527 2115,2524 2160,2521 2205,2521 2250,2521 2294,2515 2339,2515 2384,2515 2429,2515 2473,2512 2518,2509 2563,2509 2608,2506 2653,2503 2697,2500 2742,2497 2787,2497 2832,2494 2876,2494 2921,2491"/>
                <TextEquiv>
                    <Unicode>Mutter: Woher kommst du?... Wie kannst du es</Unicode>
                </TextEquiv>
            </TextLine>
        </TextRegion>
        <TextRegion id="tr_2" custom="readingOrder {index:1;}">
            <Coords points="838,2594 3091,2594 3091,3668 838,3668"/>
            <TextLine id="tr_2_tl_1" custom="readingOrder {index:0;}">
                <Coords points="1054,2754 2940,2677 2968,2602 2813,2557 2286,2646 1060,2652"/>
                <Baseline points="1071,2715 1092,2718 1137,2718 1181,2718 1226,2712 1271,2715 1316,2712 1360,2712 1405,2709 1450,2706 1495,2706 1539,2703 1584,2703 1629,2700 1674,2700 1718,2697 1763,2694 1808,2691 1853,2688 1898,2688 1942,2685 1987,2682 2032,2679 2077,2679 2121,2676 2166,2676 2211,2676 2256,2673 2300,2670 2345,2667 2390,2667 2435,2667 2479,2664 2524,2664 2569,2662 2614,2662 2659,2659 2703,2656 2748,2653 2793,2653 2838,2650 2882,2650 2927,2644 2972,2644"/>
                <TextEquiv>
                    <Unicode>wagen?... Mein Bettzeug at er mir gestoh¬</Unicode>
                </TextEquiv>
            </TextLine>
            <TextLine id="tr_2_tl_2" custom="readingOrder {index:1;}">
                <Coords points="1043,2876 2555,2860 3084,2799 3087,2721 1046,2824"/>
                <Baseline points="1062,2870 1077,2870 1122,2870 1166,2870 1211,2870 1256,2870 1301,2867 1345,2867 1390,2864 1435,2861 1480,2858 1524,2855 1569,2852 1614,2850 1659,2850 1704,2850 1748,2847 1793,2847 1838,2844 1883,2838 1927,2838 1972,2838 2017,2838 2062,2838 2106,2832 2151,2832 2196,2829 2241,2829 2285,2826 2330,2823 2375,2820 2420,2817 2465,2817 2509,2814 2554,2811 2599,2811 2644,2811 2688,2808 2733,2805 2778,2805 2823,2805 2867,2805 2912,2802 2957,2796 3002,2793 3046,2790 3091,2790"/>
                <TextEquiv>
                    <Unicode>len, meine Staubtücher, mein Küchengeschirr!</Unicode>
                </TextEquiv>
            </TextLine>
            <TextLine id="tr_2_tl_3" custom="readingOrder {index:2;}">
                <Coords points="824,3076 2704,3015 2815,2982 2821,2865 829,2951"/>
                <Baseline points="838,3035 853,3035 898,3035 943,3038 987,3032 1032,3032 1077,3032 1122,3032 1166,3029 1211,3029 1256,3029 1301,3026 1345,3023 1390,3020 1435,3017 1480,3014 1524,3011 1569,3008 1614,3005 1659,3005 1704,3002 1748,3002 1793,3002 1838,2999 1883,2996 1927,2993 1972,2993 2017,2990 2062,2990 2106,2987 2151,2984 2196,2984 2241,2981 2285,2981 2330,2978 2375,2978 2420,2972 2465,2969 2509,2969 2554,2969 2599,2966 2644,2963 2688,2963 2733,2960 2778,2960 2823,2957"/>
                <TextEquiv>
                    <Unicode>Vater: Ich habe viel durchgemacht, Kinder,</Unicode>
                </TextEquiv>
            </TextLine>
            <TextLine id="tr_2_tl_4" custom="readingOrder {index:3;}">
                <Coords points="1057,3201 1961,3148 2078,3195 2771,3109 2932,3151 2937,3054 2552,3018 2377,3079 1634,3048 1060,3109"/>
                <Baseline points="1071,3169 1107,3178 1151,3178 1196,3178 1241,3178 1286,3178 1331,3175 1375,3175 1420,3172 1465,3172 1510,3169 1554,3166 1599,3163 1644,3160 1689,3157 1733,3157 1778,3151 1823,3151 1868,3148 1912,3148 1957,3145 2002,3145 2047,3142 2092,3142 2136,3139 2181,3136 2226,3133 2271,3133 2315,3130 2360,3127 2405,3124 2450,3124 2494,3121 2539,3121 2584,3118 2629,3118 2673,3115 2718,3115 2763,3112 2808,3112 2852,3109 2897,3106 2942,3103"/>
                <TextEquiv>
                    <Unicode>viel: Die Frau, die ihr Schicksal an das</Unicode>
                </TextEquiv>
            </TextLine>
            <TextLine id="tr_2_tl_5" custom="readingOrder {index:4;}">
                <Coords points="1062,3378 2985,3298 3076,3287 3079,3198 2211,3231 2103,3176 1065,3276"/>
                <Baseline points="1077,3333 1113,3333 1157,3330 1202,3333 1247,3330 1292,3330 1336,3327 1381,3324 1426,3321 1471,3321 1516,3318 1560,3315 1605,3315 1650,3312 1695,3312 1739,3309 1784,3309 1829,3306 1874,3306 1918,3306 1963,3303 2008,3297 2053,3294 2097,3294 2142,3291 2187,3288 2232,3288 2277,3285 2321,3282 2366,3282 2411,3279 2456,3276 2500,3276 2545,3273 2590,3273 2635,3270 2679,3270 2724,3267 2769,3267 2814,3264 2858,3261 2903,3261 2948,3258 2993,3255 3038,3252 3082,3252"/>
                <TextEquiv>
                    <Unicode>meine gekettet hat, ist tot. Wir wollen ih-</Unicode>
                </TextEquiv>
            </TextLine>
            <TextLine id="tr_2_tl_6" custom="readingOrder {index:5;}">
                <Coords points="1073,3545 2347,3437 2485,3481 2671,3448 2674,3378 2488,3334 2299,3403 1526,3362 1240,3442 1079,3403"/>
                <Baseline points="1092,3488 1113,3488 1157,3488 1202,3488 1247,3485 1292,3485 1336,3482 1381,3479 1426,3479 1471,3476 1516,3473 1560,3473 1605,3470 1650,3470 1695,3467 1739,3464 1784,3461 1829,3461 1874,3458 1918,3455 1963,3455 2008,3452 2053,3449 2097,3446 2142,3446 2187,3443 2232,3443 2277,3440 2321,3437 2366,3434 2411,3434 2456,3431 2500,3431 2545,3428 2590,3428 2635,3425 2679,3423"/>
                <TextEquiv>
                    <Unicode>rem Andenken ein Glas Wein widmen.</Unicode>
                </TextEquiv>
            </TextLine>
            <TextLine id="tr_2_tl_7" custom="readingOrder {index:6;}">
                <Coords points="843,3695 2211,3611 2433,3661 3054,3586 3059,3473 1398,3539 1293,3609 849,3570"/>
                <Baseline points="862,3658 865,3655 910,3658 954,3658 999,3658 1044,3655 1089,3655 1134,3655 1178,3649 1223,3649 1268,3646 1313,3643 1357,3643 1402,3643 1447,3640 1492,3637 1536,3634 1581,3634 1626,3631 1671,3631 1715,3628 1760,3628 1805,3622 1850,3622 1895,3619 1939,3616 1984,3613 2029,3611 2074,3608 2118,3605 2163,3605 2208,3602 2253,3602 2297,3602 2342,3599 2387,3596 2432,3593 2476,3593 2521,3587 2566,3587 2611,3584 2656,3584 2700,3578 2745,3578 2790,3575 2835,3572 2879,3572 2924,3569 2969,3566 3014,3566 3058,3566"/>
                <TextEquiv>
                    <Unicode>Mathilde: Du hast ja wieder einen neuen Orden,</Unicode>
                </TextEquiv>
            </TextLine>
        </TextRegion>
    </Page>
</PcGts>
