4376 5464
2473 242 3118 464 1 1 1 1 4
2198 456 2460 591 25 —
637 645 3249 908 Mathilde:Nun, ich liebe keine Rührscenen. Komm., Franz'
345 752 538 961 B.H.
657 883 3672 1043 Charles: Nicht also, meine Lieben! Herr Franz, nehmen Sie Platz!
382 937 555 1109 or the
1052 1064 4038 1261 Mathilde, nimm Platz. Meine Mutter, nimm Platz! Bitte, hierher,
1056 1232 3857 1425 Herr Franz. (Weist ihm den Sessel neben Mathilde an) Es ist
1056 1417 3824 1585 kein schlechter Platz. Hier sass noch vor wenig Wochen ein
1056 1557 1984 1717 reizender Edelmann.
1080 1701 2091 1922 (leise:) Halt's Paul.
645 1725 1002 1914 Mutter:
641 1898 3023 2095 Mathilde:Was willst Du denn eigentlich, Hanswurst?
657 2046 3816 2247 Charles: Anitta, schenken Sie ein! -Anitta, mehr als das, setzen Sie
1064 2132 3877 2362 sich zu uns! Anitta ist ein braves Mädchen, ich kenne keine
1060 2313 3836 2551 Standesunterschiede. Ich werde so frei sein, einen kleinen
1068 2460 3680 2723 Toast zu halten. (Erhebt sich) Ich trinke auf die wahre
1056 2678 3684 2892 Liebe. Jawohl, auf die Liebe, welche allen Hindernissen
1068 2838 3779 3060 zum Trotz, die sich türmen mögen, unsigennützig, Herz zum
1052 3003 4013 3228 Herzen, mit einem Wort: auf die Liebe, welche alle Hindernisse
1068 3208 4001 3372 besiegt. Herr Franz, ich bin so frei, Ihnen das Du anzutragen.
1076 3331 3767 3553 (Er trinkt mit Franz, der sich noch immer nicht auskennt,
419 3467 591 3689 B.T.H.
1052 3508 2493 3726 Bruderschaft). Einen Kuss, so!
1068 3668 2510 3849 Er ist ein seelenguter Mensch.
637 3689 994 3861 Mutter:
657 3799 3960 4029 Charles: Nun ist alles wieder gut. Es war nämlich ein Missverständnis.
1056 3951 3775 4157 Wir wollen nicht davon reden. Anitta, Anitta Ringelspiel,
1068 4153 3988 4317 Carroussel, wie ich Dich scherzweise zu nennen pflege, Anitta,
1064 4268 3877 4453 Dein Kind, ich muss nämlich bemerken, dass Fräulein Ringel-
1064 4444 3877 4666 spiel ein Kind von mir unter dem Herzen trägt, dieses Kind,
1056 4650 3972 4851 soll, wenn es ein Mädchen ist, Mathilde, wennis ein Knäblein
419 4670 612 4892 7
1064 4835 2374 5023 ist, soll es Franz heissen.
