4360 5512
3762 249 4002 431 Votre très-
1248 236 1501 494 Jouloure.
635 261 1103 506 1/1 „ 7 „ „
1987 469 2289 664 - 27 -
597 771 1866 1037 Mathilde:Es ist mein Franz.
1000 776 3824 1157 Ich frage nicht, wann die Hochzeit sein wird, da ich verhin-
614 1004 900 1199 Vater:
1000 1082 2621 1302 dert sein dürfte, ihr beizuwohnen.
1016 1273 1315 1435 Vater!
593 1273 983 1506 Charles:
1004 1373 3335 1626 Mein Sohn! Donnerwetter, er ist ein schöner Kerl!
614 1464 883 1634 Vater:
1012 1551 2870 1734 Ein Glas für unseren Vater, Carroussel!
618 1605 983 1783 Charles :
1033 1696 3621 1970 Ich verbiet es, ich duld' es nicht. Ich stürze mich zum
618 1788 941 1999 Mutter:
1020 1891 1754 2070 Fenster hinaus.
610 2016 3940 2240 Mathilde: Aber Mutter, warum denn? Wenn wir schon alle so gemütlich bei-
1045 2153 3737 2435 sammen sitzen. Auf ein Couvert mehr oder weniger kommt es
1037 2443 1725 2605 doch nicht an.
1037 2518 3633 2696 Meine Kinder! Sie haben ein Herz für ihren alten Vater.
635 2609 912 2804 Vater
1049 2675 3741 2858 Woher kommst Du? Wie kannst Du es wagen' Mein Bettzeug at
647 2775 975 2949 Mutter:
1058 2820 3741 3082 er mir gestohlen, meine Staubtücher, mein Küchengeschirr.
1070 3032 3857 3268 Ich habe viel durchgemacht, Kinder, viel! Die Frau, die ihr
643 3090 925 3310 Vater
1045 3210 3994 3418 Schicksal an das meine gekettet hat, ist tot. Wir wollen ihrem
1058 3380 2493 3608 Andenken ein Glas Wein widmen.
659 3563 2771 3803 Mathilde:Du hast ja wieder einen neuen Orden.
1074 3642 3666 3903 Ach, Du weisst, dass ich darauf nie etwas gegeben habe.
680 3795 946 3944 Vater
659 3799 3965 4077 Aber es geht mir jetzt besser, als seit langer Zeit. Ich lebe in Paris
1074 4031 3783 4201 und führe einen Prozess gegen die Republik wegen Rückgabe
1087 4172 3824 4454 unserer Schlösser und Ihr könnt Euch denken, dass man mich
1087 4318 3870 4550 anfeindet, umsomenr, als die Schlösser dem Erdboden gleich-
1099 4525 3932 4774 gemacht sind und ich wünschha, dass sie neu aufgebaut werden.
1099 4633 3969 4919 Meine Feinde haben es endlich durchgesetzt, dass man mich für
