<?xml version="1.0" encoding="UTF-8" standalone="yes"?>
<PcGts xmlns="http://schema.primaresearch.org/PAGE/gts/pagecontent/2013-07-15" xmlns:xsi="http://www.w3.org/2001/XMLSchema-instance" xsi:schemaLocation="http://schema.primaresearch.org/PAGE/gts/pagecontent/2013-07-15 http://schema.primaresearch.org/PAGE/gts/pagecontent/2013-07-15/pagecontent.xsd">
    <Metadata>
        <Creator>prov=READ-COOP:name=TrHtr:version=2.1.0:model_id=51170:date=30_07_2023_08:31</Creator>
        <Created>2023-05-10T13:47:54.863+02:00</Created>
        <LastChange>2023-07-30T08:31:45.511+02:00</LastChange>
        <TranskribusMetadata docId="1428595" pageId="55414648" pageNr="48" tsid="131488148" status="IN_PROGRESS" userId="64420" imgUrl="https://files.transkribus.eu/Get?id=IMGMGHNISLXSDAFVBENRCISP&amp;fileType=view" xmlUrl="https://files.transkribus.eu/Get?id=GBUVNHZGRPYKXHFAQYPIXMFQ" imageId="44688782"/>
    </Metadata>
    <Page imageFilename="1428595_0048.jpg" imageWidth="3400" imageHeight="4216">
        <ReadingOrder>
            <OrderedGroup id="ro_1711790205292" caption="Regions reading order">
                <RegionRefIndexed index="0" regionRef="tr_1"/>
                <RegionRefIndexed index="1" regionRef="tr_2"/>
            </OrderedGroup>
        </ReadingOrder>
        <TextRegion id="tr_1" custom="readingOrder {index:0;}">
            <Coords points="713,639 2938,639 2938,2132 713,2132"/>
            <TextLine id="tr_1_tl_1" custom="readingOrder {index:0;}">
                <Coords points="2814,729 2837,735 2848,729 2923,781 2937,778 2929,606 2891,617 2808,614"/>
                <Baseline points="2827,689 2872,692 2917,692 2938,695"/>
                <TextEquiv>
                    <Unicode>39</Unicode>
                </TextEquiv>
            </TextLine>
            <TextLine id="tr_1_tl_2" custom="readingOrder {index:1;}">
                <Coords points="902,1082 962,1108 1160,1054 1378,1088 1513,1039 1605,1071 1763,1048 1763,968 1654,919 1576,973 1493,950 1410,988 1266,925 1097,996 1028,950 904,956"/>
                <Baseline points="919,1048 961,1045 1006,1045 1051,1045 1095,1045 1140,1042 1185,1042 1230,1039 1274,1039 1319,1039 1364,1036 1409,1036 1454,1039 1498,1036 1543,1033 1588,1036 1633,1033 1678,1030 1722,1027 1767,1024"/>
                <TextEquiv>
                    <Unicode>Zugrund gegangen?</Unicode>
                </TextEquiv>
            </TextLine>
            <TextLine id="tr_1_tl_3" custom="readingOrder {index:2;}">
                <Coords points="695,1258 795,1292 965,1249 1042,1272 1123,1243 1355,1258 1384,1249 1387,1131 1238,1137 1151,1085 1054,1080 959,1126 930,1111 787,1143 755,1114 698,1117"/>
                <Baseline points="713,1203 722,1203 767,1203 812,1203 856,1203 901,1203 946,1203 991,1209 1036,1206 1080,1200 1125,1197 1170,1194 1215,1194 1260,1191 1304,1191 1349,1191 1394,1191"/>
                <TextEquiv>
                    <Unicode>Elsa:: :nickt:</Unicode>
                </TextEquiv>
            </TextLine>
            <TextLine id="tr_1_tl_4" custom="readingOrder {index:3;}">
                <Coords points="721,1410 2452,1318 2857,1367 2863,1203 724,1281"/>
                <Baseline points="737,1364 758,1358 803,1358 847,1358 892,1358 937,1352 982,1352 1027,1349 1071,1349 1116,1349 1161,1352 1206,1346 1251,1346 1295,1346 1340,1343 1385,1343 1430,1340 1475,1340 1519,1340 1564,1340 1609,1337 1654,1334 1698,1334 1743,1334 1788,1331 1833,1331 1878,1331 1922,1328 1967,1328 2012,1325 2057,1325 2102,1322 2146,1325 2191,1322 2236,1322 2281,1319 2325,1319 2370,1316 2415,1316 2460,1319 2505,1316 2549,1316 2594,1313 2639,1313 2684,1310 2729,1310 2773,1307 2818,1307 2863,1310"/>
                <TextEquiv>
                    <Unicode>Charles: Und da gebt ihr Diners?... da ladet</Unicode>
                </TextEquiv>
            </TextLine>
            <TextLine id="tr_1_tl_5" custom="readingOrder {index:4;}">
                <Coords points="945,1519 1148,1568 1829,1487 2676,1507 2768,1493 2771,1395 2125,1387 1915,1464 1711,1395 1588,1450 948,1436"/>
                <Baseline points="964,1504 985,1504 1030,1504 1074,1501 1119,1501 1164,1501 1209,1501 1254,1498 1298,1495 1343,1498 1388,1495 1433,1492 1477,1492 1522,1492 1567,1492 1612,1492 1657,1489 1701,1489 1746,1489 1791,1486 1836,1486 1881,1483 1925,1483 1970,1483 2015,1483 2060,1480 2105,1480 2149,1480 2194,1477 2239,1477 2284,1477 2328,1475 2373,1475 2418,1472 2463,1469 2508,1469 2552,1469 2597,1469 2642,1466 2687,1466 2732,1466 2776,1472"/>
                <TextEquiv>
                    <Unicode>ihr die Leute ein? Das ist doch ein</Unicode>
                </TextEquiv>
            </TextLine>
            <TextLine id="tr_1_tl_6" custom="readingOrder {index:5;}">
                <Coords points="956,1683 1571,1688 1728,1642 1895,1706 2110,1685 2188,1671 2191,1542 2050,1576 1596,1553 1467,1614 1324,1571 959,1605"/>
                <Baseline points="973,1660 985,1660 1030,1657 1074,1657 1119,1657 1164,1657 1209,1654 1254,1654 1298,1654 1343,1651 1388,1651 1433,1651 1477,1651 1522,1648 1567,1645 1612,1645 1657,1645 1701,1645 1746,1642 1791,1642 1836,1639 1881,1642 1925,1639 1970,1639 2015,1636 2060,1633 2105,1633 2149,1630 2194,1630"/>
                <TextEquiv>
                    <Unicode>Leichtsinn sondergleichen!</Unicode>
                </TextEquiv>
            </TextLine>
            <TextLine id="tr_1_tl_7" custom="readingOrder {index:6;}">
                <Coords points="769,1904 1355,1815 2489,1838 2840,1777 2843,1714 772,1751"/>
                <Baseline points="785,1815 788,1818 833,1818 877,1818 922,1818 967,1818 1012,1818 1056,1821 1101,1815 1146,1812 1191,1809 1236,1812 1280,1812 1325,1809 1370,1806 1415,1806 1460,1806 1504,1806 1549,1806 1594,1803 1639,1800 1684,1800 1728,1800 1773,1797 1818,1794 1863,1794 1907,1794 1952,1791 1997,1791 2042,1791 2087,1788 2131,1788 2176,1785 2221,1785 2266,1785 2311,1782 2355,1782 2400,1782 2445,1782 2490,1782 2534,1779 2579,1779 2624,1776 2669,1776 2714,1776 2758,1773 2803,1773 2848,1770"/>
                <TextEquiv>
                    <Unicode>flsa: Das sagt Papa auch. Aber Mama hat er¬</Unicode>
                </TextEquiv>
            </TextLine>
            <TextLine id="tr_1_tl_8" custom="readingOrder {index:7;}">
                <Coords points="956,1975 1461,2016 2386,1941 2897,2001 2900,1861 2788,1815 2530,1892 2219,1826 1774,1921 959,1881"/>
                <Baseline points="973,1967 982,1964 1027,1964 1071,1964 1116,1964 1161,1964 1206,1964 1251,1964 1295,1961 1340,1961 1385,1961 1430,1958 1475,1958 1519,1955 1564,1955 1609,1955 1654,1952 1698,1952 1743,1952 1788,1949 1833,1946 1878,1946 1922,1949 1967,1946 2012,1946 2057,1943 2102,1943 2146,1946 2191,1943 2236,1940 2281,1940 2325,1937 2370,1937 2415,1937 2460,1937 2505,1937 2549,1934 2594,1931 2639,1931 2684,1934 2729,1928 2773,1928 2818,1925 2863,1925 2908,1931"/>
                <TextEquiv>
                    <Unicode>klärt, wir waren so viel galden, sie will</Unicode>
                </TextEquiv>
            </TextLine>
            <TextLine id="tr_1_tl_9" custom="readingOrder {index:8;}">
                <Coords points="959,2145 2682,2136 2685,1970 2133,2062 2016,2004 959,2087"/>
                <Baseline points="976,2119 991,2119 1036,2116 1080,2119 1125,2119 1170,2122 1215,2119 1260,2116 1304,2116 1349,2113 1394,2113 1439,2113 1483,2110 1528,2110 1573,2108 1618,2108 1663,2108 1707,2105 1752,2105 1797,2105 1842,2105 1887,2102 1931,2102 1976,2099 2021,2099 2066,2099 2110,2099 2155,2096 2200,2096 2245,2096 2290,2093 2334,2093 2379,2093 2424,2093 2469,2093 2514,2093 2558,2090 2603,2087 2648,2087 2693,2087"/>
                <TextEquiv>
                    <Unicode>wenigstens dieseSchulden zahlen, ehe</Unicode>
                </TextEquiv>
            </TextLine>
        </TextRegion>
        <TextRegion id="tr_2" custom="readingOrder {index:1;}">
            <Coords points="510,2213 3066,2213 3066,3781 510,3781"/>
            <TextLine id="tr_2_tl_1" custom="readingOrder {index:0;}">
                <Coords points="732,2363 827,2323 1134,2346 1243,2297 1461,2268 1565,2317 1568,2202 1461,2240 1407,2185 1338,2199 1286,2165 1180,2219 1094,2188 991,2225 735,2219"/>
                <Baseline points="752,2287 764,2284 809,2284 853,2281 898,2281 943,2281 988,2278 1033,2278 1077,2278 1122,2275 1167,2281 1212,2278 1257,2272 1301,2272 1346,2269 1391,2266 1436,2266 1480,2266 1525,2263 1570,2266"/>
                <TextEquiv>
                    <Unicode>Charles: Ehe..?</Unicode>
                </TextEquiv>
            </TextLine>
            <TextLine id="tr_2_tl_2" custom="readingOrder {index:1;}">
                <Coords points="726,2449 2438,2458 2906,2418 2909,2340 2521,2265 2185,2354 726,2369"/>
                <Baseline points="743,2439 764,2436 809,2433 853,2436 898,2436 943,2436 988,2436 1033,2433 1077,2433 1122,2430 1167,2430 1212,2430 1257,2427 1301,2424 1346,2424 1391,2421 1436,2424 1480,2421 1525,2418 1570,2418 1615,2418 1660,2418 1704,2415 1749,2415 1794,2415 1839,2415 1884,2412 1928,2412 1973,2409 2018,2409 2063,2409 2108,2406 2152,2403 2197,2403 2242,2403 2287,2403 2331,2403 2376,2403 2421,2400 2466,2400 2511,2400 2555,2400 2600,2397 2645,2397 2690,2394 2735,2394 2779,2391 2824,2394 2869,2397 2914,2403"/>
                <TextEquiv>
                    <Unicode>Elsa:... ehe wir eine kleine Wohnung nehmen,</Unicode>
                </TextEquiv>
            </TextLine>
            <TextLine id="tr_2_tl_3" custom="readingOrder {index:2;}">
                <Coords points="973,2621 2544,2558 2871,2639 2972,2610 2975,2487 976,2501"/>
                <Baseline points="988,2582 1012,2585 1056,2582 1101,2582 1146,2582 1191,2582 1236,2579 1280,2579 1325,2579 1370,2576 1415,2576 1460,2576 1504,2576 1549,2576 1594,2573 1639,2570 1684,2570 1728,2573 1773,2573 1818,2570 1863,2570 1907,2567 1952,2567 1997,2567 2042,2564 2087,2561 2131,2561 2176,2558 2221,2558 2266,2555 2311,2555 2355,2555 2400,2555 2445,2555 2490,2552 2534,2552 2579,2549 2624,2549 2669,2546 2714,2546 2758,2546 2803,2546 2848,2546 2893,2546 2938,2543 2982,2546"/>
                <TextEquiv>
                    <Unicode>wie sie unseren jetzigen Verhältnissen ent</Unicode>
                </TextEquiv>
            </TextLine>
            <TextLine id="tr_2_tl_4" custom="readingOrder {index:3;}">
                <Coords points="985,2811 1008,2814 1057,2774 1131,2779 1157,2797 1217,2771 1238,2785 1327,2762 1370,2776 1372,2679 1338,2690 1249,2650 1206,2685 988,2633"/>
                <Baseline points="1000,2743 1015,2740 1059,2740 1104,2738 1149,2738 1194,2735 1239,2735 1283,2735 1328,2735 1373,2738"/>
                <TextEquiv>
                    <Unicode>spricht.</Unicode>
                </TextEquiv>
            </TextLine>
            <TextLine id="tr_2_tl_5" custom="readingOrder {index:4;}">
                <Coords points="741,2903 3000,2894 3044,2776 744,2825"/>
                <Baseline points="758,2896 764,2899 809,2896 853,2896 898,2896 943,2893 988,2896 1033,2893 1077,2893 1122,2893 1167,2893 1212,2893 1257,2887 1301,2887 1346,2887 1391,2887 1436,2887 1480,2884 1525,2884 1570,2884 1615,2881 1660,2878 1704,2878 1749,2875 1794,2875 1839,2875 1884,2875 1928,2875 1973,2872 2018,2872 2063,2872 2108,2872 2152,2872 2197,2869 2242,2869 2287,2866 2331,2866 2376,2866 2421,2866 2466,2863 2511,2863 2555,2863 2600,2860 2645,2860 2690,2860 2735,2857 2779,2857 2824,2857 2869,2854 2914,2851 2958,2851 3003,2848 3048,2845"/>
                <TextEquiv>
                    <Unicode>Charles: Das ist aber nett. das ist sehr nett!</Unicode>
                </TextEquiv>
            </TextLine>
            <TextLine id="tr_2_tl_6" custom="readingOrder {index:5;}">
                <Coords points="738,3064 2087,3052 2056,2946 741,2998"/>
                <Baseline points="758,3051 797,3051 842,3051 886,3054 931,3051 976,3051 1021,3051 1065,3048 1110,3048 1155,3048 1200,3045 1245,3042 1289,3042 1334,3042 1379,3042 1424,3039 1469,3042 1513,3042 1558,3039 1603,3039 1648,3036 1692,3033 1737,3033 1782,3030 1827,3027 1872,3027 1916,3027 1961,3027 2006,3027 2051,3024 2096,3027"/>
                <TextEquiv>
                    <Unicode>Elsa: Charles, bist du bös?</Unicode>
                </TextEquiv>
            </TextLine>
            <TextLine id="tr_2_tl_7" custom="readingOrder {index:6;}">
                <Coords points="755,3245 2527,3173 2983,3233 3061,3092 755,3138"/>
                <Baseline points="770,3209 782,3206 827,3209 871,3209 916,3206 961,3206 1006,3203 1051,3203 1095,3203 1140,3203 1185,3203 1230,3200 1274,3197 1319,3197 1364,3194 1409,3194 1454,3194 1498,3191 1543,3191 1588,3188 1633,3188 1678,3188 1722,3188 1767,3185 1812,3185 1857,3185 1901,3182 1946,3182 1991,3182 2036,3182 2081,3179 2125,3179 2170,3179 2215,3176 2260,3176 2305,3176 2349,3176 2394,3173 2439,3173 2484,3170 2529,3170 2573,3170 2618,3167 2663,3167 2708,3167 2752,3167 2797,3167 2842,3164 2887,3164 2932,3164 2976,3162 3021,3159 3066,3162"/>
                <TextEquiv>
                    <Unicode>Charles: Meine liebe Elsa, ich finde diese ganze</Unicode>
                </TextEquiv>
            </TextLine>
            <TextLine id="tr_2_tl_8" custom="readingOrder {index:7;}">
                <Coords points="991,3377 2952,3328 2932,3265 2667,3239 993,3288"/>
                <Baseline points="1009,3356 1033,3356 1077,3359 1122,3356 1167,3353 1212,3353 1257,3353 1301,3353 1346,3353 1391,3350 1436,3347 1480,3347 1525,3347 1570,3344 1615,3344 1660,3344 1704,3338 1749,3338 1794,3338 1839,3338 1884,3335 1928,3335 1973,3332 2018,3332 2063,3332 2108,3332 2152,3329 2197,3329 2242,3332 2287,3329 2331,3329 2376,3326 2421,3326 2466,3323 2511,3323 2555,3323 2600,3323 2645,3323 2690,3320 2735,3323 2779,3320 2824,3320 2869,3317 2914,3317 2958,3317"/>
                <TextEquiv>
                    <Unicode>Geschichte unerhört! - Was fällt dir denn</Unicode>
                </TextEquiv>
            </TextLine>
            <TextLine id="tr_2_tl_9" custom="readingOrder {index:8;}">
                <Coords points="993,3520 3029,3489 3052,3362 2877,3425 996,3443"/>
                <Baseline points="1012,3511 1042,3511 1086,3514 1131,3514 1176,3514 1221,3511 1265,3508 1310,3508 1355,3505 1400,3505 1445,3502 1489,3502 1534,3505 1579,3499 1624,3499 1669,3499 1713,3499 1758,3499 1803,3499 1848,3496 1893,3493 1937,3490 1982,3490 2027,3490 2072,3487 2116,3487 2161,3487 2206,3484 2251,3484 2296,3484 2340,3484 2385,3481 2430,3481 2475,3481 2520,3481 2564,3478 2609,3475 2654,3475 2699,3472 2743,3472 2788,3472 2833,3472 2878,3472 2923,3472 2967,3469 3012,3469 3057,3472"/>
                <TextEquiv>
                    <Unicode>eigentlich ein, unter solchen Umständen mit-</Unicode>
                </TextEquiv>
            </TextLine>
            <TextLine id="tr_2_tl_10" custom="readingOrder {index:9;}">
                <Coords points="2685,3572 2728,3586 2788,3583 2814,3566 2834,3580 2851,3569 2877,3580 2917,3557 2940,3575 3026,3595 3026,3489 2940,3500 2866,3477 2799,3491 2685,3486"/>
                <Baseline points="2699,3556 2743,3553 2788,3553 2833,3553 2878,3553 2923,3550 2967,3550 3012,3553 3033,3556"/>
                <TextEquiv>
                    <Unicode>kommen?</Unicode>
                </TextEquiv>
            </TextLine>
            <TextLine id="tr_2_tl_11" custom="readingOrder {index:10;}">
                <Coords points="993,3710 2940,3672 2943,3560 996,3624"/>
                <Baseline points="1012,3675 1021,3675 1065,3675 1110,3675 1155,3675 1200,3675 1245,3675 1289,3675 1334,3672 1379,3669 1424,3666 1469,3666 1513,3669 1558,3666 1603,3663 1648,3663 1692,3663 1737,3660 1782,3660 1827,3657 1872,3657 1916,3657 1961,3654 2006,3651 2051,3651 2096,3651 2140,3651 2185,3651 2230,3645 2275,3645 2319,3642 2364,3642 2409,3642 2454,3639 2499,3639 2543,3639 2588,3636 2633,3636 2678,3636 2723,3633 2767,3633 2812,3633 2857,3633 2902,3630 2947,3633"/>
                <TextEquiv>
                    <Unicode>ten in der Nacht zu mir gelaufen zu sein?</Unicode>
                </TextEquiv>
            </TextLine>
            <TextLine id="tr_2_tl_12" custom="readingOrder {index:11;}">
                <Coords points="494,3773 528,3773 560,3784 571,3773 589,3773 612,3787 632,3784 617,3638 583,3626 554,3661 534,3661 514,3646 505,3652 497,3646 482,3649"/>
                <Baseline points="510,3756 555,3759 600,3762 635,3771"/>
                <TextEquiv>
                    <Unicode>on</Unicode>
                </TextEquiv>
            </TextLine>
        </TextRegion>
    </Page>
</PcGts>
