4200 5464
2229 217 2741 481 V. W. I. E. M.
3067 206 3793 501 1märä; 1)
2803 217 3032 493 1.°
582 765 3304 1013 Mutter: O mein lieber Sohn, mein lieber, lieber Charles!
594 951 3719 1188 Charles: Ja, ich bin Bräutigam. Heute Abend haben wir uns verlobt
1013 1075 3483 1301 während des Diners. Jetzt eben spricht sie mit ihren
1013 1281 3420 1452 Eltern und morgen Mittag halte ich offiziell um ihr
1013 1456 1440 1619 Hand an.
1021 1522 3646 1801 Charles, Charles, ich bin so glücklich. Ezähle mir doch
594 1603 978 1763 Mutter:
1013 1732 1584 1914 ausführlik.
1064 1809 3595 2031 Geduld Mama. Wo ist Mathilde? Ich möchte ihr auch er-
598 1899 1013 2069 Charles :
1025 2011 2838 2260 zählen. Sie soll unsere Freude teilen.
1033 2232 1382 2384 Nun ja-
610 2229 940 2388 Mutter
606 2318 2415 2504 Charles: Mutter,-sie ist nicht allein.
606 2516 959 2710 Mutter:
1029 2531 1281 2691 Nein.
2058 2493 2939 2838 Ich habe es geatrut
613 2628 1833 2858 Charles: + Wer ist es denn?
1037 2795 2380 2974 Dieser Herr Franz natürlich.
598 2842 967 2978 Mutter:
1048 2935 3611 3122 Ich hasse diesen Menschen. Was ist er denn eigentlich?
617 2970 1002 3145 Charles:
1048 3118 3378 3269 Weisst Du, Mutter, wer dieser Herr Franz ist? Wie
1033 3265 3386 3401 heisst er mit dem Zunamen? Hat er überhaupt einen
1072 3420 1460 3580 Tunamen?
2566 3397 3743 3770 (Gehtin und ha) (Sause.)
1056 3549 1503 3770 gewiss.
629 3591 975 3762 Mutter:
1064 3684 3358 3894 Warum bringt er ihn nicht mit, und wo bleibt der
648 3747 1033 3917 Charles :
1056 3882 1600 4069 Champagner?
1052 3976 3618 4158 Sie muss ja in den Keller gehen. Erzähl mir dok unter-
621 4046 982 4247 Mutter:
1048 4193 2271 4364 dess, es ist also gewiss?
648 4271 3506 4543 Charles: Absolut. Sie ist in einer Weise verliebt - Ich habe
1060 4449 3630 4636 sie einfach gefragt: Wollen Sie die Meine werden? Wäh-
1060 4636 3673 4826 rend der Gansleberpastete habe ich sie gefragt. Sie ist
