3400 4216
2777 456 2907 617 11
949 893 1389 1029 Russland!
714 979 2849 1212 Mathilde: Das ist abgeschmackt. - Keineswegs
952 1137 2932 1311 hast du mir vorzuwerfen, dass ich den Gra¬
963 1317 2077 1480 fen hinausgeworfen hab'
733 1427 2907 1682 Mutter: Aber nein, das fällt mir ja nikt ein.
741 1555 2891 1806 Mathilde: Jawol, du wirfst mir vor, dass ich
1001 1817 1566 1964 Franz liebe!
763 1917 2943 2100 Mutter: Rege dik do nikt auf, denk' an deine
1004 2138 1347 2266 Stimme!
772 2183 2999 2398 Mathilde: Nun, ich frage: wer erhält das Haus?
1032 2368 3079 2575 von wem lebt ihr? Ich kann Grafen hinaus-
1032 2537 2927 2711 werfen, soviel ich will, und ich kann so
1046 2686 2880 2860 viel Fränze lieben, als es mir beliebt.
816 2896 1541 3046 Anita: kommt:
1989 3308 2501 3455 Ist er es?
830 3350 1898 3555 Mathilde):leuchtend:
838 3535 1386 3685 Anita: Ja.
