<?xml version="1.0" encoding="UTF-8" standalone="yes"?>
<PcGts xmlns="http://schema.primaresearch.org/PAGE/gts/pagecontent/2013-07-15" xmlns:xsi="http://www.w3.org/2001/XMLSchema-instance" xsi:schemaLocation="http://schema.primaresearch.org/PAGE/gts/pagecontent/2013-07-15 http://schema.primaresearch.org/PAGE/gts/pagecontent/2013-07-15/pagecontent.xsd">
    <Metadata>
        <Creator>prov=READ-COOP:name=TrHtr:version=2.1.0:model_id=51170:date=30_07_2023_08:32</Creator>
        <Created>2023-05-10T13:48:04.234+02:00</Created>
        <LastChange>2023-07-30T08:32:00.041+02:00</LastChange>
        <TranskribusMetadata docId="1428595" pageId="55414970" pageNr="102" tsid="131488204" status="IN_PROGRESS" userId="64420" imgUrl="https://files.transkribus.eu/Get?id=JOFMADQWJOUHIPONIXSPVVOT&amp;fileType=view" xmlUrl="https://files.transkribus.eu/Get?id=WKTKHXCUUMYQPUDKGJRDAWFG" imageId="44689104"/>
    </Metadata>
    <Page imageFilename="1428595_0102.jpg" imageWidth="4232" imageHeight="5480">
        <ReadingOrder>
            <OrderedGroup id="ro_1711790263363" caption="Regions reading order">
                <RegionRefIndexed index="0" regionRef="tr_1"/>
                <RegionRefIndexed index="1" regionRef="tr_3"/>
                <RegionRefIndexed index="2" regionRef="tr_2"/>
            </OrderedGroup>
        </ReadingOrder>
        <TextRegion id="tr_1" custom="readingOrder {index:0;}">
            <Coords points="632,284 3993,284 3993,1556 632,1556"/>
            <TextLine id="tr_1_tl_1" custom="readingOrder {index:0;}">
                <Coords points="3785,452 3833,436 3865,460 3893,448 3937,460 3965,444 3989,444 3973,272 3941,276 3897,240 3837,240 3805,216 3761,220"/>
                <Baseline points="3796,334 3886,346 3975,352 3993,352"/>
                <TextEquiv>
                    <Unicode>G.C.P.</Unicode>
                </TextEquiv>
            </TextLine>
            <TextLine id="tr_1_tl_2" custom="readingOrder {index:1;}">
                <Coords points="1328,448 1348,448 1372,472 1428,436 1508,460 1492,224 1444,240 1420,232 1404,244 1356,216 1308,216"/>
                <Baseline points="1343,340 1432,352 1510,352"/>
                <TextEquiv>
                    <Unicode>14/1</Unicode>
                </TextEquiv>
            </TextLine>
            <TextLine id="tr_1_tl_3" custom="readingOrder {index:2;}">
                <Coords points="1917,700 1949,696 1985,724 2013,708 2045,732 2089,688 2193,688 2193,504 2153,500 2093,528 2057,504 2005,532 1973,504 1917,500"/>
                <Baseline points="1940,680 2029,680 2119,680 2202,680"/>
                <TextEquiv>
                    <Unicode>- 29 -</Unicode>
                </TextEquiv>
            </TextLine>
            <TextLine id="tr_1_tl_4" custom="readingOrder {index:3;}">
                <Coords points="608,996 644,1000 664,980 736,1008 864,1012 900,1000 936,1016 984,972 1004,972 1004,868 976,868 952,848 932,860 848,848 792,872 692,828 648,844 608,836"/>
                <Baseline points="632,925 656,919 746,919 835,919 925,919 1014,913"/>
                <TextEquiv>
                    <Unicode>Mutter:</Unicode>
                </TextEquiv>
            </TextLine>
            <TextLine id="tr_1_tl_5" custom="readingOrder {index:4;}">
                <Coords points="1052,944 2233,952 2233,820 2093,772 1849,840 1685,744 1504,820 1132,744 1052,764"/>
                <Baseline points="1074,925 1080,919 1170,919 1259,919 1349,919 1438,919 1528,919 1617,919 1707,913 1796,919 1886,919 1975,919 2065,919 2154,919 2244,913"/>
                <TextEquiv>
                    <Unicode>(zu Charles: ) Mach Musik!</Unicode>
                </TextEquiv>
            </TextLine>
            <TextLine id="tr_1_tl_6" custom="readingOrder {index:5;}">
                <Coords points="604,1152 636,1156 680,1132 704,1164 756,1136 824,1148 840,1132 908,1128 908,1008 784,1000 744,1012 724,1000 688,1008 664,980 644,1000 608,996"/>
                <Baseline points="632,1074 722,1080 811,1074 901,1074 919,1080"/>
                <TextEquiv>
                    <Unicode>Franz</Unicode>
                </TextEquiv>
            </TextLine>
            <TextLine id="tr_1_tl_7" custom="readingOrder {index:6;}">
                <Coords points="1064,1088 1492,1092 1753,1164 1913,1084 1997,1124 2121,1108 2097,988 1825,1016 1717,976 1657,1020 1516,984 1400,1028 1064,972"/>
                <Baseline points="1086,1080 1146,1074 1235,1074 1325,1074 1414,1074 1504,1074 1593,1080 1683,1074 1772,1074 1862,1074 1952,1074 2041,1074 2131,1074"/>
                <TextEquiv>
                    <Unicode>(in Todesangst:) Knips!</Unicode>
                </TextEquiv>
            </TextLine>
            <TextLine id="tr_1_tl_8" custom="readingOrder {index:7;}">
                <Coords points="1052,1296 3265,1340 3577,1272 3577,1132 3377,1084 3213,1176 2989,1088 1420,1180 1052,1124"/>
                <Baseline points="1074,1229 1164,1223 1253,1229 1343,1235 1432,1235 1522,1235 1611,1229 1701,1229 1790,1229 1880,1229 1969,1235 2059,1235 2149,1241 2238,1235 2328,1229 2417,1229 2507,1229 2596,1229 2686,1229 2775,1229 2865,1229 2954,1229 3044,1229 3133,1229 3223,1229 3313,1223 3402,1223 3492,1223 3581,1229 3587,1229"/>
                <TextEquiv>
                    <Unicode>(Charles am Klavier, beginnt einen Walzer zu spielen).</Unicode>
                </TextEquiv>
            </TextLine>
            <TextLine id="tr_1_tl_9" custom="readingOrder {index:8;}">
                <Coords points="620,1448 656,1456 684,1444 740,1488 780,1492 848,1476 880,1492 908,1468 956,1464 960,1300 920,1296 880,1312 864,1300 812,1308 788,1292 740,1328 692,1304 624,1308"/>
                <Baseline points="644,1390 692,1384 782,1390 871,1384 961,1378"/>
                <TextEquiv>
                    <Unicode>Vater:</Unicode>
                </TextEquiv>
            </TextLine>
            <TextLine id="tr_1_tl_10" custom="readingOrder {index:9;}">
                <Coords points="1032,1424 2333,1472 3097,1384 3449,1488 3713,1392 3717,1252 3265,1340 1032,1304"/>
                <Baseline points="1056,1378 1146,1384 1235,1384 1325,1384 1414,1384 1504,1384 1593,1384 1683,1384 1772,1384 1862,1390 1952,1384 2041,1390 2131,1390 2220,1384 2310,1384 2399,1384 2489,1390 2578,1390 2668,1384 2757,1390 2847,1384 2936,1384 3026,1384 3116,1384 3205,1384 3295,1384 3384,1378 3474,1378 3563,1378 3653,1378 3724,1378"/>
                <TextEquiv>
                    <Unicode>Schön, trefflich! Ja, das lass' ich gelten. Ein Tänzchen.</Unicode>
                </TextEquiv>
            </TextLine>
            <TextLine id="tr_1_tl_11" custom="readingOrder {index:10;}">
                <Coords points="1028,1592 3809,1568 3785,1452 1028,1424"/>
                <Baseline points="1050,1534 1140,1540 1229,1540 1319,1540 1408,1540 1498,1546 1587,1546 1677,1540 1766,1540 1856,1540 1946,1546 2035,1546 2125,1546 2214,1540 2304,1540 2393,1540 2483,1540 2572,1540 2662,1540 2751,1546 2841,1540 2931,1546 3020,1540 3110,1540 3199,1540 3289,1540 3378,1540 3468,1540 3557,1540 3647,1540 3736,1540 3820,1534"/>
                <TextEquiv>
                    <Unicode>Wer? Nein, mit der eigenen Frau kann ich nicht tanzen. Aber</Unicode>
                </TextEquiv>
            </TextLine>
        </TextRegion>
        <TextRegion id="tr_3" custom="readingOrder {index:1;}">
            <Coords points="620,1645 2608,1645 2608,2809 620,2809"/>
            <TextLine id="tr_3_tl_1" custom="readingOrder {index:0;}">
                <Coords points="1020,1777 1596,1729 1933,1793 2405,1725 2597,1809 2597,1617 2389,1584 2185,1580 2061,1641 1761,1548 1508,1617 1276,1548 1184,1605 1020,1596"/>
                <Baseline points="1044,1695 1134,1701 1223,1701 1313,1701 1402,1701 1492,1701 1581,1701 1671,1701 1761,1701 1850,1695 1940,1701 2029,1701 2119,1701 2208,1695 2298,1695 2387,1701 2477,1701 2566,1701 2608,1701"/>
                <TextEquiv>
                    <Unicode>dieses Fräulein. Darf ich bitten?</Unicode>
                </TextEquiv>
            </TextLine>
            <TextLine id="tr_3_tl_2" custom="readingOrder {index:1;}">
                <Coords points="1020,1929 1128,1897 1216,1937 1308,1877 1320,1889 1348,1873 1396,1885 1396,1745 1324,1745 1260,1793 1212,1769 1200,1777 1168,1745 1148,1761 1084,1753 1020,1781"/>
                <Baseline points="1044,1850 1134,1850 1223,1856 1313,1850 1402,1856"/>
                <TextEquiv>
                    <Unicode>Oh, oh!</Unicode>
                </TextEquiv>
            </TextLine>
            <TextLine id="tr_3_tl_3" custom="readingOrder {index:2;}">
                <Coords points="596,1949 632,1953 656,1929 704,1945 732,1925 760,1925 820,1961 844,1945 876,1957 916,1921 964,1937 964,1757 940,1753 864,1789 848,1773 828,1781 780,1733 736,1757 640,1705 620,1725 596,1721"/>
                <Baseline points="620,1862 704,1856 793,1856 883,1856 973,1856"/>
                <TextEquiv>
                    <Unicode>Anitta:</Unicode>
                </TextEquiv>
            </TextLine>
            <TextLine id="tr_3_tl_4" custom="readingOrder {index:3;}">
                <Coords points="616,2061 668,2073 684,2057 788,2053 816,2057 840,2077 872,2073 884,2057 904,2057 900,1949 864,1957 840,1945 800,1957 760,1929 740,1941 728,1929 700,1945 660,1941 632,1961 612,1961"/>
                <Baseline points="638,2005 728,2011 817,2011 907,2017 913,2017"/>
                <TextEquiv>
                    <Unicode>Vater:</Unicode>
                </TextEquiv>
            </TextLine>
            <TextLine id="tr_3_tl_5" custom="readingOrder {index:4;}">
                <Coords points="1020,2057 1084,2053 1112,2029 1152,2053 1228,2037 1308,2053 1344,2029 1424,2029 1448,2045 1488,2029 1488,1937 1372,1945 1352,1965 1336,1953 1308,1965 1280,1937 1140,1961 1108,1941 1064,1957 1020,1937"/>
                <Baseline points="1044,2011 1134,2017 1223,2011 1313,2011 1402,2011 1492,2011 1498,2011"/>
                <TextEquiv>
                    <Unicode>Auf! auf!</Unicode>
                </TextEquiv>
            </TextLine>
            <TextLine id="tr_3_tl_6" custom="readingOrder {index:5;}">
                <Coords points="604,2241 980,2253 1152,2181 1284,2249 1504,2197 1729,2257 1809,2193 1929,2253 1929,2049 1825,2029 1296,2121 604,2061"/>
                <Baseline points="626,2172 716,2172 805,2178 895,2178 984,2172 1074,2166 1164,2172 1253,2172 1343,2172 1432,2172 1522,2172 1611,2172 1701,2172 1790,2172 1880,2172 1940,2172"/>
                <TextEquiv>
                    <Unicode>Mathilde:So tanzen Sie doch!</Unicode>
                </TextEquiv>
            </TextLine>
            <TextLine id="tr_3_tl_7" custom="readingOrder {index:6;}">
                <Coords points="604,2353 1753,2353 1753,2253 1637,2261 1556,2213 1316,2237 1176,2301 1108,2249 756,2285 604,2249"/>
                <Baseline points="626,2328 716,2334 805,2334 895,2328 984,2328 1074,2328 1164,2328 1253,2328 1343,2328 1432,2328 1522,2328 1611,2328 1701,2328 1761,2328"/>
                <TextEquiv>
                    <Unicode>Charles: Na, Carroussel!</Unicode>
                </TextEquiv>
            </TextLine>
            <TextLine id="tr_3_tl_8" custom="readingOrder {index:7;}">
                <Coords points="620,2533 708,2533 736,2561 756,2565 836,2537 848,2545 920,2537 920,2437 836,2429 808,2441 776,2409 708,2437 680,2421 620,2429"/>
                <Baseline points="644,2483 734,2495 823,2489 913,2495 931,2489"/>
                <TextEquiv>
                    <Unicode>Vater:</Unicode>
                </TextEquiv>
            </TextLine>
            <TextLine id="tr_3_tl_9" custom="readingOrder {index:8;}">
                <Coords points="1020,2537 1256,2501 1352,2505 1388,2537 1452,2505 1564,2533 1600,2505 1765,2525 1809,2513 1809,2369 1588,2389 1500,2349 1348,2377 1224,2441 1168,2405 1020,2413"/>
                <Baseline points="1044,2483 1134,2489 1223,2489 1313,2489 1402,2489 1492,2489 1581,2489 1671,2489 1761,2489 1820,2489"/>
                <TextEquiv>
                    <Unicode>Ich will tanzen.</Unicode>
                </TextEquiv>
            </TextLine>
            <TextLine id="tr_3_tl_10" custom="readingOrder {index:9;}">
                <Coords points="1020,2689 1112,2661 1276,2725 1633,2681 1781,2737 1841,2689 1889,2721 1941,2701 1945,2577 1757,2561 1637,2601 1400,2549 1292,2589 1108,2557 1024,2577"/>
                <Baseline points="1044,2644 1134,2650 1223,2650 1313,2650 1402,2650 1492,2644 1581,2650 1671,2644 1761,2644 1850,2644 1940,2644 1952,2644"/>
                <TextEquiv>
                    <Unicode>Anitta, tanzen Sie!</Unicode>
                </TextEquiv>
            </TextLine>
            <TextLine id="tr_3_tl_11" custom="readingOrder {index:10;}">
                <Coords points="604,2693 636,2705 656,2693 732,2693 752,2713 784,2693 816,2693 844,2717 880,2685 972,2701 972,2597 940,2601 908,2577 864,2601 844,2589 820,2601 736,2585 712,2593 696,2581 604,2593"/>
                <Baseline points="626,2650 716,2650 805,2650 895,2650 984,2656"/>
                <TextEquiv>
                    <Unicode>Mutter:</Unicode>
                </TextEquiv>
            </TextLine>
            <TextLine id="tr_3_tl_12" custom="readingOrder {index:11;}">
                <Coords points="1052,2881 2365,2845 2401,2705 2277,2689 2225,2733 2117,2685 2041,2745 1649,2713 1436,2753 1052,2709"/>
                <Baseline points="1074,2793 1158,2793 1247,2793 1337,2793 1426,2793 1516,2793 1605,2793 1695,2793 1784,2799 1874,2793 1963,2793 2053,2799 2143,2793 2232,2793 2322,2793 2411,2787"/>
                <TextEquiv>
                    <Unicode>(Der Vater tanzt mit Anitta)</Unicode>
                </TextEquiv>
            </TextLine>
        </TextRegion>
        <TextRegion id="tr_2" custom="readingOrder {index:2;}">
            <Coords points="614,2892 3850,2892 3850,4869 614,4869"/>
            <TextLine id="tr_2_tl_1" custom="readingOrder {index:0;}">
                <Coords points="592,3009 3389,3001 3661,2957 3661,2797 2089,2909 592,2865"/>
                <Baseline points="614,2966 626,2966 716,2960 805,2960 895,2960 984,2954 1074,2954 1164,2954 1253,2954 1343,2954 1432,2954 1522,2948 1611,2948 1701,2948 1790,2948 1880,2948 1969,2954 2059,2954 2149,2948 2238,2948 2328,2948 2417,2948 2507,2942 2596,2948 2686,2948 2775,2942 2865,2942 2954,2942 3044,2942 3133,2942 3223,2942 3313,2942 3402,2942 3492,2942 3581,2948 3671,2954"/>
                <TextEquiv>
                    <Unicode>Mathilde; (zur Mutter) Er ist ja nicht böse, er ist nur irrsinnig.</Unicode>
                </TextEquiv>
            </TextLine>
            <TextLine id="tr_2_tl_2" custom="readingOrder {index:1;}">
                <Coords points="1040,3113 2957,3129 2961,3013 1985,3069 1044,3017"/>
                <Baseline points="1068,3104 1086,3104 1175,3110 1265,3116 1355,3116 1444,3110 1534,3110 1623,3110 1713,3110 1802,3110 1892,3110 1981,3110 2071,3104 2160,3104 2250,3104 2340,3104 2429,3104 2519,3104 2608,3104 2698,3104 2787,3104 2877,3104 2966,3098"/>
                <TextEquiv>
                    <Unicode>(Vater lässt Anitta plötzlich hinsinken).</Unicode>
                </TextEquiv>
            </TextLine>
            <TextLine id="tr_2_tl_3" custom="readingOrder {index:2;}">
                <Coords points="1028,3309 3409,3301 3785,3265 3785,3177 1028,3193"/>
                <Baseline points="1050,3271 1110,3265 1199,3265 1289,3271 1378,3265 1468,3271 1558,3265 1647,3265 1737,3265 1826,3265 1916,3265 2005,3259 2095,3259 2184,3265 2274,3259 2363,3259 2453,3259 2543,3259 2632,3259 2722,3259 2811,3259 2901,3253 2990,3253 3080,3253 3169,3253 3259,3253 3348,3253 3438,3253 3527,3253 3617,3253 3707,3253 3796,3253"/>
                <TextEquiv>
                    <Unicode>Es wird spät. Meine Karte verfällt, meine Schlösser verfal-</Unicode>
                </TextEquiv>
            </TextLine>
            <TextLine id="tr_2_tl_4" custom="readingOrder {index:3;}">
                <Coords points="608,3353 648,3337 716,3353 808,3337 928,3357 928,3177 868,3173 808,3133 744,3165 688,3141 656,3161 608,3165"/>
                <Baseline points="632,3271 722,3271 811,3271 901,3271 937,3271"/>
                <TextEquiv>
                    <Unicode>Vater:</Unicode>
                </TextEquiv>
            </TextLine>
            <TextLine id="tr_2_tl_5" custom="readingOrder {index:4;}">
                <Coords points="1020,3445 3645,3477 3841,3457 3841,3289 2549,3377 1020,3333"/>
                <Baseline points="1044,3426 1074,3426 1164,3426 1253,3432 1343,3426 1432,3426 1522,3426 1611,3426 1701,3426 1790,3426 1880,3426 1969,3426 2059,3420 2149,3426 2238,3420 2328,3420 2417,3420 2507,3426 2596,3420 2686,3420 2775,3420 2865,3420 2954,3414 3044,3414 3133,3414 3223,3414 3313,3414 3402,3414 3492,3414 3581,3414 3671,3414 3760,3414 3850,3414"/>
                <TextEquiv>
                    <Unicode>len, der Sultan wartet, der Zug fährt ab. Wo ist mein Knips?</Unicode>
                </TextEquiv>
            </TextLine>
            <TextLine id="tr_2_tl_6" custom="readingOrder {index:5;}">
                <Coords points="1028,3641 3785,3589 3785,3485 3585,3425 3157,3537 1028,3477"/>
                <Baseline points="1050,3581 1110,3581 1199,3587 1289,3587 1378,3587 1468,3587 1558,3587 1647,3581 1737,3581 1826,3581 1916,3581 2005,3581 2095,3581 2184,3581 2274,3581 2363,3581 2453,3581 2543,3575 2632,3575 2722,3575 2811,3581 2901,3575 2990,3575 3080,3575 3169,3569 3259,3569 3348,3569 3438,3569 3527,3569 3617,3569 3707,3569 3796,3575"/>
                <TextEquiv>
                    <Unicode>Da, da, Gott sei dank! Ich habe Euch gesehen, meine Lieben,</Unicode>
                </TextEquiv>
            </TextLine>
            <TextLine id="tr_2_tl_7" custom="readingOrder {index:6;}">
                <Coords points="1020,3785 1592,3841 1809,3753 2801,3809 3109,3741 3717,3833 3717,3653 3569,3629 1020,3653"/>
                <Baseline points="1044,3742 1128,3742 1217,3742 1307,3742 1396,3742 1486,3742 1575,3742 1665,3742 1755,3742 1844,3742 1934,3736 2023,3736 2113,3736 2202,3736 2292,3736 2381,3736 2471,3736 2560,3736 2650,3736 2740,3736 2829,3730 2919,3730 3008,3730 3098,3730 3187,3736 3277,3736 3366,3730 3456,3730 3545,3730 3635,3730 3724,3730"/>
                <TextEquiv>
                    <Unicode>ich weiss, dass Ihr alle wohl seid, klingkling, trara (er</Unicode>
                </TextEquiv>
            </TextLine>
            <TextLine id="tr_2_tl_8" custom="readingOrder {index:7;}">
                <Coords points="1040,3965 2821,3969 2825,3773 2433,3761 2229,3849 1689,3801 1609,3869 1040,3829"/>
                <Baseline points="1062,3921 1128,3921 1217,3921 1307,3921 1396,3921 1486,3921 1575,3921 1665,3915 1755,3915 1844,3915 1934,3910 2023,3910 2113,3910 2202,3904 2292,3904 2381,3898 2471,3892 2560,3892 2650,3892 2740,3892 2829,3886"/>
                <TextEquiv>
                    <Unicode>pfeift wie eine Lokomotive. Rasch ab).</Unicode>
                </TextEquiv>
            </TextLine>
            <TextLine id="tr_2_tl_9" custom="readingOrder {index:8;}">
                <Coords points="608,4069 3097,4105 3189,4089 3189,3925 608,3993"/>
                <Baseline points="632,4059 692,4065 782,4065 871,4065 961,4065 1050,4059 1140,4059 1229,4059 1319,4059 1408,4059 1498,4059 1587,4059 1677,4059 1766,4059 1856,4059 1946,4053 2035,4053 2125,4059 2214,4053 2304,4053 2393,4053 2483,4047 2572,4047 2662,4047 2751,4047 2841,4047 2931,4047 3020,4047 3110,4047 3199,4041"/>
                <TextEquiv>
                    <Unicode>Mathilde:Der Mann wäre imstande, mich nervös zu machen.</Unicode>
                </TextEquiv>
            </TextLine>
            <TextLine id="tr_2_tl_10" custom="readingOrder {index:9;}">
                <Coords points="596,4321 1176,4225 3573,4245 3813,4221 3813,4133 596,4137"/>
                <Baseline points="620,4226 686,4226 776,4226 865,4220 955,4220 1044,4214 1134,4214 1223,4214 1313,4214 1402,4214 1492,4214 1581,4214 1671,4214 1761,4214 1850,4214 1940,4214 2029,4214 2119,4208 2208,4214 2298,4214 2387,4208 2477,4208 2566,4208 2656,4202 2745,4202 2835,4202 2925,4202 3014,4202 3104,4202 3193,4202 3283,4202 3372,4202 3462,4202 3551,4202 3641,4202 3730,4196 3820,4196"/>
                <TextEquiv>
                    <Unicode>Mutter: So ein Filou, mein Bettzeug hat er mir gestohlen, das ganze</Unicode>
                </TextEquiv>
            </TextLine>
            <TextLine id="tr_2_tl_11" custom="readingOrder {index:10;}">
                <Coords points="1020,4405 1596,4465 1745,4397 1949,4449 2233,4397 2373,4453 3065,4389 3069,4273 1024,4309"/>
                <Baseline points="1044,4369 1104,4375 1193,4375 1283,4375 1372,4375 1462,4375 1552,4369 1641,4369 1731,4375 1820,4369 1910,4369 1999,4369 2089,4369 2178,4369 2268,4369 2357,4369 2447,4363 2537,4363 2626,4363 2716,4363 2805,4363 2895,4363 2984,4363 3074,4363"/>
                <TextEquiv>
                    <Unicode>Küchengeschirr, die Vorhänge, die Teppiche.</Unicode>
                </TextEquiv>
            </TextLine>
            <TextLine id="tr_2_tl_12" custom="readingOrder {index:11;}">
                <Coords points="604,4645 3589,4633 3709,4605 3713,4425 608,4437"/>
                <Baseline points="626,4542 674,4542 764,4542 853,4542 943,4536 1032,4530 1122,4536 1211,4536 1301,4536 1390,4530 1480,4530 1569,4530 1659,4530 1749,4530 1838,4530 1928,4530 2017,4524 2107,4524 2196,4524 2286,4524 2375,4524 2465,4524 2554,4518 2644,4524 2734,4524 2823,4518 2913,4518 3002,4518 3092,4518 3181,4518 3271,4518 3360,4518 3450,4518 3539,4512 3629,4518 3718,4518"/>
                <TextEquiv>
                    <Unicode>Charles: (hat den Revolver genommen und legt auf Anitta an. Anitta</Unicode>
                </TextEquiv>
            </TextLine>
            <TextLine id="tr_2_tl_13" custom="readingOrder {index:12;}">
                <Coords points="1032,4773 3145,4761 3273,4749 3273,4601 1032,4637"/>
                <Baseline points="1056,4686 1134,4692 1223,4692 1313,4692 1402,4686 1492,4686 1581,4686 1671,4686 1761,4686 1850,4686 1940,4686 2029,4686 2119,4686 2208,4680 2298,4680 2387,4680 2477,4680 2566,4674 2656,4674 2745,4680 2835,4680 2925,4674 3014,4674 3104,4674 3193,4674 3283,4674"/>
                <TextEquiv>
                    <Unicode>flüchtet schreiend in eine Ecke. Charles lacht.</Unicode>
                </TextEquiv>
            </TextLine>
            <TextLine id="tr_2_tl_14" custom="readingOrder {index:13;}">
                <Coords points="608,4886 3797,4890 3797,4749 3693,4725 608,4713"/>
                <Baseline points="632,4859 674,4853 764,4853 853,4853 943,4853 1032,4853 1122,4853 1211,4853 1301,4847 1390,4847 1480,4847 1569,4847 1659,4847 1749,4847 1838,4847 1928,4847 2017,4847 2107,4841 2196,4841 2286,4841 2375,4841 2465,4841 2554,4841 2644,4841 2734,4841 2823,4835 2913,4835 3002,4835 3092,4835 3181,4835 3271,4835 3360,4835 3450,4835 3539,4829 3629,4829 3718,4835 3808,4841"/>
                <TextEquiv>
                    <Unicode>Mathilde:Nun, Herr von Knips, wir haben schon zu viel Zeit versäumt.</Unicode>
                </TextEquiv>
            </TextLine>
        </TextRegion>
    </Page>
</PcGts>
