3384 4216
2751 597 2876 705 35
903 925 1351 1080 anbieten?
668 1094 1260 1274 Elsa: Nein.
680 1165 2973 1425 Charles: O bitte! nippe nur daran, - nipps, mein
908 1405 2808 1517 Engel! So. Nun ist es Nektar für mich
908 1554 2953 1677 geworden. Er trinkt und schenkt ein zwei¬
920 1682 2908 1822 tes ein: So, nun will ich nippen, und du
920 1854 2742 2019 sollst trinken. O bitte! I: Sie trinkt:
923 2017 2873 2145 So, ein Kuss!.. Ach, ei n Kuss auf diesen
923 2176 2951 2279 Rosenmund! Welche Wonne!... Ach! und ist es
911 2345 2725 2454 möglich, dass mich dieser Engel liebt,
928 2448 2990 2625 wirklich liebt? Hab' keine Angst, es kommt
905 2633 1348 2805 niemand.
694 2771 1939 2951 Elsa: Charles... Charles!
760 2862 2873 3108 Charles: L4 Tor, dass ich so lange auf dieser
937 3102 2965 3233 Welt umherirnen konnte, ohne zu ahnen, dass
948 3225 2956 3376 eine Elsa hierselbst.:Er sucht nach Wor¬
940 3370 3002 3605 ten:   ihren Wohnsitz hat... Meine Elsa,
945 3545 2851 3759 o es ist zu viel!.. Ist dies meiner Else
