3384 4216
2859 530 2944 660 6
764 854 2907 1035 Mathilde: Ausverkauft. Ich habe gesungen wie
1024 1032 2713 1196 eine Göttin. Sie isst und trinkt:
778 1198 1844 1334 Mutter: Viel Applaus?
778 1334 2978 1495 Mathilde: Die Leute haben getobt. Voricki hat
1024 1447 2938 1669 falsch gesungen wie ein Kameel. Wenn ich
1041 1630 3037 1810 denke, dass ich diesen Mann einmal geliebt
1035 1819 2978 1980 habe - allerdings nicht wegen der Stimme.
1136 1954 2397 2118 Warum isst du nicht, Mama?
832 2087 3099 2267 Mutter: Mein Kind, ik abe kein Unger, it ab nur
1069 2295 1830 2442 Sorg und Kummer.
838 2408 3023 2592 Mathilde: Nun ja, das ist Menschenlos. : Sie
1083 2527 3130 2721 trinkt: O! Sie ruft: Fräulein Ringel-
1091 2741 2171 2936 spiel! :ANITA kommt:
857 3133 3015 3361 Mathilde: Fräulein Ringelspiel, Sie sind wol
1114 3285 3125 3497 fest überzeugt, dass das Vöslauer Ausstich
1120 3553 1351 3753 is t?
