3304 4056
2687 465 2834 615 52
2724 593 2925 782 60
433 841 2734 1030 Mathilde: Der Mann wäre imstande, mich nervös zu
656 1070 1014 1237 machen!
433 1180 2737 1331 Mutter: zu Franz: So ein Filou! Mein Bettzeug
669 1315 2740 1494 at er mir gestohlen, Vorhänge, Teppiche, das
647 1513 1186 1638 Klavier...
402 1629 2888 1833 Charles: Fassen Sie sich, junger Mann, er kommt erst
665 1795 1792 1965 in sieben Jahren wieder.
392 1981 2875 2097 Anita: Sollte man nicht nachsehen, wohin der gnädige
662 2119 901 2266 Herr
402 2241 2925 2429 Charles: So setzen wir uns doch wieder hin und nehmen
681 2426 2690 2596 die unterbrochene Festlichkeit wieder auf.
669 2549 2775 2743 Meine verehrten Herrschaften! Ich bin so frei
681 2740 2806 2863 einen kleinen Toast zu halten, und zwar trink
681 2906 2844 3057 ich auf die wahre Liebe, die frei und lose von
681 3026 2891 3161 den Fesseln der Konvenienz, uneigennützig, Herz
669 3183 2800 3308 zu Herzen, was auch geschehen möge,- wie auch
687 3374 2853 3475 die Hindernisse sich türmen,- einem brausenden
669 3446 2897 3650 Strome gleich über die blühenden Fluren sich er¬
