3368 4200
2785 524 2918 682 54
940 863 2929 1068 hinlegt. Zu Franz: Ich heisse Narciss
949 1040 3007 1226 Delorme und bin aus einer Emigrantenfamilie
951 1193 2935 1420 Im Jahre 1792 mussten wir Paris und unsere
960 1326 2899 1523 Schlösser in Frankreich verlassen. Unsere
974 1498 3010 1664 Güter wurden eingezogen, unsere Rinder- und
976 1648 3040 1836 Schafherden verkauft, ein Delorme liess sein
974 1814 3010 1980 Haupt auf dem Schaffot. Und mit wem habe
985 1972 3004 2139 ich das Vergnügen? Dass Sie ein anständi-
999 2094 3029 2288 ger Mensch sind, sehe ich Ihnen an. Man hat
1007 2261 3004 2430 ein Auge dafür. Ihr Name ist mir gleichgil
1012 2435 2940 2641 tig, denn es ist wahrscheinlich, dass wir
1018 2610 2297 2779 uns nie wiedersehen werden.
774 2729 2152 2896 Mathilde: Es ist mein Franz.
791 2854 3015 3071 Vater: Ich frage nicht, wann die Hochzeit sein
1032 3043 3107 3223 wird, da ich verhindert sein dürfte, ihr bei¬
1035 3243 1498 3412 zuwohnen.
813 3401 1578 3545 Charles: Vater!
824 3467 2960 3692 Vater: Mein Sohn! - Donnerwetter, er ist ein
