4216 5448
3230 224 3633 434 1:1:5:1
2049 367 2304 559 - 5 -
662 765 2156 1029 weiter. Ik abe ja nikts gesagt.
125 886 2997 1203 Mathilde:Entschuldige, meine Mutter, Du hast etwas gesagt.
649 1123 3718 1356 Nein, ik abe nikts gesagt. Gar niks, Du kannst ja maken, was Dir
233 1132 591 1338 Mutter:
662 1293 1387 1481 Vergnügen makt.
268 1369 1338 1637 Mathilde:Gott sei Dank.
268 1584 1628 1772 Mutter: Ik war ja auch jung.
251 1740 3700 1964 Mathilde:Wenn Du es nur einsiehst. Du hast doch auch meinen Vater geliebt
644 1883 3718 2116 und hast seinetwegen alle anderen hinausgeschmissen. Du hast ihn
640 2040 1476 2250 sogar geheiratet.
649 2197 3619 2398 Das ist ja meine Angst, liebes Kind, dass es Dir auch so geht.
255 2116 586 2393 Mutter:
649 2353 3798 2599 Wenn ich diesen Filou nicht geeiratet ätte, xxx säh' es anders mit
640 2519 1047 2716 mir aus.
259 2617 3512 2877 Mathilde:Ach, erzähl' mir doch nichts, der Grossfürst hätte Dich doch
640 2787 1476 3015 nicht geheiratet.
644 2899 3668 3163 Gewiss hätt' er es getan. O Gott, ich wäre heute Schwägerin von
251 2953 591 3158 Mutter :
644 3082 1816 3315 die Kaiser von Russland.
161 3297 3758 3498 Mathilde: Das ist abgeschmackt. Keineswegs hast Du ein Recht, mir vorzuwer-
649 3427 2796 3579 fen, dass ich den Grafen hinausgeworfen hab'.
644 3557 2420 3789 Aber nein, das fällt mir ja nikt ein.
233 3548 591 3785 Mutter:
251 3736 2988 3946 Mathilde:Jawohl, Dur wirfst mir vor, dass ich Franz liebe.
255 3883 586 4080 Mutter:
631 3870 2756 4071 Rege Dik do nikt auf, denk an Deine Stimme!
255 4040 3655 4223 Mathilde:Nun, ich frage: Wer erhält das Haus? Von wem lebt Ihr? Ich kann
644 4187 3637 4340 Grafen hinauswerfen soviel ich will und ich kann so viel Fränze
595 4335 1901 4527 lieban, als es mir beliebt.
268 4474 1033 4706 nitta: (kommt)
259 4617 1781 4894 Mathilde: (lauchtend:) Ist er es?
