4248 5464
1138 170 1855 421 Votre très-de ce qui est vrai de la février
1967 166 2218 470 3
650 654 2975 887 nur einen gibt. Ihn, den Herrlichsten von allen.
251 865 1796 1129 Anitta: Es war noch niemand da.
273 950 3772 1223 Mathilde:Ich danke, Fräulein Ringelspiel. Sobald er kommt, nun, Sie wissen
694 1210 3750 1434 (Gaste, dass sie ihn direkt in ein anderes Zimmer zu führen hat).
703 1371 1268 1586 (Anitta ab).
685 1460 3127 1702 Nun, mein liebes Kind, wie war es heut' im Theater?
278 1407 614 1720 Mutter:
291 1644 3629 1908 Mathilde: Ausverkauft. Ich habe gesungen, wie eine Göttin. (Sie isst und
690 1837 1093 2034 trinkt).
690 1976 1326 2186 Viel Applaus?
251 1953 596 2204 Mutter:
269 2132 3862 2298 Mathilde: Die Leute haben getobt. Vorickt hat falsch gesungen wie ein Kameel.
690 2312 3786 2428 Wenn ich denke, dass ich diesen Mann einmal geliebt hab' - aller-
668 2401 3351 2652 dings nicht wegen der Stimme. Warum isst Du nicht, Mama?
690 2558 3351 2764 Mein Kind, ik abe kein Unger, itz ab nur Sorg und Kummer.
269 2513 636 2787 Mutter:
287 2733 3790 2970 Mathilde;Nun ja, das ist Menschanlos. (Sie trinkt). O (sie ruft:) Fräulein
681 2876 1286 3091 Ringelspiel!
264 3020 582 3266 Anitta.
708 3073 1075 3226 (komnt).
282 3105 3553 3405 Mathilde:Fräulein Ringelspiel, Sie sind wohl fest überzeugt, dass das
690 3333 1761 3562 Vöslauer Ausstich ist.
699 3530 1667 3700 Ja, Fräulein, bitte
278 3459 636 3723 Anitta:
273 3651 3364 3857 Mathilde: Sie irren sich, Fräulein Ringelspiel, es ist Essigsäure.
699 3790 2379 3996 Ich will eine andere Flasche holen.
273 3839 632 4005 Anitta:
273 3884 3606 4180 Mathilde:Bemühen Sie sich nicht, Fräulein Ringelspiel. Für eine kleine
685 4104 3709 4305 Operettensängerin ist Essigsäure gut genug. Warum sind Sie denn
699 4252 3459 4435 so traurig? Wer ist Ihnen denn schon wieder untreu worden?
305 4310 1308 4646 Anitta: O. Fräulein-
296 4583 1761 4820 Mathilde:Mein Bruder, der Lamp?
