4312 5464
3470 275 3732 494 Votre très îb.
3132 270 3381 516 V. P.
2151 490 2388 664 19 -
1133 689 1534 968 (nickt).
693 795 989 980 Elsa:
1171 947 3787 1166 Und da gebt Ihr Diners? Da ladet Ihr die Leute ein? Das
744 917 1137 1166 Charles
1128 1103 2967 1293 ist doch ein Leichtsinn sondergleichen.
693 1243 968 1441 Elsa:
1112 1238 3905 1450 Das sagt Papa auch. Aber Mama hat erklärt, wir waren soviel
1112 1441 3791 1581 geladen. Sie will wenigstens diese Schulden zahlen, ehe
697 1564 1099 1762 Charles:
1137 1568 1327 1716 Ehe?
1116 1737 3947 1910 Ehe wir eine kleine Wohnung nehmen, wie sie unseren jetzigen
706 1762 942 1927 Elsa:
1124 1885 2308 2079 Verhältnissen entspricht.
685 2084 2865 2253 Charles: Das ist aber nett, das ist sehr nett.
689 2206 947 2388 Elsa:
1112 2210 2113 2388 Charles, bist Du bös?
689 2379 3935 2548 Charles: Meine liebe Elsa, ich finde diese ganze Geschichte unerhört.
1103 2510 3859 2734 Was fällt Dir denn eigentlich ein, unter solchen Umständen
1099 2713 3187 2895 mitten in der Nacht zu mir gelaufen zu sein?
1052 2848 3013 3047 Ja, wenn Papa absolut nicht zugeben will?
668 2848 938 3068 Elsa:
676 3013 3888 3208 Charles: Dein Vater hat recht, Dein vater ist ein vernünftiger Mann.
1099 3250 2451 3406 Wovon sollen wir denn leben?
1103 3406 3613 3597 Wir haben es ja eben besprochen, wir wollen arbeiten.
685 3373 938 3571 Elsa:
685 3525 2612 3728 Charles: Arbeiten? Ich denke nicht daran.
676 3706 934 3897 Elsa:
1099 3668 2481 3884 Aber ich, ich will sehr gern.
680 3859 1065 4045 Charles:
1103 3880 3453 4049 Ich bin nicht gesonnen, Opfer von Dir anzunehmen.
659 4015 947 4201 Elsa:
1095 4006 3280 4214 Es ist kein Opfer, wenn es für Dich geschieht.
680 4180 4078 4349 Charles: Bemün Dich nicht länger, es wäre alles vergebens. (Er klingelt)
1086 4294 2519 4543 Was willst Du? (Anitta kommt).
668 4332 938 4518 Elsa:
680 4391 3089 4708 Charles: Besorgen Sie einen Wagen für das Fräulein!
668 4670 1010 4856 Elsa:
1082 4619 2295 4869 Aber, was fällt Dir ein?
1948 4809 2515 5000 (Anitta ab)
