4360 5528
643 259 901 501 Vous nous en avez
2887 238 3872 580 1 1/2 „ „ —: —„
1978 388 2328 592 '- 20 -
592 730 3830 1056 Charles: Du sollst in so später Stunde nicht zu Fuss nachhause gehn.
601 960 2003 1193 Elsa: Er schickt mich fort.
613 1110 3951 1327 Charles: Ja, es wäre geradezu verbrecherisch von mir, Deine Unüberlegt-
1022 1335 3755 1573 heit zu missbrauchen. Du hast Dich vertrauensvoll an mich
1014 1502 3793 1715 gewandt. Du wirst hoffentlich nicht überrascht sein, einen
1010 1727 2328 1907 Ehrenmann in mir zu finden.
1035 1869 2662 2095 Charles, Du hast mich nie geliebt.
613 1869 868 2078 Elsa:
613 2028 2115 2287 Charles: Ich habe Dich geliebt.
1022 2140 3693 2370 Nie! Nie! Ich durchschaue Dich. Sie haben recht zuhause.
609 2253 889 2453 Elsa:
1035 2332 2758 2541 Auf mein Geld ist es Dir angekommen.
618 2449 3175 2737 Charles: Mach Dich nicht lächerlich, Du hast ja keins.
580 2654 2199 2879 Anitta: (kommt) Der Wagen ist da.
626 2791 3150 3088 Charles: Anitta, geleiten Sie das Fräulein zum Wagen!
1051 2996 1456 3159 Charles!
622 3046 905 3179 Elsa:
630 3083 2491 3380 Charles: Leben Sie wohl, mein Fräulein.
1815 3267 2679 3497 (Elsa, Anitta ab).
1064 3467 3935 3634 (Charles setzt sich zum Tisch und trinkt ein Glas Champagner.
1907 3609 2783 3805 Die Mutter kommt).
634 3784 2070 3972 Mutter: Sie ist wieder fort?
651 3926 1235 4168 Charles: Ja.
647 4097 1293 4310 Mutter: Nun?
655 4206 3209 4465 Charles: (ärgerlich ) Sie ist fort. (Geht auf und ab).
659 4360 4022 4586 Mutter: An, Du bist ein ungesikter Burs. Ihr Männer seid alle so dumm:
663 4561 2712 4744 Charles: Ich bin kein ungeschickter Bursch.
659 4711 3960 4957 Mutter: Ihr Männer seid alle so dumm. Du bist brutal gewesen, gewiss.
