3384 4216
2849 473 2988 615 14
803 1120 3094 1390 Charles: Mäma, wir wollen eine Flasche Champagner
1043 1288 2946 1456 auf das Wohl meiner Braut, Fräulein Elsa
1040 1496 1826 1669 Pollak, trinken.
818 1573 3060 1789 Mutter: [] mein lieber Sohn - mein hieber, lie¬
1080 1769 1655 1943 ber Charles!
849 1880 3085 2097 Charles: Ja, ich bin Bräutigam. Heute Abend ha¬
1094 2045 2974 2262 ben wir uns verlobt, während des Diners.
1100 2185 2977 2399 Jetzt eben spricht sie mit ihren Eltern,
1108 2367 3017 2552 und morgen Mittag halte ich offiziell um
1114 2550 1735 2726 ihre Hand an.
886 2664 3054 2889 Mutter: Charles, Charles, ik bin so glücklik!
1134 2837 2410 3040 Erzähle mir dok ausführlik!
900 2923 3094 3171 Charles: Geduld, Mama. - Wo ist Mathilde? Ich
1151 3114 3162 3310 möcht' es ihr auch erzählen. Sie soll unse¬
1157 3330 1988 3484 re Freude teilen.
934 3467 1766 3646 Mutter: Nun ja -
