3368 4200
2851 640 2981 749 44
1158 916 3023 1104 Warum aben wir Mathilde... warum ast du
752 966 1099 1093 Mutter:
983 1116 1412 1257 Mathilde
761 1240 3006 1406 Charles: Meine Mutter, hast du vielleicht Lust,
992 1440 2105 1544 mir Vorwürfe zu machen?
758 1538 2798 1738 Mutter: Wovon sollen wir denn jetzt leben?
783 1719 3046 1843 Charles: Ich lass mir keine Szene machen - ver-
1020 1871 1420 2034 standen?
772 1998 2972 2153 Mutter: So srei doch nit mir! Ik kann dok
1006 2181 3029 2319 nik dafür. Aettest du dik vorher erkundigt.
1017 2310 2989 2440 Warum ast du Mathilde inausgeworfen?.. Ma¬
1026 2460 2958 2657 thilde ist ein anständiges Mädel, die we¬
1023 2634 2902 2806 nigstens einen Beruf at. Sie kann maken,
1026 2781 2964 2925 was sie will. Sie verdient sik ehrlik ihr
1031 2950 2925 3077 Geld. Sie singt in die Operett. Sie kann
1028 3091 2840 3223 sik von Zeit zu Zeit auch einen solken
1054 3257 2795 3389 jeune homme pour le coeur gönnen.. Du
1042 3404 3099 3536 weisst, das mit Franz ätte nik mehr lang ge-
1048 3539 3088 3747 dauert. Dann wär' ein Anderer gekommen, ein
