3416 4232
2807 588 2942 740 50
956 904 2899 1079 über das, was vorgeht, bleibt. ununterbro-
967 1122 1495 1260 chen still:
743 1246 2526 1401 Charles: Schwester, sei mir gegrüsst!
740 1386 2391 1570 Mathilde: Du bist wol ein Halunke!
746 1518 2930 1751 Charles. Kannst du mir verzeihen?... Soll ich
987 1690 3016 1897 mich auf ein oder beide Knise niederwerfen?
1093 1886 2273 2006 :Er schickt sich dazu an:
769 2015 3028 2184 Mathilde: Na, es ist schon wieder gut. Wir wol¬
1007 2158 3036 2328 len die Sache nicht auf die Spitze treiben.
1085 2287 3068 2460 Aber Franz muist du um Entschuldigung bit¬
1036 2514 1237 2655 ten.
786 2606 3094 2770 Charles: Herr Franz, hier reich' ich Ihnen meine
1036 2824 1759 2965 biedere Rechte.
795 2916 3074 3085 Mathilde: Nun, ich liebe keine Rührszenen. Komm,
1042 3134 1337 3269 Franz!
821 3217 3108 3410 Charles: Nicht also, meine Lieben! - Herr Franz,
1048 3401 3114 3565 nehmen Sie Platz! Mathilde, nimm Platz! Mei¬
1056 3533 3091 3708 ne Mutter, nimm Platz! Bitte, hierher, Herr
