3368 4216
989 891 1987 1040 die selbe Geschichte.
747 1015 2884 1190 Mathilde: Nun, Fräulein Ringelspiel, es soll
998 1153 2977 1339 Ihr Schade nicht sein. :Entlässt sie mit
1012 1325 2455 1474 einer königlichen Handbewegung:
775 1533 1356 1663 Anita: : ab:
786 1905 3056 2103 Mutter: Es ist ereklik, keine können wir länger
1037 2125 2224 2269 behalten als vier Monate.
801 2230 2982 2407 Mathilde: Wo ist denn der Bursche? Man müsste
1046 2368 3072 2559 ihm wieder einmal ins Gewissen reden. Betti
1063 2528 2996 2717 weint sich die Augen aus. Immer macht sie
1054 2714 2948 2872 mir Szenen in der Garderobe, wenn dieser
1063 2822 3030 3013 Rigo Janezi sie betrügt oder prügelt. Ich
1074 2982 3149 3211 werde nicht mehr gestatten, dass Charles mit
1074 3157 3033 3371 meinen Kolleginnen Verhältnisse hat. - Wo
1088 3363 1686 3504 ist er denn?
860 3442 3098 3662 Mutter: Er ist heute zum Diner geladen bei Pol-
