3384 4216
2774 635 2897 747 41
698 1263 2955 1381 Charles: Besorgen Sie einen Wagen für das Fräu¬
933 1450 1192 1582 lein!
706 1553 2231 1757 Elsa: Aber  - was fallt dir ein?
706 1749 1281 1872 Anita::: ab:
712 1895 2975 2007 Charles: Du sollst in so später Stunde nicht zu
945 2039 1993 2208 Fuss nach Hause gehen.
1008 2174 2171 2297 Er schickt mich fort!
715 2205 953 2311 Elsa:
724 2329 3035 2455 Charles: Ja, es wäre geradezu verbrecherisch von
945 2501 3018 2630 mir, deine Unüberlegtheit zu misbrauchen. xxx
950 2642 2923 2794 hast dich vertrauensvoll an mich gewandt,-
962 2791 2975 2960 du wirst hoffentlich nicht überrascht sein,
976 2966 2527 3115 einen Ehrenmann in mir zu finden.
726 3095 2656 3285 Elsa: Charles, du hast mich nie geliebt!
781 3262 2303 3400 Charles: Ich habe dich geliebt.
732 3405 2966 3603 Elsa: Nie... nie!... Ich durchschaus dich! Sie
968 3583 2923 3770 haben Recht zuhause. Auf mein Geld ist es
