4088 5432
977 215 1192 452 17
3546 181 3746 440 1.1.11
1806 355 2102 563 - 14 -
526 818 3505 1018 Mathilde: Ich verlasse dieses Haus auf immer. Wenn ich noch einen
899 992 3376 1162 Augenblick hier bliebe, würde ich das Weib, das mich
899 1155 3494 1318 geboren hat, niederschiessen. Und so etwas soll in bes-
899 1314 3457 1480 seren Kreisen nach Tunlichkeit vermieden werden. Leben
903 1418 3324 1592 Sie wohl, Fräulein Ringelspiel. Mein Beileid zu dem
903 1536 3324 1758 Bösewicht, den Sie unter dem Herzen tragen. Niemand
903 1751 1706 1958 folge mir! (ab).
911 1921 1321 2102 Charles!
500 1902 840 2084 Mutter:
918 1976 3435 2239 Lass sie nur gehn, es ist ganz gut so. In dieses Haus
503 2084 870 2265 Charles :
911 2169 3524 2387 hat sie längst nicht mehr gehört, sie ist Deine Tochter
911 2350 1466 2561 nicht mehr.
940 2480 1791 2680 Mein geht sie nur?
518 2487 836 2706 Mutter:
929 2639 3505 2817 Kümmere Dich nicht drum, sie soll gehn, wohin sie will.
511 2669 881 2872 Charles:
918 2809 2765 2994 Ja, was soll ik denn ohne Mathilde tun?
507 2843 844 3020 Mutter:
918 2924 3327 3120 Mama, hast Du nicht mich? ich bin ein reicher Mann.
503 3005 885 3150 Charles:
929 3109 3005 3302 Was brauchst Du von dem Sündengeld zu leben?
929 3298 3442 3468 O Charles, Du glaubst doch nicht, dass sie von diesem
500 3157 818 3442 Mutter
922 3405 2628 3579 Franz je einen Kreuzer bekommen hat.
922 3538 3450 3712 Das hab' ich mir ja gedacht, so ein Lamp! Sie hat ihn
511 3553 896 3760 Charles.:
929 3746 1499 3920 ausgehalten.
489 3735 859 4082 Mutter
922 3886 1469 4060 Glaubst Du?
936 4005 3575 4208 Gewiss. So Mama, jetzt lege Dich schlafen. Ich will auch
518 4049 896 4231 Charles:
922 4186 2687 4401 zu Bett. Morgen muss ich frisch sein.
955 4334 2169 4545 (tritt auf:) Herr Charles!
503 4334 862 4553 Anitta:
951 4490 2213 4686 Was wollen Sie,Carroussel?
522 4504 888 4708 Charles :
911 4623 2535 4871 Herr Charles, es ist eine Dame da.
522 4678 870 4849 Anitta:
