3384 4200
2831 599 2968 734 22
739 924 1557 1095 Mutter: Charles!
742 1056 2864 1232 Charles: :im Zimmer hin und her: ̃Mama, du
983 1224 2797 1386 musst doch einsehen, dass das nicht &c
994 1414 1448 1585 fortgeht!
767 1484 2940 1702 Mutter: Mein liebes Kind, was können wir tun?
776 1697 2948 1851 Charles: Was wir tun können?... Bist du nicht
1014 1837 2904 1988 die Mutter?... bin ich nicht der Bruder?
820 2008 2828 2156 Mutter: Was ast du denn heute, mein Kind?
840 2122 2923 2310 Charles: O, es ist nicht von heute... schon
1014 2279 3024 2520 lange nagt es an mir! Du solltest es nicht
1028 2500 1669 2654 dulden, Mama.
795 2607 2685 2772 Mutter: Nun ja, es ist so swer mit ihr.
857 2772 3105 2932 Charles: Mama, bedenke doch: wir sitzen hier zu
1042 2926 3016 3097 sammen, - ich habe mich verlobt mit einem
1044 3041 3122 3256 Mädchen aus einer der besten Familien, - und
1064 3256 2940 3413 du, Mama, bist in Ehren grau geworden.
1058 3363 3021 3545 Und nur Mathilde, Mathilde -! Das muss
1084 3531 3052 3702 sich ändern! Dieses Haus soll rein werden!
