3368 4200
2857 609 2969 745 43
810 941 2735 1082 Mutter: Ah, du bist ein ungesikter Burs!
769 1093 2841 1289 Charles: Ich bin kein ungeschickter Bursch.
769 1242 2944 1351 Mutter: Ihr Männer seid alle so dumm! Du bist
1011 1378 3050 1517 brutal gewesen gewiss. Du hast vergessen,
1014 1533 3012 1680 dass es nikt Betti ist und niht Anita, son¬
1011 1696 2711 1819 dern ein anstandiges junges Mädchen.
783 1851 2194 1982 Charles: Beruhige dich, Mama.
826 2017 2901 2175 Mutter: Ik kann nikt. Wenn man solke Kinder
971 2189 1112 2289 at
799 2286 2985 2469 Charles: Der alte Pollak ist zugrund gegangen.
786 2490 1555 2626 Mutter: Wie?...
791 2626 2917 2776 Charles: Ja; wir hätten die Familie erhalten
1020 2798 2972 2912 müssen. So steht die Sache. Man soll sich
1020 2934 2591 3121 mit dieser Rasse nicht einlassen.
835 3097 2868 3216 Mutter: Ja, aber was sollen wir jetzt tun?
848 3235 1813 3423 Charles: Inwiefern?
794 3396 2450 3532 Mutter: Na ja, jetzt stehen wir da,
761 3543 2678 3708 Charles.:dumpf: Jetzt stehen wir da.
