3336 4184
2840 617 2969 760 51
988 900 3032 1070 Franz! Weist ihm den Sessel neben Mathil¬
988 1087 3010 1221 de an: Es ist kein schlechter Platz. Hier
985 1262 2875 1397 sass noch vor wenig Wochen ein reizender
949 1408 1391 1536 Edelmann.
768 1539 2225 1687 Mutter: :leise: Halt's Mau!
760 1704 2966 1890 Mathilde: Was willst du denn eigentlich, Hans¬
2349 1781 2985 1926 wie ich Ihn schwerhaft
1490 1896 3032 2072 Rügelhul, Carmmel. / sefendam hine ein
999 1879 1312 2014 wurst?
760 2033 2933 2146 Charles; Inita, schenken Sie ein! Anita, mehr
999 2129 2977 2286 als das, setzen Sie sich zu uns! Anita ist
1001 2313 3051 2464 ein braves Mädchen ich kenne keine Standes¬
1001 2434 3029 2607 unterschiede. Ich werde so frei sein, ei-
993 2620 3048 2749 nen kleinen Toast zu halten. Erhebt sich
1007 2733 3065 2922 Ich trinke auf die wahre Liebe... jawol, auf
1010 2922 2908 3081 die Liebe, welche allen Hindernissen zum
1018 3048 3057 3273 Trotz, die sich türmen mögen, uneigennützig,
996 3196 2999 3421 Herz zum Herzen, mit einem Wort: - auf die
1007 3402 3068 3603 Liebe, welche alle Hindernisse besiegt! Herr
1007 3589 2988 3707 Franz, ich bin so frei, Ihnen das Du anzu¬
