3400 4216
2838 494 2980 633 10
754 801 2951 1078 Mathilde: Entschuldige, meine Mutter, du hast
1006 1078 1627 1202 etwas gesagt.
769 1162 3049 1358 Mutter: Nein, ik abe nikts gesagt. Gar niks! Du
1020 1309 2899 1535 kannst ja maken, was dir Vergnügen makt.
775 1506 1983 1676 Mathilde: Gott sei Dank!
795 1618 2139 1812 Mutter: Ik war ja auch jung
798 1748 3124 1980 Mathilde: Wenn du es nur einsiehst. Du hast doch
1046 1876 3098 2144 auch meinen Vater geliebt und hast seinetwe
1052 2092 3101 2312 gen alle Anderen hinausgeschmissen. Du hast
1055 2274 2066 2477 ihn sogar geheiratet.
838 2381 2959 2592 Mutter: Das ist ja meine Angst, liebes Kind,
1078 2537 2997 2725 dass es dir auch so geht. Wenn ik diesen
1087 2708 3037 2913 Filou nikt geeiratet ätte, säh' es anders
1092 2919 1673 3052 mit mir aus.
861 2982 3014 3248 Mathilde: Ach, erzähl' mir doch nichts - der
1107 3130 3185 3332 Grossfürst hätte dich doch nicht geheiratet.
876 3295 3043 3529 Mutter: Gewiss hätt' er es getan. O Gott, ik
1130 3456 3049 3659 wäre heute Schwägerin von die Kaiser von
