<?xml version="1.0" encoding="UTF-8" standalone="yes"?>
<PcGts xmlns="http://schema.primaresearch.org/PAGE/gts/pagecontent/2013-07-15" xmlns:xsi="http://www.w3.org/2001/XMLSchema-instance" xsi:schemaLocation="http://schema.primaresearch.org/PAGE/gts/pagecontent/2013-07-15 http://schema.primaresearch.org/PAGE/gts/pagecontent/2013-07-15/pagecontent.xsd">
    <Metadata>
        <Creator>prov=READ-COOP:name=TrHtr:version=2.1.0:model_id=51170:date=30_07_2023_08:31</Creator>
        <Created>2023-05-10T13:47:51.456+02:00</Created>
        <LastChange>2023-07-30T08:31:40.362+02:00</LastChange>
        <TranskribusMetadata docId="1428595" pageId="55414542" pageNr="28" tsid="131488128" status="IN_PROGRESS" userId="64420" imgUrl="https://files.transkribus.eu/Get?id=CMUTNORTKUKXOQBRFKWQLHDN&amp;fileType=view" xmlUrl="https://files.transkribus.eu/Get?id=BWEHKZQUYJYVOBCZLNMEEOXS" imageId="44688676"/>
    </Metadata>
    <Page imageFilename="1428595_0028.jpg" imageWidth="3384" imageHeight="4216">
        <ReadingOrder>
            <OrderedGroup id="ro_1711790190317" caption="Regions reading order">
                <RegionRefIndexed index="0" regionRef="tr_1"/>
                <RegionRefIndexed index="1" regionRef="tr_2"/>
            </OrderedGroup>
        </ReadingOrder>
        <TextRegion id="tr_1" custom="readingOrder {index:0;}">
            <Coords points="740,630 2994,630 2994,2927 740,2927"/>
            <TextLine id="tr_1_tl_1" custom="readingOrder {index:0;}">
                <Coords points="2810,707 2838,710 2847,705 2866,719 2872,713 2886,716 2911,735 2939,733 2939,598 2911,598 2894,590 2869,601 2858,598 2847,604 2841,598 2833,604 2810,604"/>
                <Baseline points="2827,683 2872,680 2917,680 2947,683"/>
                <TextEquiv>
                    <Unicode>19</Unicode>
                </TextEquiv>
            </TextLine>
            <TextLine id="tr_1_tl_2" custom="readingOrder {index:1;}">
                <Coords points="956,1113 1118,1074 1261,1110 1440,1049 1496,1085 2064,1046 2164,1026 2167,945 2027,917 1871,990 1806,956 1566,1001 1172,940 1077,993 962,956"/>
                <Baseline points="973,1074 1006,1071 1051,1068 1095,1065 1140,1065 1185,1062 1230,1065 1274,1059 1319,1059 1364,1059 1409,1056 1454,1054 1498,1054 1543,1051 1588,1048 1633,1048 1678,1045 1722,1042 1767,1042 1812,1039 1857,1039 1901,1036 1946,1033 1991,1030 2036,1027 2081,1021 2125,1021 2170,1024"/>
                <TextEquiv>
                    <Unicode>fällt dir denn ein, Mama?</Unicode>
                </TextEquiv>
            </TextLine>
            <TextLine id="tr_1_tl_3" custom="readingOrder {index:2;}">
                <Coords points="721,1297 2838,1183 2967,1169 2972,1091 730,1135"/>
                <Baseline points="740,1239 782,1236 827,1233 871,1233 916,1230 961,1230 1006,1230 1051,1227 1095,1227 1140,1224 1185,1218 1230,1218 1274,1215 1319,1215 1364,1212 1409,1212 1454,1209 1498,1209 1543,1206 1588,1203 1633,1200 1678,1200 1722,1197 1767,1191 1812,1191 1857,1188 1901,1185 1946,1185 1991,1179 2036,1179 2081,1176 2125,1173 2170,1173 2215,1170 2260,1170 2305,1167 2349,1164 2394,1164 2439,1161 2484,1161 2529,1158 2573,1155 2618,1152 2663,1146 2708,1146 2752,1143 2797,1140 2842,1140 2887,1143 2932,1140 2976,1143"/>
                <TextEquiv>
                    <Unicode>Mutter: Ach so, ach so!.. Was hast du für ein</Unicode>
                </TextEquiv>
            </TextLine>
            <TextLine id="tr_1_tl_4" custom="readingOrder {index:3;}">
                <Coords points="968,1404 995,1418 1046,1393 1116,1384 1158,1404 1261,1379 1306,1395 1345,1370 1373,1395 1460,1367 1560,1376 1566,1281 1504,1297 1476,1278 1267,1323 1205,1297 1138,1323 1093,1303 973,1334"/>
                <Baseline points="982,1391 988,1391 1033,1385 1077,1379 1122,1376 1167,1373 1212,1370 1257,1367 1301,1364 1346,1364 1391,1361 1436,1358 1480,1355 1525,1355 1570,1352"/>
                <TextEquiv>
                    <Unicode>goldnes Erz!</Unicode>
                </TextEquiv>
            </TextLine>
            <TextLine id="tr_1_tl_5" custom="readingOrder {index:4;}">
                <Coords points="744,1577 1160,1530 1295,1580 1776,1507 1901,1546 2259,1488 2262,1398 1398,1465 752,1434"/>
                <Baseline points="761,1546 785,1543 830,1543 874,1540 919,1540 964,1537 1009,1537 1054,1534 1098,1531 1143,1531 1188,1531 1233,1528 1277,1525 1322,1522 1367,1519 1412,1516 1457,1516 1501,1516 1546,1510 1591,1507 1636,1507 1681,1504 1725,1501 1770,1498 1815,1495 1860,1495 1904,1492 1949,1489 1994,1489 2039,1483 2084,1480 2128,1480 2173,1477 2218,1475 2263,1472"/>
                <TextEquiv>
                    <Unicode>Charles: Also, Wama, auf Betti!</Unicode>
                </TextEquiv>
            </TextLine>
            <TextLine id="tr_1_tl_6" custom="readingOrder {index:5;}">
                <Coords points="758,1697 2192,1672 2394,1653 2399,1546 1348,1574 1116,1658 761,1625"/>
                <Baseline points="773,1695 791,1692 836,1689 880,1689 925,1689 970,1689 1015,1686 1059,1684 1104,1684 1149,1686 1194,1681 1239,1678 1283,1675 1328,1675 1373,1672 1418,1669 1463,1666 1507,1663 1552,1660 1597,1660 1642,1657 1686,1657 1731,1654 1776,1657 1821,1651 1866,1648 1910,1645 1955,1642 2000,1642 2045,1642 2090,1636 2134,1636 2179,1633 2224,1630 2269,1627 2314,1627 2358,1624 2403,1621"/>
                <TextEquiv>
                    <Unicode>Mutter: Auf Betti!.: Sie trinken:</Unicode>
                </TextEquiv>
            </TextLine>
            <TextLine id="tr_1_tl_7" custom="readingOrder {index:6;}">
                <Coords points="805,1871 2799,1801 2939,1767 2942,1686 811,1762"/>
                <Baseline points="821,1851 842,1851 886,1848 931,1848 976,1845 1021,1839 1065,1839 1110,1836 1155,1833 1200,1836 1245,1836 1289,1830 1334,1830 1379,1824 1424,1824 1469,1821 1513,1818 1558,1815 1603,1812 1648,1809 1692,1806 1737,1806 1782,1803 1827,1803 1872,1800 1916,1797 1961,1794 2006,1791 2051,1791 2096,1788 2140,1788 2185,1785 2230,1785 2275,1782 2319,1779 2364,1776 2409,1773 2454,1773 2499,1770 2543,1767 2588,1767 2633,1764 2678,1761 2723,1761 2767,1758 2812,1755 2857,1752 2902,1752 2947,1752"/>
                <TextEquiv>
                    <Unicode>Charles: Jetzt wollen wir aber auch eindlich</Unicode>
                </TextEquiv>
            </TextLine>
            <TextLine id="tr_1_tl_8" custom="readingOrder {index:7;}">
                <Coords points="993,2055 1253,1991 1446,2044 2617,1918 2861,1949 2936,1929 2942,1823 998,1929"/>
                <Baseline points="1012,1991 1018,1991 1062,1991 1107,1991 1152,1988 1197,1985 1242,1985 1286,1982 1331,1979 1376,1976 1421,1973 1466,1973 1510,1973 1555,1970 1600,1967 1645,1967 1689,1961 1734,1961 1779,1958 1824,1958 1869,1955 1913,1952 1958,1949 2003,1946 2048,1946 2093,1943 2137,1946 2182,1946 2227,1943 2272,1937 2317,1934 2361,1931 2406,1928 2451,1925 2496,1925 2540,1919 2585,1922 2630,1919 2675,1916 2720,1913 2764,1913 2809,1910 2854,1907 2899,1907 2944,1904"/>
                <TextEquiv>
                    <Unicode>einmal auf thea trinken. Beide trinkon</Unicode>
                </TextEquiv>
            </TextLine>
            <TextLine id="tr_1_tl_9" custom="readingOrder {index:8;}">
                <Coords points="998,2153 2715,2114 2875,2072 2877,2013 2030,2002 1613,2072 1485,2022 1001,2097"/>
                <Baseline points="1015,2152 1042,2146 1086,2146 1131,2143 1176,2140 1221,2140 1265,2134 1310,2134 1355,2134 1400,2131 1445,2128 1489,2128 1534,2125 1579,2125 1624,2125 1669,2122 1713,2119 1758,2116 1803,2113 1848,2110 1893,2110 1937,2108 1982,2105 2027,2102 2072,2099 2116,2096 2161,2096 2206,2096 2251,2096 2296,2093 2340,2090 2385,2087 2430,2087 2475,2081 2520,2078 2564,2078 2609,2075 2654,2072 2699,2069 2743,2069 2788,2072 2833,2066 2878,2060"/>
                <TextEquiv>
                    <Unicode>und beide beginnen allmälig leicht ange-</Unicode>
                </TextEquiv>
            </TextLine>
            <TextLine id="tr_1_tl_10" custom="readingOrder {index:9;}">
                <Coords points="990,2315 1230,2326 1311,2293 1434,2312 1706,2279 1753,2310 1871,2282 1873,2206 993,2229"/>
                <Baseline points="1006,2305 1027,2302 1071,2299 1116,2299 1161,2296 1206,2296 1251,2293 1295,2290 1340,2287 1385,2287 1430,2281 1475,2281 1519,2278 1564,2278 1609,2278 1654,2275 1698,2272 1743,2272 1788,2269 1833,2266 1878,2266"/>
                <TextEquiv>
                    <Unicode>heitert zu werden:</Unicode>
                </TextEquiv>
            </TextLine>
            <TextLine id="tr_1_tl_11" custom="readingOrder {index:10;}">
                <Coords points="780,2477 1706,2477 1893,2422 2307,2458 2405,2413 2413,2279 1513,2391 786,2374"/>
                <Baseline points="797,2463 800,2466 844,2460 889,2463 934,2460 979,2460 1024,2457 1068,2457 1113,2454 1158,2457 1203,2454 1248,2451 1292,2448 1337,2445 1382,2442 1427,2439 1472,2439 1516,2436 1561,2433 1606,2430 1651,2427 1695,2427 1740,2424 1785,2421 1830,2421 1875,2418 1919,2415 1964,2412 2009,2409 2054,2406 2099,2406 2143,2403 2188,2403 2233,2400 2278,2397 2322,2394 2367,2391 2412,2394"/>
                <TextEquiv>
                    <Unicode>Mutter: Sieht sie sehr jüdis aus?</Unicode>
                </TextEquiv>
            </TextLine>
            <TextLine id="tr_1_tl_12" custom="readingOrder {index:11;}">
                <Coords points="783,2634 2936,2573 2972,2447 786,2545"/>
                <Baseline points="797,2630 827,2624 871,2621 916,2618 961,2618 1006,2615 1051,2612 1095,2609 1140,2609 1185,2612 1230,2612 1274,2603 1319,2600 1364,2597 1409,2594 1454,2594 1498,2594 1543,2591 1588,2588 1633,2585 1678,2582 1722,2579 1767,2579 1812,2576 1857,2573 1901,2570 1946,2567 1991,2570 2036,2564 2081,2561 2125,2558 2170,2558 2215,2555 2260,2552 2305,2552 2349,2549 2394,2546 2439,2543 2484,2540 2529,2540 2573,2537 2618,2534 2663,2531 2708,2529 2752,2526 2797,2526 2842,2523 2887,2523 2932,2520 2976,2520"/>
                <TextEquiv>
                    <Unicode>Charles: O nein, sie ist sogar blood. Sie ist</Unicode>
                </TextEquiv>
            </TextLine>
            <TextLine id="tr_1_tl_13" custom="readingOrder {index:12;}">
                <Coords points="1029,2791 2427,2701 2883,2752 2984,2735 2989,2584 1032,2712"/>
                <Baseline points="1048,2758 1068,2755 1113,2758 1158,2755 1203,2755 1248,2752 1292,2752 1337,2749 1382,2749 1427,2746 1472,2743 1516,2743 1561,2740 1606,2738 1651,2738 1695,2735 1740,2732 1785,2729 1830,2726 1875,2723 1919,2720 1964,2717 2009,2717 2054,2714 2099,2714 2143,2711 2188,2711 2233,2708 2278,2705 2322,2702 2367,2702 2412,2699 2457,2699 2502,2699 2546,2699 2591,2693 2636,2690 2681,2690 2726,2687 2770,2684 2815,2678 2860,2678 2905,2675 2950,2672 2994,2678"/>
                <TextEquiv>
                    <Unicode>ein schönes, sanftes Geschöpf. :Er wird</Unicode>
                </TextEquiv>
            </TextLine>
            <TextLine id="tr_1_tl_14" custom="readingOrder {index:13;}">
                <Coords points="1032,2936 2930,2872 2936,2774 2388,2796 2326,2740 2058,2833 1756,2793 1639,2855 1037,2858"/>
                <Baseline points="1051,2917 1059,2914 1104,2917 1149,2914 1194,2914 1239,2914 1283,2914 1328,2911 1373,2914 1418,2908 1463,2905 1507,2899 1552,2896 1597,2893 1642,2893 1686,2890 1731,2887 1776,2887 1821,2881 1866,2878 1910,2878 1955,2878 2000,2878 2045,2878 2090,2872 2134,2869 2179,2863 2224,2863 2269,2863 2314,2860 2358,2860 2403,2857 2448,2854 2493,2851 2537,2851 2582,2848 2627,2845 2672,2842 2717,2839 2761,2839 2806,2833 2851,2830 2896,2827 2941,2827"/>
                <TextEquiv>
                    <Unicode>weich: Sie wird dir gefallen, Mama. Du</Unicode>
                </TextEquiv>
            </TextLine>
        </TextRegion>
        <TextRegion id="tr_2" custom="readingOrder {index:1;}">
            <Coords points="830,2917 3111,2917 3111,3718 830,3718"/>
            <TextLine id="tr_2_tl_1" custom="readingOrder {index:0;}">
                <Coords points="1040,3104 2961,3017 3101,2984 3107,2914 1046,3014"/>
                <Baseline points="1059,3075 1095,3069 1140,3069 1185,3069 1230,3066 1274,3066 1319,3063 1364,3060 1409,3060 1454,3057 1498,3054 1543,3054 1588,3051 1633,3048 1678,3045 1722,3042 1767,3042 1812,3036 1857,3036 1901,3033 1946,3033 1991,3030 2036,3027 2081,3027 2125,3024 2170,3024 2215,3018 2260,3018 2305,3015 2349,3012 2394,3009 2439,3009 2484,3006 2529,3003 2573,3003 2618,3000 2663,2997 2708,2994 2752,2994 2797,2991 2842,2985 2887,2985 2932,2982 2976,2979 3021,2976 3066,2973 3111,2967"/>
                <TextEquiv>
                    <Unicode>wirst sie lieb haben. Sie ist edel. Ich ver¬</Unicode>
                </TextEquiv>
            </TextLine>
            <TextLine id="tr_2_tl_2" custom="readingOrder {index:1;}">
                <Coords points="1051,3241 2522,3185 2528,3067 1267,3179 1057,3143"/>
                <Baseline points="1068,3230 1095,3227 1140,3227 1185,3224 1230,3221 1274,3218 1319,3218 1364,3215 1409,3212 1454,3209 1498,3209 1543,3206 1588,3200 1633,3200 1678,3197 1722,3197 1767,3194 1812,3191 1857,3191 1901,3188 1946,3188 1991,3185 2036,3185 2081,3182 2125,3179 2170,3179 2215,3176 2260,3173 2305,3170 2349,3167 2394,3164 2439,3162 2484,3159 2529,3159"/>
                <TextEquiv>
                    <Unicode>diene sie vielleicht gar nicht.</Unicode>
                </TextEquiv>
            </TextLine>
            <TextLine id="tr_2_tl_3" custom="readingOrder {index:2;}">
                <Coords points="811,3403 2855,3333 3031,3300 3037,3224 817,3314"/>
                <Baseline points="830,3391 847,3394 892,3391 937,3388 982,3385 1027,3385 1071,3385 1116,3385 1161,3382 1206,3382 1251,3379 1295,3373 1340,3371 1385,3371 1430,3368 1475,3362 1519,3359 1564,3356 1609,3356 1654,3353 1698,3353 1743,3350 1788,3347 1833,3347 1878,3344 1922,3341 1967,3341 2012,3338 2057,3335 2102,3332 2146,3329 2191,3329 2236,3323 2281,3323 2325,3320 2370,3317 2415,3317 2460,3314 2505,3311 2549,3311 2594,3305 2639,3302 2684,3302 2729,3299 2773,3299 2818,3293 2863,3293 2908,3290 2952,3290 2997,3284 3042,3284"/>
                <TextEquiv>
                    <Unicode>Mutter: Was für ein Unsinn! Du bist der schön¬</Unicode>
                </TextEquiv>
            </TextLine>
            <TextLine id="tr_2_tl_4" custom="readingOrder {index:3;}">
                <Coords points="1060,3548 3034,3479 3062,3375 1065,3456"/>
                <Baseline points="1074,3541 1095,3541 1140,3535 1185,3535 1230,3532 1274,3532 1319,3529 1364,3526 1409,3526 1454,3523 1498,3517 1543,3514 1588,3511 1633,3511 1678,3508 1722,3505 1767,3505 1812,3502 1857,3499 1901,3499 1946,3493 1991,3490 2036,3490 2081,3490 2125,3487 2170,3484 2215,3481 2260,3481 2305,3478 2349,3478 2394,3475 2439,3475 2484,3469 2529,3466 2573,3463 2618,3460 2663,3457 2708,3454 2752,3451 2797,3451 2842,3448 2887,3448 2932,3445 2976,3439 3021,3439 3066,3442"/>
                <TextEquiv>
                    <Unicode>ste junge Mann in Wien, und jetzt wirst du</Unicode>
                </TextEquiv>
            </TextLine>
            <TextLine id="tr_2_tl_5" custom="readingOrder {index:4;}">
                <Coords points="1063,3736 1328,3699 1524,3767 1745,3677 1910,3713 2357,3632 2475,3671 2634,3638 2640,3540 1745,3621 1228,3602 1065,3663"/>
                <Baseline points="1077,3708 1116,3702 1161,3702 1206,3699 1251,3696 1295,3693 1340,3693 1385,3687 1430,3684 1475,3684 1519,3681 1564,3678 1609,3678 1654,3675 1698,3672 1743,3669 1788,3669 1833,3663 1878,3660 1922,3657 1967,3657 2012,3654 2057,3651 2102,3651 2146,3645 2191,3645 2236,3642 2281,3639 2325,3636 2370,3633 2415,3633 2460,3630 2505,3627 2549,3624 2594,3621 2639,3621"/>
                <TextEquiv>
                    <Unicode>auch fleissig werden in der Bank.</Unicode>
                </TextEquiv>
            </TextLine>
        </TextRegion>
    </Page>
</PcGts>
