4360 5464
1083 271 1320 538 1
2159 492 2423 610 23 —
1068 706 3838 969 blicklich (stampft mit dem Fuss) augenblickich, ja so hat
1083 912 3697 1095 sie gsagt, alle ihre Toilettesachen, also das russische
1072 1099 3762 1244 Kölnerwasser, die Zahnbürschten, das seidene Nachthemd, -
1076 1228 2743 1377 da hat sie eh alles aufgeschrieben.
1854 1385 3887 1557 (Mutter reisst ihm den Zettel aus der Hand)
1083 1560 3876 1709 Mon pauvre enfant! O Gott! C Gott! Im Otel muss sie slafen.
656 1557 1022 1759 Mutter:
1103 1686 4006 1846 Im Otel und nix at sie dort. Warten Sie ein moment, junge Err,
1103 1869 2476 2030 ik werde die Saken einpacken.
679 2022 3640 2205 Charles: Mama, sie soll nicht im Hotel schlafen. Es ziemt sich
1083 2152 3929 2346 nicht, dass eine Mathilde Delorme im Hotel schläft. Kleiner,
1103 2293 3853 2503 holen Sie einen Fiaker. Sie bekommen schon was. Sie können
1095 2480 3746 2693 dann auf dem Bock sitzen. Piccolo auf den Bockolo. Haha!
1953 2659 2583 2873 ( Piccolo ab).
702 2823 2774 3041 Charles: Mama, Du wirst Deine Tochter holen!
1114 2987 3907 3159 Anitta, snell, anell, meine Mantille, meint Andsuh, mein Ut.
702 3041 1064 3205 Mutter:
1114 3128 3960 3380 O, ik bin ja so froh. Du musst sie aber um Verzeiung bitten,
1118 3361 1537 3559 Charles.
1152 3414 3956 3716 (Anitta hat alles gebracht, hilft der Mutter beim Ankleiden,
1969 3655 2980 3853 begleitet sie hinaus.
1133 3781 3823 4036 Charles setzt sich, schenkt sich ein Glas Champagner ein,
2102 3979 2793 4174 gedankenvoll).
725 4097 2537 4338 Charles: Wenn ich noch zu Bette ginge?
725 4288 1721 4525 Anitta: (tritt ein).
736 4464 2808 4643 Charles: Anita, Anitta, was machst Du denn?
732 4601 3792 4841 Anitta: Nun, ich will das Bett von Fräulein Mathilde wieder her-
1137 4826 1553 5024 richten.
