4312 5496
2900 309 3289 550 1.
1526 313 1712 550 1:4:
1852 271 2693 579 - 16 -
1015 757 2879 1053 Ja, verstossen. Ich habe nur mehr Dich.
621 816 875 1027 Elsa:
1027 993 1822 1192 So erzähle doch!
600 1010 972 1192 Charles
1027 1116 3767 1336 Sie haben mir erklärt, daß sie eher sterben, als dass sie
609 1171 879 1370 Elsa:
1027 1315 2659 1497 je ihre Einwilligung geben werden.
609 1463 3877 1644 Charles: Na, dafür lass mich sorgen, mein Kind. Sie werden sie geben.
1023 1590 3691 1809 Man hat Dich bei ihnen verleumdet. Sie sagen, Du bist ein
626 1657 879 1860 Elsa:
1027 1780 1640 1987 Taugenichts
1053 1953 1729 2131 Das ist stark.
617 1919 1019 2131 Charles,
1057 2076 3568 2283 Und Mama hat gesagt, eher stürzt sie sich zum Fenster
621 2105 879 2300 Elsa:
1027 2186 3657 2405 hinunter. Und Papa hat gesagt, er lässt Dich die Treppe
1040 2443 1776 2642 hinunterwerfen.
617 2524 4020 2756 Charles:Ha, famos. Na, mein Kind, beruhige Dich nur. Auf den Knien sol-
1053 2744 3429 2968 len sie mich bitten, dass ich Dich zur Frau nehme.
1053 2913 1556 3099 Charles!
643 2904 896 3124 Elsa:
659 2997 3483 3268 Charles:Geliebtes Wesen, vertrau auf mich, ich bete Dich an.
1070 3247 1661 3416 Ah, Charles!
651 3276 905 3416 Elsa:
651 3297 3686 3555 Charles:Habe keine Angst, es kommt niemand. O komm! Die schön Du
1053 3555 2744 3708 bist. Lass mich Deine Hände küssen.
1065 3720 1463 3855 Charles!
659 3733 917 3881 Elsa:
664 3805 3674 4050 Charles:Elsa, Elsa! Ich bin binauscht! Verzeih mir, Deine Schön-
1082 4025 3915 4198 heit reisst mich hin. Darg ich Dir nicht ein Glas Champagner
1065 4194 1539 4401 anbieten?
1027 4371 1298 4528 Nein.
156 4380 342 4608 aen
626 4316 884 4557 Elsa:
676 4426 3894 4714 Charles: O bitte! Nippe nur daran, nippe, mein Engel. So. Nun ist es
1078 4667 3919 4874 Nektar für mich geworden. (er trinkt und schenkt ein zweites
