<?xml version="1.0" encoding="UTF-8" standalone="yes"?>
<PcGts xmlns="http://schema.primaresearch.org/PAGE/gts/pagecontent/2013-07-15" xmlns:xsi="http://www.w3.org/2001/XMLSchema-instance" xsi:schemaLocation="http://schema.primaresearch.org/PAGE/gts/pagecontent/2013-07-15 http://schema.primaresearch.org/PAGE/gts/pagecontent/2013-07-15/pagecontent.xsd">
    <Metadata>
        <Creator>prov=READ-COOP:name=TrHtr:version=2.1.0:model_id=51170:date=30_07_2023_08:31</Creator>
        <Created>2023-05-10T13:47:54.327+02:00</Created>
        <LastChange>2023-07-30T08:31:44.756+02:00</LastChange>
        <TranskribusMetadata docId="1428595" pageId="55414631" pageNr="45" tsid="131488145" status="IN_PROGRESS" userId="64420" imgUrl="https://files.transkribus.eu/Get?id=VNVWFEJHIHJYKXHOIJWBQEIA&amp;fileType=view" xmlUrl="https://files.transkribus.eu/Get?id=WVCYTMRFXGSWOCYUDNSGSVRB" imageId="44688765"/>
    </Metadata>
    <Page imageFilename="1428595_0045.jpg" imageWidth="3400" imageHeight="4216">
        <ReadingOrder>
            <OrderedGroup id="ro_1711790203055" caption="Regions reading order">
                <RegionRefIndexed index="0" regionRef="tr_1"/>
                <RegionRefIndexed index="1" regionRef="tr_2"/>
            </OrderedGroup>
        </ReadingOrder>
        <TextRegion id="tr_1" custom="readingOrder {index:0;}">
            <Coords points="740,618 3003,618 3003,1831 740,1831"/>
            <TextLine id="tr_1_tl_1" custom="readingOrder {index:0;}">
                <Coords points="2815,704 2832,704 2851,693 2891,726 2910,729 2930,723 2930,561 2896,566 2879,555 2868,564 2849,550 2815,550"/>
                <Baseline points="2830,671 2848,668 2893,668 2938,668"/>
                <TextEquiv>
                    <Unicode>36</Unicode>
                </TextEquiv>
            </TextLine>
            <TextLine id="tr_1_tl_2" custom="readingOrder {index:1;}">
                <Coords points="962,1071 1699,1026 1876,1122 2263,1012 2854,1015 2857,911 2512,777 2344,875 2097,858 1940,928 964,964"/>
                <Baseline points="976,1039 979,1039 1024,1039 1068,1036 1113,1033 1158,1036 1203,1033 1248,1030 1292,1030 1337,1030 1382,1030 1427,1030 1472,1027 1516,1030 1561,1027 1606,1024 1651,1024 1695,1021 1740,1018 1785,1018 1830,1018 1875,1012 1919,1012 1964,1009 2009,1006 2054,1003 2099,1003 2143,1003 2188,1003 2233,1003 2278,1000 2322,1000 2367,997 2412,994 2457,994 2502,994 2546,991 2591,991 2636,988 2681,988 2726,985 2770,982 2815,982 2860,985"/>
                <TextEquiv>
                    <Unicode>Ohr?... Ja, meiner lieben, einzigen Else</Unicode>
                </TextEquiv>
            </TextLine>
            <TextLine id="tr_1_tl_3" custom="readingOrder {index:2;}">
                <Coords points="959,1231 2708,1138 2821,1183 2871,1065 964,1110"/>
                <Baseline points="976,1194 994,1194 1039,1191 1083,1188 1128,1188 1173,1185 1218,1182 1263,1182 1307,1185 1352,1182 1397,1182 1442,1179 1486,1179 1531,1176 1576,1176 1621,1173 1666,1173 1710,1170 1755,1167 1800,1170 1845,1167 1890,1164 1934,1164 1979,1164 2024,1161 2069,1161 2113,1158 2158,1158 2203,1155 2248,1155 2293,1152 2337,1152 2382,1149 2427,1146 2472,1143 2517,1143 2561,1143 2606,1140 2651,1140 2696,1137 2740,1137 2785,1137 2830,1137 2875,1137"/>
                <TextEquiv>
                    <Unicode>süsses Ohr! Deine Augen! Ah! ich verg</Unicode>
                </TextEquiv>
            </TextLine>
            <TextLine id="tr_1_tl_4" custom="readingOrder {index:3;}">
                <Coords points="1455,1382 1497,1385 1567,1343 1612,1351 1660,1329 1663,1208 1635,1214 1615,1200 1553,1231 1514,1234 1506,1225 1461,1231"/>
                <Baseline points="1472,1322 1486,1316 1531,1313 1576,1310 1621,1310 1666,1313"/>
                <TextEquiv>
                    <Unicode>re</Unicode>
                </TextEquiv>
            </TextLine>
            <TextLine id="tr_1_tl_5" custom="readingOrder {index:4;}">
                <Coords points="936,1363 984,1365 1001,1354 1012,1363 1032,1363 1049,1351 1068,1357 1079,1346 1091,1354 1124,1346 1127,1276 1093,1270 1085,1279 1046,1259 1009,1281 981,1279 964,1290 939,1293"/>
                <Baseline points="952,1349 997,1349 1042,1343 1086,1343 1131,1346"/>
                <TextEquiv>
                    <Unicode>he!</Unicode>
                </TextEquiv>
            </TextLine>
            <TextLine id="tr_1_tl_6" custom="readingOrder {index:5;}">
                <Coords points="1040,1508 2795,1500 2961,1464 2966,1343 1043,1433"/>
                <Baseline points="1056,1504 1086,1501 1131,1498 1176,1498 1221,1495 1265,1492 1310,1492 1355,1489 1400,1489 1445,1489 1489,1489 1534,1486 1579,1483 1624,1480 1669,1480 1713,1480 1758,1477 1803,1477 1848,1475 1893,1472 1937,1472 1982,1472 2027,1469 2072,1466 2116,1466 2161,1463 2206,1463 2251,1460 2296,1460 2340,1460 2385,1457 2430,1454 2475,1454 2520,1454 2564,1451 2609,1451 2654,1448 2699,1448 2743,1445 2788,1442 2833,1442 2878,1439 2923,1436 2967,1442"/>
                <TextEquiv>
                    <Unicode>Charles,... ach Charles... was machst du</Unicode>
                </TextEquiv>
            </TextLine>
            <TextLine id="tr_1_tl_7" custom="readingOrder {index:6;}">
                <Coords points="723,1517 746,1514 763,1528 847,1514 908,1525 928,1511 1015,1522 1018,1464 967,1430 936,1458 917,1444 880,1455 838,1422 802,1441 785,1430 763,1450 726,1452"/>
                <Baseline points="740,1510 752,1510 797,1507 842,1507 886,1507 931,1504 976,1504 1021,1507"/>
                <TextEquiv>
                    <Unicode>Elsä:</Unicode>
                </TextEquiv>
            </TextLine>
            <TextLine id="tr_1_tl_8" custom="readingOrder {index:7;}">
                <Coords points="962,1730 1063,1722 1082,1705 1096,1719 1189,1696 1231,1707 1253,1688 1281,1716 1354,1736 1360,1525 1264,1525 1228,1508 1158,1570 1124,1556 1068,1593 964,1601"/>
                <Baseline points="979,1654 1006,1651 1051,1651 1095,1654 1140,1651 1185,1651 1230,1648 1274,1645 1319,1645 1364,1645"/>
                <TextEquiv>
                    <Unicode>aus mir!</Unicode>
                </TextEquiv>
            </TextLine>
            <TextLine id="tr_1_tl_9" custom="readingOrder {index:8;}">
                <Coords points="743,1873 2742,1800 2997,1775 3000,1691 2453,1637 2235,1722 749,1716"/>
                <Baseline points="761,1821 764,1818 809,1815 853,1815 898,1812 943,1812 988,1812 1033,1809 1077,1809 1122,1806 1167,1809 1212,1806 1257,1800 1301,1800 1346,1800 1391,1797 1436,1797 1480,1794 1525,1794 1570,1794 1615,1797 1660,1794 1704,1794 1749,1791 1794,1788 1839,1782 1884,1782 1928,1779 1973,1779 2018,1776 2063,1776 2108,1773 2152,1773 2197,1773 2242,1770 2287,1767 2331,1764 2376,1764 2421,1761 2466,1761 2511,1758 2555,1758 2600,1758 2645,1755 2690,1755 2735,1752 2779,1749 2824,1749 2869,1746 2914,1746 2958,1743 3003,1746"/>
                <TextEquiv>
                    <Unicode>Charles: Sei ruhig, mein Kind, es ist alles nur</Unicode>
                </TextEquiv>
            </TextLine>
        </TextRegion>
        <TextRegion id="tr_2" custom="readingOrder {index:1;}">
            <Coords points="770,1848 3078,1848 3078,3682 770,3682"/>
            <TextLine id="tr_2_tl_1" custom="readingOrder {index:0;}">
                <Coords points="962,2005 2742,1909 2868,1957 2978,1923 2980,1820 2546,1789 1769,1907 967,1881"/>
                <Baseline points="979,1967 1015,1961 1059,1961 1104,1958 1149,1961 1194,1955 1239,1955 1283,1952 1328,1952 1373,1949 1418,1949 1463,1946 1507,1943 1552,1943 1597,1943 1642,1943 1686,1940 1731,1937 1776,1937 1821,1937 1866,1934 1910,1931 1955,1928 2000,1928 2045,1925 2090,1925 2134,1925 2179,1922 2224,1922 2269,1919 2314,1916 2358,1916 2403,1916 2448,1913 2493,1910 2537,1910 2582,1910 2627,1907 2672,1907 2717,1904 2761,1904 2806,1904 2851,1901 2896,1898 2941,1898 2985,1898"/>
                <TextEquiv>
                    <Unicode>zu deinem Besten. Vor Gott bist du die Mei¬</Unicode>
                </TextEquiv>
            </TextLine>
            <TextLine id="tr_2_tl_2" custom="readingOrder {index:1;}">
                <Coords points="973,2142 2902,2117 3025,2066 3028,1957 2428,2027 1579,2005 1155,2094 979,2024"/>
                <Baseline points="991,2119 1018,2116 1062,2116 1107,2119 1152,2119 1197,2116 1242,2110 1286,2110 1331,2108 1376,2105 1421,2102 1466,2102 1510,2099 1555,2099 1600,2096 1645,2096 1689,2093 1734,2093 1779,2093 1824,2090 1869,2087 1913,2087 1958,2084 2003,2084 2048,2081 2093,2078 2137,2078 2182,2075 2227,2075 2272,2072 2317,2069 2361,2069 2406,2069 2451,2069 2496,2063 2540,2066 2585,2066 2630,2063 2675,2060 2720,2057 2764,2057 2809,2057 2854,2054 2899,2054 2944,2051 2988,2051 3033,2051"/>
                <TextEquiv>
                    <Unicode>ne, du sollst es bald auch vor den Menschen</Unicode>
                </TextEquiv>
            </TextLine>
            <TextLine id="tr_2_tl_3" custom="readingOrder {index:2;}">
                <Coords points="990,2279 1405,2305 1579,2251 1904,2282 1993,2243 2164,2274 2279,2251 2282,2176 1534,2179 1379,2235 1222,2176 993,2193"/>
                <Baseline points="1006,2266 1033,2266 1077,2263 1122,2263 1167,2263 1212,2263 1257,2263 1301,2260 1346,2260 1391,2260 1436,2257 1480,2254 1525,2251 1570,2251 1615,2251 1660,2248 1704,2245 1749,2245 1794,2242 1839,2242 1884,2239 1928,2239 1973,2239 2018,2239 2063,2236 2108,2233 2152,2230 2197,2230 2242,2230 2287,2230"/>
                <TextEquiv>
                    <Unicode>werden. Es kommt niemand.</Unicode>
                </TextEquiv>
            </TextLine>
            <TextLine id="tr_2_tl_4" custom="readingOrder {index:3;}">
                <Coords points="1074,2493 1570,2408 2910,2417 2989,2394 2992,2293 1079,2378"/>
                <Baseline points="1092,2424 1116,2424 1161,2421 1206,2421 1251,2421 1295,2418 1340,2418 1385,2415 1430,2415 1475,2415 1519,2412 1564,2406 1609,2403 1654,2400 1698,2400 1743,2397 1788,2400 1833,2400 1878,2397 1922,2397 1967,2397 2012,2394 2057,2391 2102,2391 2146,2388 2191,2385 2236,2385 2281,2382 2325,2379 2370,2379 2415,2379 2460,2376 2505,2373 2549,2373 2594,2373 2639,2370 2684,2370 2729,2367 2773,2367 2818,2364 2863,2364 2908,2361 2952,2361 2997,2361"/>
                <TextEquiv>
                    <Unicode>Ach ja, ich weiss, dass du ein Ehrenmann</Unicode>
                </TextEquiv>
            </TextLine>
            <TextLine id="tr_2_tl_5" custom="readingOrder {index:4;}">
                <Coords points="754,2448 793,2456 807,2445 866,2456 931,2439 956,2445 970,2431 1009,2439 1009,2364 928,2375 906,2355 894,2358 864,2341 827,2369 782,2350 754,2355"/>
                <Baseline points="770,2433 815,2430 859,2430 904,2430 949,2430 994,2433 1015,2433"/>
                <TextEquiv>
                    <Unicode>Elsa:</Unicode>
                </TextEquiv>
            </TextLine>
            <TextLine id="tr_2_tl_6" custom="readingOrder {index:5;}">
                <Coords points="993,2605 3028,2557 3031,2431 995,2515"/>
                <Baseline points="1009,2579 1021,2576 1065,2576 1110,2573 1155,2576 1200,2573 1245,2570 1289,2570 1334,2570 1379,2567 1424,2567 1469,2564 1513,2561 1558,2558 1603,2558 1648,2555 1692,2558 1737,2555 1782,2555 1827,2555 1872,2555 1916,2549 1961,2549 2006,2546 2051,2546 2096,2540 2140,2540 2185,2537 2230,2537 2275,2534 2319,2531 2364,2531 2409,2531 2454,2531 2499,2529 2543,2529 2588,2529 2633,2529 2678,2526 2723,2523 2767,2523 2812,2520 2857,2517 2902,2517 2947,2514 2991,2511 3036,2511"/>
                <TextEquiv>
                    <Unicode>bist. Ich hab' es ja immer gewisst, dass du</Unicode>
                </TextEquiv>
            </TextLine>
            <TextLine id="tr_2_tl_7" custom="readingOrder {index:6;}">
                <Coords points="984,2767 2958,2694 3008,2577 990,2650"/>
                <Baseline points="1003,2732 1042,2726 1086,2726 1131,2726 1176,2726 1221,2726 1265,2723 1310,2720 1355,2720 1400,2720 1445,2717 1489,2717 1534,2717 1579,2714 1624,2711 1669,2711 1713,2711 1758,2708 1803,2708 1848,2708 1893,2705 1937,2702 1982,2702 2027,2699 2072,2696 2116,2696 2161,2693 2206,2693 2251,2690 2296,2690 2340,2687 2385,2687 2430,2684 2475,2684 2520,2681 2564,2684 2609,2681 2654,2678 2699,2678 2743,2675 2788,2675 2833,2672 2878,2669 2923,2669 2967,2666 3012,2666"/>
                <TextEquiv>
                    <Unicode>nicht dein Spiel mit mir treibst. Sie sind</Unicode>
                </TextEquiv>
            </TextLine>
            <TextLine id="tr_2_tl_8" custom="readingOrder {index:7;}">
                <Coords points="995,2896 3003,2854 3034,2736 995,2837"/>
                <Baseline points="1012,2887 1024,2887 1068,2884 1113,2884 1158,2881 1203,2884 1248,2881 1292,2878 1337,2875 1382,2875 1427,2875 1472,2872 1516,2869 1561,2869 1606,2866 1651,2866 1695,2863 1740,2863 1785,2863 1830,2860 1875,2860 1919,2857 1964,2857 2009,2854 2054,2854 2099,2851 2143,2848 2188,2845 2233,2845 2278,2845 2322,2845 2367,2839 2412,2839 2457,2839 2502,2836 2546,2833 2591,2833 2636,2833 2681,2830 2726,2830 2770,2827 2815,2824 2860,2824 2905,2824 2950,2824 2994,2824 3039,2827"/>
                <TextEquiv>
                    <Unicode>nur alle neidisch, wenn sie auf dich schimp</Unicode>
                </TextEquiv>
            </TextLine>
            <TextLine id="tr_2_tl_9" custom="readingOrder {index:8;}">
                <Coords points="1001,3053 2916,3022 2938,2919 1004,2972"/>
                <Baseline points="1015,3042 1059,3039 1104,3036 1149,3036 1194,3036 1239,3036 1283,3036 1328,3030 1373,3030 1418,3027 1463,3027 1507,3027 1552,3024 1597,3024 1642,3021 1686,3018 1731,3018 1776,3015 1821,3012 1866,3012 1910,3012 1955,3009 2000,3006 2045,3006 2090,3003 2134,3003 2179,3000 2224,3000 2269,3000 2314,2997 2358,2994 2403,2994 2448,2994 2493,2991 2537,2988 2582,2988 2627,2985 2672,2985 2717,2982 2761,2982 2806,2982 2851,2982 2896,2982 2941,2985"/>
                <TextEquiv>
                    <Unicode>fen... Ja, ich will deine Frau werden! O,</Unicode>
                </TextEquiv>
            </TextLine>
            <TextLine id="tr_2_tl_10" custom="readingOrder {index:9;}">
                <Coords points="1007,3224 2823,3193 2986,3154 2992,3059 1012,3107"/>
                <Baseline points="1024,3197 1027,3197 1071,3194 1116,3191 1161,3188 1206,3188 1251,3185 1295,3185 1340,3185 1385,3182 1430,3182 1475,3179 1519,3179 1564,3176 1609,3176 1654,3173 1698,3170 1743,3170 1788,3167 1833,3167 1878,3164 1922,3164 1967,3162 2012,3162 2057,3162 2102,3159 2146,3156 2191,3153 2236,3153 2281,3153 2325,3153 2370,3150 2415,3150 2460,3147 2505,3144 2549,3144 2594,3141 2639,3138 2684,3138 2729,3138 2773,3135 2818,3135 2863,3132 2908,3132 2952,3132 2997,3135"/>
                <TextEquiv>
                    <Unicode>ich kann mich in alle Verhältnisse finden!</Unicode>
                </TextEquiv>
            </TextLine>
            <TextLine id="tr_2_tl_11" custom="readingOrder {index:10;}">
                <Coords points="1018,3362 2355,3359 2955,3308 2958,3202 1208,3300 1021,3252"/>
                <Baseline points="1033,3341 1036,3341 1080,3341 1125,3341 1170,3338 1215,3341 1260,3335 1304,3338 1349,3335 1394,3335 1439,3335 1483,3332 1528,3329 1573,3329 1618,3326 1663,3326 1707,3323 1752,3323 1797,3320 1842,3320 1887,3320 1931,3317 1976,3317 2021,3317 2066,3317 2110,3314 2155,3311 2200,3308 2245,3308 2290,3305 2334,3305 2379,3305 2424,3305 2469,3305 2514,3302 2558,3299 2603,3296 2648,3293 2693,3290 2738,3290 2782,3287 2827,3287 2872,3287 2917,3284 2961,3281"/>
                <TextEquiv>
                    <Unicode>Wir werden arbeiten, Charles, nicht wahr?</Unicode>
                </TextEquiv>
            </TextLine>
            <TextLine id="tr_2_tl_12" custom="readingOrder {index:11;}">
                <Coords points="1015,3516 2720,3507 2978,3465 2980,3393 1018,3415"/>
                <Baseline points="1030,3508 1059,3505 1104,3502 1149,3502 1194,3499 1239,3496 1283,3496 1328,3496 1373,3493 1418,3493 1463,3493 1507,3490 1552,3490 1597,3490 1642,3487 1686,3484 1731,3481 1776,3478 1821,3478 1866,3475 1910,3475 1955,3472 2000,3472 2045,3472 2090,3466 2134,3466 2179,3463 2224,3463 2269,3460 2314,3460 2358,3457 2403,3457 2448,3454 2493,3454 2537,3451 2582,3448 2627,3448 2672,3448 2717,3445 2761,3445 2806,3445 2851,3442 2896,3442 2941,3442 2985,3442"/>
                <TextEquiv>
                    <Unicode>Du wirst irgend eine Stellung annehmen in</Unicode>
                </TextEquiv>
            </TextLine>
            <TextLine id="tr_2_tl_13" custom="readingOrder {index:12;}">
                <Coords points="1035,3698 3067,3648 3073,3522 1037,3622"/>
                <Baseline points="1051,3672 1062,3669 1107,3666 1152,3666 1197,3663 1242,3663 1286,3660 1331,3660 1376,3657 1421,3657 1466,3651 1510,3651 1555,3651 1600,3651 1645,3651 1689,3651 1734,3648 1779,3642 1824,3639 1869,3636 1913,3633 1958,3633 2003,3630 2048,3627 2093,3627 2137,3624 2182,3627 2227,3624 2272,3624 2317,3621 2361,3621 2406,3615 2451,3615 2496,3612 2540,3609 2585,3609 2630,3606 2675,3606 2720,3603 2764,3603 2809,3603 2854,3603 2899,3600 2944,3597 2988,3594 3033,3594 3078,3591"/>
                <TextEquiv>
                    <Unicode>einem Bureau, ich werde englische Lektionen</Unicode>
                </TextEquiv>
            </TextLine>
        </TextRegion>
    </Page>
</PcGts>
