<?xml version="1.0" encoding="UTF-8" standalone="yes"?>
<PcGts xmlns="http://schema.primaresearch.org/PAGE/gts/pagecontent/2013-07-15" xmlns:xsi="http://www.w3.org/2001/XMLSchema-instance" xsi:schemaLocation="http://schema.primaresearch.org/PAGE/gts/pagecontent/2013-07-15 http://schema.primaresearch.org/PAGE/gts/pagecontent/2013-07-15/pagecontent.xsd">
    <Metadata>
        <Creator>prov=READ-COOP:name=TrHtr:version=2.1.0:model_id=51170:date=30_07_2023_08:31</Creator>
        <Created>2023-05-10T13:47:52.067+02:00</Created>
        <LastChange>2023-07-30T08:31:41.413+02:00</LastChange>
        <TranskribusMetadata docId="1428595" pageId="55414564" pageNr="32" tsid="131488132" status="IN_PROGRESS" userId="64420" imgUrl="https://files.transkribus.eu/Get?id=DOHAGVUFNKRJWWPZILBZZCAX&amp;fileType=view" xmlUrl="https://files.transkribus.eu/Get?id=SGXULMGPFYJWFPASJHVZLGYR" imageId="44688698"/>
    </Metadata>
    <Page imageFilename="1428595_0032.jpg" imageWidth="3368" imageHeight="4216">
        <ReadingOrder>
            <OrderedGroup id="ro_1711790193448" caption="Regions reading order">
                <RegionRefIndexed index="0" regionRef="tr_1"/>
                <RegionRefIndexed index="1" regionRef="tr_2"/>
            </OrderedGroup>
        </ReadingOrder>
        <TextRegion id="tr_1" custom="readingOrder {index:0;}">
            <Coords points="803,621 3063,621 3063,2440 803,2440"/>
            <TextLine id="tr_1_tl_1" custom="readingOrder {index:0;}">
                <Coords points="2846,703 2866,700 2875,706 2883,700 2928,709 2951,695 2965,706 2973,697 2988,697 2990,573 2945,579 2914,601 2892,596 2866,618 2849,618"/>
                <Baseline points="2863,677 2908,674 2952,671 2994,677"/>
                <TextEquiv>
                    <Unicode>23</Unicode>
                </TextEquiv>
            </TextLine>
            <TextLine id="tr_1_tl_2" custom="readingOrder {index:1;}">
                <Coords points="1014,1036 1528,1084 2931,1019 2937,909 1533,878 1017,969"/>
                <Baseline points="1030,1039 1056,1039 1101,1036 1146,1036 1191,1036 1236,1036 1280,1036 1325,1033 1370,1030 1415,1030 1460,1027 1504,1024 1549,1024 1594,1021 1639,1021 1684,1021 1728,1018 1773,1015 1818,1018 1863,1015 1907,1015 1952,1012 1997,1012 2042,1009 2087,1006 2131,1006 2176,1006 2221,1003 2266,1003 2311,1000 2355,1000 2400,1000 2445,997 2490,994 2534,994 2579,994 2624,991 2669,988 2714,988 2758,988 2803,985 2848,985 2893,982 2938,988"/>
                <TextEquiv>
                    <Unicode>Von Sittlichkeit und Edelsinn soll es wi¬</Unicode>
                </TextEquiv>
            </TextLine>
            <TextLine id="tr_1_tl_3" custom="readingOrder {index:2;}">
                <Coords points="1011,1228 2663,1172 2849,1155 2877,1098 2496,1048 1014,1138"/>
                <Baseline points="1030,1194 1048,1194 1092,1191 1137,1188 1182,1188 1227,1188 1271,1188 1316,1185 1361,1185 1406,1182 1451,1179 1495,1179 1540,1179 1585,1176 1630,1173 1675,1173 1719,1170 1764,1170 1809,1167 1854,1164 1898,1164 1943,1161 1988,1161 2033,1161 2078,1161 2122,1161 2167,1155 2212,1155 2257,1155 2302,1152 2346,1152 2391,1149 2436,1149 2481,1146 2526,1143 2570,1143 2615,1143 2660,1140 2705,1140 2749,1140 2794,1137 2839,1134 2884,1137"/>
                <TextEquiv>
                    <Unicode>derstrahlen!... fleckenlos und Blank!...</Unicode>
                </TextEquiv>
            </TextLine>
            <TextLine id="tr_1_tl_4" custom="readingOrder {index:3;}">
                <Coords points="969,1364 2700,1336 2753,1211 971,1279"/>
                <Baseline points="985,1346 1012,1346 1056,1346 1101,1343 1146,1343 1191,1343 1236,1343 1280,1340 1325,1337 1370,1340 1415,1340 1460,1334 1504,1334 1549,1331 1594,1328 1639,1325 1684,1322 1728,1322 1773,1322 1818,1319 1863,1322 1907,1319 1952,1313 1997,1313 2042,1313 2087,1310 2131,1310 2176,1307 2221,1304 2266,1304 2311,1301 2355,1301 2400,1298 2445,1298 2490,1295 2534,1295 2579,1295 2624,1292 2669,1292 2714,1289 2758,1286"/>
                <TextEquiv>
                    <Unicode>Kurz und gut: -es muss anders werden!</Unicode>
                </TextEquiv>
            </TextLine>
            <TextLine id="tr_1_tl_5" custom="readingOrder {index:4;}">
                <Coords points="788,1525 2143,1539 2589,1451 2812,1505 2860,1386 2629,1336 2118,1423 791,1423"/>
                <Baseline points="803,1510 806,1513 850,1510 895,1507 940,1507 985,1504 1030,1504 1074,1504 1119,1501 1164,1501 1209,1498 1254,1495 1298,1495 1343,1489 1388,1489 1433,1489 1477,1489 1522,1489 1567,1486 1612,1483 1657,1480 1701,1480 1746,1480 1791,1477 1836,1475 1881,1472 1925,1469 1970,1469 2015,1466 2060,1466 2105,1463 2149,1466 2194,1463 2239,1460 2284,1460 2328,1460 2373,1457 2418,1454 2463,1457 2508,1454 2552,1454 2597,1451 2642,1448 2687,1448 2732,1445 2776,1442 2821,1442 2866,1442"/>
                <TextEquiv>
                    <Unicode>Mutter: O Gott, mein lieber Charles, - mein</Unicode>
                </TextEquiv>
            </TextLine>
            <TextLine id="tr_1_tl_6" custom="readingOrder {index:5;}">
                <Coords points="1019,1677 1355,1649 1389,1672 1482,1652 1595,1674 1697,1635 1751,1655 1756,1550 1649,1584 1401,1562 1248,1607 1214,1581 1022,1576"/>
                <Baseline points="1036,1657 1042,1657 1086,1657 1131,1654 1176,1651 1221,1648 1265,1651 1310,1648 1355,1648 1400,1645 1445,1645 1489,1642 1534,1639 1579,1636 1624,1636 1669,1633 1713,1630 1758,1633"/>
                <TextEquiv>
                    <Unicode>lieber Charles!</Unicode>
                </TextEquiv>
            </TextLine>
            <TextLine id="tr_1_tl_7" custom="readingOrder {index:6;}">
                <Coords points="788,1833 1802,1813 1886,1793 1889,1737 1386,1708 1197,1770 1059,1722 926,1762 791,1725"/>
                <Baseline points="803,1824 818,1821 862,1818 907,1815 952,1815 997,1812 1042,1812 1086,1812 1131,1812 1176,1809 1221,1809 1265,1806 1310,1806 1355,1803 1400,1800 1445,1797 1489,1797 1534,1794 1579,1791 1624,1791 1669,1791 1713,1788 1758,1785 1803,1785 1848,1782 1893,1785"/>
                <TextEquiv>
                    <Unicode>Charles: Nicht weinen.</Unicode>
                </TextEquiv>
            </TextLine>
            <TextLine id="tr_1_tl_8" custom="readingOrder {index:7;}">
                <Coords points="793,1996 2787,1946 3044,1923 3047,1827 796,1906"/>
                <Baseline points="809,1973 812,1973 856,1970 901,1967 946,1967 991,1967 1036,1967 1080,1964 1125,1967 1170,1970 1215,1973 1260,1967 1304,1964 1349,1961 1394,1955 1439,1955 1483,1952 1528,1949 1573,1949 1618,1943 1663,1943 1707,1940 1752,1940 1797,1937 1842,1934 1887,1934 1931,1934 1976,1931 2021,1931 2066,1928 2110,1928 2155,1928 2200,1925 2245,1925 2290,1925 2334,1922 2379,1919 2424,1919 2469,1916 2514,1916 2558,1913 2603,1910 2648,1907 2693,1907 2738,1904 2782,1904 2827,1901 2872,1901 2917,1898 2961,1898 3006,1901 3051,1904"/>
                <TextEquiv>
                    <Unicode>Mutter: O, mein lieber Charles, was glaubst du,</Unicode>
                </TextEquiv>
            </TextLine>
            <TextLine id="tr_1_tl_9" custom="readingOrder {index:8;}">
                <Coords points="1036,2174 1889,2090 2016,2146 2174,2087 2615,2126 2877,2081 2880,1971 1042,2064"/>
                <Baseline points="1054,2116 1092,2119 1137,2116 1182,2116 1227,2113 1271,2113 1316,2113 1361,2110 1406,2110 1451,2108 1495,2105 1540,2105 1585,2102 1630,2099 1675,2096 1719,2096 1764,2093 1809,2093 1854,2093 1898,2087 1943,2090 1988,2087 2033,2087 2078,2084 2122,2081 2167,2081 2212,2078 2257,2078 2302,2075 2346,2072 2391,2069 2436,2069 2481,2069 2526,2069 2570,2066 2615,2063 2660,2060 2705,2057 2749,2054 2794,2054 2839,2051 2884,2054"/>
                <TextEquiv>
                    <Unicode>wie oft ik weine, wenn ik allein bin! —</Unicode>
                </TextEquiv>
            </TextLine>
            <TextLine id="tr_1_tl_10" custom="readingOrder {index:9;}">
                <Coords points="1045,2315 1940,2330 2496,2228 2632,2282 3055,2155 1048,2194"/>
                <Baseline points="1059,2269 1092,2272 1137,2272 1182,2272 1227,2269 1271,2266 1316,2266 1361,2266 1406,2263 1451,2263 1495,2260 1540,2260 1585,2257 1630,2254 1675,2251 1719,2248 1764,2248 1809,2248 1854,2245 1898,2242 1943,2242 1988,2242 2033,2242 2078,2242 2122,2239 2167,2236 2212,2233 2257,2230 2302,2230 2346,2227 2391,2227 2436,2224 2481,2224 2526,2227 2570,2221 2615,2218 2660,2218 2705,2215 2749,2212 2794,2212 2839,2209 2884,2206 2929,2206 2973,2203 3018,2200 3063,2197"/>
                <TextEquiv>
                    <Unicode>kannst ja nihta wissen, du bist ja nikt zu¬</Unicode>
                </TextEquiv>
            </TextLine>
            <TextLine id="tr_1_tl_11" custom="readingOrder {index:10;}">
                <Coords points="1036,2457 1183,2431 1234,2451 1268,2428 1313,2457 1381,2431 1409,2448 1505,2434 1578,2459 1581,2380 1545,2361 1392,2386 1367,2363 1341,2383 1228,2330 1189,2363 1039,2363"/>
                <Baseline points="1051,2430 1092,2427 1137,2424 1182,2421 1227,2421 1271,2421 1316,2421 1361,2418 1406,2418 1451,2418 1495,2415 1540,2412 1585,2409"/>
                <TextEquiv>
                    <Unicode>haus!...</Unicode>
                </TextEquiv>
            </TextLine>
        </TextRegion>
        <TextRegion id="tr_2" custom="readingOrder {index:1;}">
            <Coords points="833,2476 3129,2476 3129,3670 833,3670"/>
            <TextLine id="tr_2_tl_1" custom="readingOrder {index:0;}">
                <Coords points="825,2601 2013,2558 2135,2609 2335,2539 2697,2550 2700,2431 827,2507"/>
                <Baseline points="839,2591 868,2591 913,2588 958,2588 1003,2585 1048,2582 1092,2582 1137,2582 1182,2576 1227,2579 1271,2579 1316,2573 1361,2573 1406,2570 1451,2570 1495,2570 1540,2567 1585,2564 1630,2564 1675,2561 1719,2561 1764,2558 1809,2558 1854,2555 1898,2552 1943,2549 1988,2549 2033,2546 2078,2546 2122,2543 2167,2543 2212,2540 2257,2540 2302,2537 2346,2537 2391,2534 2436,2534 2481,2531 2526,2529 2570,2529 2615,2526 2660,2526 2705,2529"/>
                <TextEquiv>
                    <Unicode>Charles: Das muss alles anders werden.</Unicode>
                </TextEquiv>
            </TextLine>
            <TextLine id="tr_2_tl_2" custom="readingOrder {index:1;}">
                <Coords points="816,2756 1988,2759 3024,2697 3024,2632 819,2674"/>
                <Baseline points="833,2735 836,2732 880,2735 925,2738 970,2738 1015,2735 1059,2732 1104,2732 1149,2729 1194,2732 1239,2729 1283,2726 1328,2726 1373,2723 1418,2720 1463,2720 1507,2720 1552,2714 1597,2714 1642,2714 1686,2711 1731,2711 1776,2711 1821,2711 1866,2711 1910,2708 1955,2705 2000,2705 2045,2702 2090,2696 2134,2696 2179,2693 2224,2693 2269,2690 2314,2690 2358,2687 2403,2684 2448,2684 2493,2684 2537,2681 2582,2681 2627,2678 2672,2675 2717,2675 2761,2672 2806,2672 2851,2672 2896,2672 2941,2672 2985,2666 3030,2666"/>
                <TextEquiv>
                    <Unicode>Mutter: Mathilde ist ja so roh zu mir - beson-</Unicode>
                </TextEquiv>
            </TextLine>
            <TextLine id="tr_2_tl_3" custom="readingOrder {index:2;}">
                <Coords points="1065,2917 1587,2875 1734,2931 2236,2849 2499,2925 2779,2880 2784,2756 1067,2821"/>
                <Baseline points="1080,2884 1086,2884 1131,2881 1176,2881 1221,2878 1265,2878 1310,2878 1355,2878 1400,2875 1445,2875 1489,2875 1534,2872 1579,2869 1624,2869 1669,2866 1713,2866 1758,2863 1803,2863 1848,2860 1893,2857 1937,2857 1982,2854 2027,2851 2072,2851 2116,2851 2161,2848 2206,2848 2251,2848 2296,2848 2340,2851 2385,2845 2430,2842 2475,2839 2520,2836 2564,2836 2609,2833 2654,2833 2699,2830 2743,2827 2788,2821"/>
                <TextEquiv>
                    <Unicode>ders in der letzten Zeit. :Trinken:</Unicode>
                </TextEquiv>
            </TextLine>
            <TextLine id="tr_2_tl_4" custom="readingOrder {index:3;}">
                <Coords points="830,3075 1525,3120 2177,3010 2618,3072 2948,3010 2951,2911 833,2982"/>
                <Baseline points="847,3051 850,3051 895,3048 940,3048 985,3045 1030,3042 1074,3042 1119,3042 1164,3039 1209,3036 1254,3036 1298,3036 1343,3036 1388,3033 1433,3030 1477,3030 1522,3027 1567,3027 1612,3024 1657,3021 1701,3018 1746,3018 1791,3015 1836,3015 1881,3015 1925,3012 1970,3012 2015,3009 2060,3006 2105,3006 2149,3003 2194,3003 2239,3000 2284,3000 2328,3000 2373,2997 2418,2994 2463,2994 2508,2991 2552,2988 2597,2985 2642,2985 2687,2982 2732,2982 2776,2982 2821,2982 2866,2982 2911,2979 2955,2982"/>
                <TextEquiv>
                    <Unicode>Charles: Franz - das ist Franz ohne Zunamen.</Unicode>
                </TextEquiv>
            </TextLine>
            <TextLine id="tr_2_tl_5" custom="readingOrder {index:4;}">
                <Coords points="830,3225 2962,3191 3098,3146 3100,3061 830,3146"/>
                <Baseline points="847,3206 865,3200 910,3200 955,3197 1000,3197 1045,3197 1089,3197 1134,3197 1179,3191 1224,3194 1268,3191 1313,3188 1358,3188 1403,3188 1448,3185 1492,3185 1537,3182 1582,3179 1627,3179 1672,3173 1716,3173 1761,3173 1806,3173 1851,3170 1896,3170 1940,3167 1985,3164 2030,3164 2075,3162 2119,3162 2164,3159 2209,3162 2254,3159 2299,3156 2343,3156 2388,3153 2433,3150 2478,3150 2523,3147 2567,3144 2612,3144 2657,3144 2702,3144 2746,3144 2791,3138 2836,3138 2881,3135 2926,3132 2970,3129 3015,3129 3060,3126 3105,3129"/>
                <TextEquiv>
                    <Unicode>Mutter: Ja, er reizt sie auf gegen mik, ik merk</Unicode>
                </TextEquiv>
            </TextLine>
            <TextLine id="tr_2_tl_6" custom="readingOrder {index:5;}">
                <Coords points="1076,3383 1166,3431 1214,3411 1231,3425 1350,3346 1412,3340 1474,3374 1508,3352 1604,3360 1643,3340 1646,3244 1576,3278 1497,3281 1355,3242 1220,3304 1079,3278"/>
                <Baseline points="1092,3344 1113,3347 1158,3344 1203,3347 1248,3347 1292,3341 1337,3341 1382,3338 1427,3341 1472,3338 1516,3338 1561,3335 1606,3332 1651,3329"/>
                <TextEquiv>
                    <Unicode>es son lang.</Unicode>
                </TextEquiv>
            </TextLine>
            <TextLine id="tr_2_tl_7" custom="readingOrder {index:6;}">
                <Coords points="1415,3445 1451,3434 1471,3442 1482,3434 1502,3445 1553,3414 1564,3422 1576,3414 1598,3428 1615,3414 1655,3414 1658,3352 1638,3352 1626,3340 1601,3360 1508,3349 1474,3374 1420,3355"/>
                <Baseline points="1433,3409 1436,3412 1480,3406 1525,3403 1570,3400 1615,3397 1660,3394"/>
                <TextEquiv>
                    <Unicode>Mam</Unicode>
                </TextEquiv>
            </TextLine>
            <TextLine id="tr_2_tl_8" custom="readingOrder {index:7;}">
                <Coords points="850,3541 2956,3490 3089,3451 3092,3357 853,3445"/>
                <Baseline points="865,3511 901,3511 946,3511 991,3508 1036,3508 1080,3508 1125,3508 1170,3505 1215,3502 1260,3502 1304,3502 1349,3496 1394,3493 1439,3493 1483,3496 1528,3493 1573,3490 1618,3490 1663,3487 1707,3484 1752,3484 1797,3481 1842,3481 1887,3481 1931,3481 1976,3478 2021,3475 2066,3472 2110,3469 2155,3469 2200,3466 2245,3466 2290,3466 2334,3466 2379,3463 2424,3460 2469,3460 2514,3454 2558,3454 2603,3454 2648,3451 2693,3451 2738,3448 2782,3448 2827,3445 2872,3445 2917,3442 2961,3439 3006,3439 3051,3436 3096,3439"/>
                <TextEquiv>
                    <Unicode>Charles: Wer ist er eigentlich, dieser Franz?</Unicode>
                </TextEquiv>
            </TextLine>
            <TextLine id="tr_2_tl_9" custom="readingOrder {index:8;}">
                <Coords points="1084,3747 2163,3629 2954,3660 3123,3631 3126,3516 1087,3612"/>
                <Baseline points="1104,3660 1113,3660 1158,3660 1203,3660 1248,3660 1292,3660 1337,3657 1382,3657 1427,3654 1472,3654 1516,3651 1561,3648 1606,3648 1651,3648 1695,3645 1740,3645 1785,3642 1830,3642 1875,3642 1919,3639 1964,3639 2009,3636 2054,3633 2099,3633 2143,3630 2188,3627 2233,3624 2278,3621 2322,3621 2367,3621 2412,3618 2457,3618 2502,3615 2546,3612 2591,3612 2636,3609 2681,3609 2726,3603 2770,3603 2815,3603 2860,3600 2905,3600 2950,3597 2994,3597 3039,3594 3084,3594 3129,3597"/>
                <TextEquiv>
                    <Unicode>was ist er?... Sie ist auf einem schlechten</Unicode>
                </TextEquiv>
            </TextLine>
        </TextRegion>
    </Page>
</PcGts>
