3384 4216
2737 589 2865 737 17
715 1206 2868 1363 Charles: Gläser! Er öffnet die Champagner-
944 1393 2957 1497 flasche: So! Schenkt eon! So! - Sie,
955 1511 2901 1706 Anita, trinken Sie nur. Na ja, Sie können
958 1703 2254 1851 auch auf mein Wohl trinken.
734 1851 2977 1980 Anita: O, Herr Charles!... :Sie will trinken:
740 1980 2862 2139 Charles: Nehmen Sie sich das Glas gefälligst
955 2161 2304 2321 mit. Trinken Sie's draussen.
748 2326 1332 2480 Anita: p:ab:
740 2731 2921 2943 Mutter: Charles, mein liebes Kind, sie at mir
989 2952 1310 3080 gesagt
751 3094 2957 3250 Charles: So?... Weiber, Weiber! - ###n übrigens
991 3211 2988 3418 das spielt jetzt keine Rolle. Auf acht Gul
997 3382 2873 3558 den monatlich soll's mir nicht ankommen.
1687 3513 2938 3714 Ja, aber wie wird das sein
754 3583 1614 3706 Mutter: trinkt:
