3352 4184
2783 547 2921 668 53
1091 865 2269 1039 :Es klingelt noch einmal:
1827 984 1926 1080 omn
1429 1030 1629 1099 (u)
709 1041 2552 1302 Charles: Was hat denn das zu bedeuten?
739 1451 2951 1665 Der Vater: tritt ein. Grosser Herr, schwarzer
1291 1638 1420 1698 Votre
934 1651 1223 1736 .... - - -
986 1599 2715 1824 Gehrock, rotes Bändchen im Kttopfloch,
981 1819 2352 1978 schwarzgefärbter Schnurrbart:
750 1981 2261 2118 Mutter: Da hört sich alles auf!
761 2146 1720 2286 Mathilde: Mon père!
767 2308 1816 2451 Charles: Guten Abend.
780 2385 2995 2618 Vater: Habt ihr für mich auch noch einen Platz
1019 2602 1844 2767 an diesem Tische?
789 2728 2967 2899 Mutter: Halunke! Filpu! Seit sieben Jahren ab
1025 2868 2926 3041 ik niks von ihm geört!... Jetzt kommt er
1033 3028 3069 3201 mitten in der Makt!... Vor sieben Jahren at
1044 3184 3044 3363 er mir alles davongetragen - alles! Küchen-
1055 3379 2239 3514 geschirr und Bettzeug!...
816 3481 2989 3682 Vater: Man muss doch haben, wo man sein Haupt
