4344 5480
1118 247 1305 557 1
2017 493 2300 621 — 26 —
1023 776 1715 959 (Es klingelt).
629 939 2519 1126 Mathilde: Donnerwetter, was ist denn das?
609 1086 1898 1301 Mutter: Wer kann das sein?
617 1257 2634 1496 Mathilde:Anitta Ringelspiel, sehen Sie nach!
1046 1436 2538 1647 (ab). (Es klingelt noch einmal).
605 1452 967 1623 Anitta:
617 1588 2427 1786 Charles: Was hat denn das zu bedeuten?
3796 175 3971 442 " "
3179 231 3577 446 : —:   =
1599 1695 2590 1950 (Der Vater tritt ein.
1023 1890 3756 2077 Grosser Herr, schwarzer Gehrock, rothes Bändchen im Knopf-
1023 2053 2717 2264 loch, Schwarzgefärbten Schnurrbart.
1034 2228 2145 2439 Da hört sich alles auf.
597 2172 971 2431 Mutter:
613 2383 1500 2586 Mathilde:Mon père!
617 2527 1607 2721 Charles: Guten Abend.
1034 2626 3724 2849 Habt Ihr für mich auch noch einen Platz an diesem Tische?
625 2694 903 2889 Vater:
1027 2821 3871 3024 Halunke! Filou! Seit sieben Jahren hab ik nik von ihm gehört.
617 2861 987 3040 Mutter:
609 2960 3808 3211 Jetzt kommt er mitten in der Nakt. Vor sieben Jahren at er mir alles
1034 3151 3390 3286 davongetragen. Alles! Küchengeschirr und Bettzeug.
1027 3263 3796 3533 Man muss doch haben, wo man sein Haupt hinlegt. (zu Franz:)
629 3330 935 3509 Vator:
1034 3497 3720 3641 Ich heisse Narciss Delorme, ich bin aus einer Emignanten¬
1038 3660 3800 3832 familie. Im Jahre 1792 mussten wir Paris und unsere Schlös-
1038 3764 3851 3971 ser in Frankreich verlassen. Unsere Güter wurden eingezogen,
1027 3959 4011 4150 unsere Rinder- und Schafherden verkauft, ein Delorme liess sein
1027 4142 3812 4325 Haupt auf dem Schaffot. Und mit wem habe ich das Vergnügen?
1023 4305 3871 4476 Dass Sie ein anständiger Mensch sind, sehe ich Ihnen an. Man
1034 4397 3788 4663 hat ein Auge dafür. Ihr Name ist mir gleichgiltig, denn es
1038 4639 3668 4866 ist wahrscheinlich, dass wir uns nie wiedersehen werden.
