3320 4056
2815 270 2950 453 55-
2922 321 3085 525 61
730 569 2997 742 giesst. Ich will nicht viele Worte machen - hier
749 717 2991 871 erheb' ich den schäumenden Becher und trinke auf
749 843 2956 1028 den sympathischen jungen Mann, der heute zum er¬
749 1000 2868 1205 sten und hoffentlich nicht letzten Male unter
745 1179 2912 1352 uns weilt und -dem ich wünsche, dass er sich in
752 1308 3041 1488 unserm stillen kleinen Kreise so recht von Herzen
764 1453 2978 1642 wohl und behaglich fühlen möge! Herr Franz, ich
767 1601 2947 1840 bin so frei, Ihnen das Du anzutragen. I:Hände-
774 1799 2164 1972 druck: So! Und nun ein Kuss!
532 1947 1950 2126 Mutter: Er hat ein gutes -Erz!
535 2098 2994 2249 Mathilde: Nun, Herr von Knips, wie fühlen Sie sich?
777 2233 3038 2396 Nun? Man muss wol aus dem Irrenhause entsprungen
789 2365 2909 2566 sein, um von Ihnen einer Antwort gewürdigt zu
796 2613 1145 2742 werden?
560 2692 3085 2893 Franz: schluchzt plötzlich laut auf, dann beginnt er
745 2868 2393 3035 zu weinen. Alle sind um ihn bemüht:
569 3003 2463 3176 Mutter: Was 'aben Sie denn, 'err Franz?
538 3170 1878 3371 Anita: Der arme junge Herr!
579 3337 2148 3507 Mathilde: Knips! so sprich doch!
585 3437 3060 3667 Charles Ich bin nur froh, dass er endlich einen Zu-
