4280 5448
1539 239 1882 436 1:1 (1:)
2203 239 2374 447 1
3701 250 3914 432 1 /
1946 429 2199 645 18
1096 746 1513 958 Charles!
645 783 951 977 Elsa:
678 939 3668 1111 Charles: Und dann werden wir sehen, was sie sagen werde, Deine
1133 1074 4003 1290 geschätzten Herrn Eltern, dann wollen wir sehen, ob ich Un¬
1096 1234 3813 1439 noch zu schlecht sein werde. Ja, auf den Knien werden sie
1085 1435 3988 1607 mich bitten, im Triumph werden wir einziehen, Rosanguirlanden
1096 1577 3802 1763 werden über dem Eingang prangen. Bengalisch wird der Park
1096 1771 3933 2005 beleuchtet sein. Vor dem Thor wird ein Transparent leuchten:
1115 1927 1737 2091 "Willkommen".
1096 2087 2781 2281 Was für ein Thor? Was für sin Park?
663 2091 932 2259 Elsa:
1096 2255 2195 2434 Nun, Euer Ischler Park.
682 2240 1062 2479 Charles :
1096 2363 3426 2568 Der Park, ach Gott, der gehört uns ja nicht mehr.
678 2430 939 2579 Elsa:
1103 2568 1409 2714 Wieso?
682 2557 1074 2770 Charles:
1092 2658 3146 2889 Ach Gott, die Villa ist ja längst verkauft.
682 2740 932 2907 Elsa:
1096 2866 2833 3019 Charles: Seit wann denn? Warum denn?
1148 3012 3664 3191 Ja, wahrscheinlich, weil Papa das Geld gebraucht hat.
682 3042 928 3217 Elsa:
1103 3172 2971 3362 Warum hat Dein Papa das Geld gebraucht?
682 3217 1074 3373 Charles:
1133 3358 2870 3519 Nun, weil wir zugrund gegangen sind.
693 3358 947 3526 Elsa:
693 3485 2688 3660 Charles: Zugrundgegangen? Du scherzt wohl?
1115 3679 3769 3810 O nein, ich hab es ja längst gealnt. Dass es so arg ist,
697 3660 939 3847 Elsa:
1107 3806 3795 3981 hab ich freilich nicht gewusst. Heut Abend erst in seiner
1115 3962 2404 4156 Wuth hat Papa alles gesagt.
1115 4111 2837 4283 Er wird Dich haben schrecken wollen.
693 4123 1047 4328 Charles
1115 4320 3672 4462 O nein, das geht ja jetzt schon seit ein paar Monaten.
678 4309 947 4495 Elsa:
1115 4425 3806 4618 Ich habe ja oft Papa und Mama reden hören, ich schlafe ja
1103 4641 1510 4786 nebenan.
697 4730 3481 4928 Charles: Zugrundgegangen? Ihr seid absolut zugruadgegangne?
