3368 4184
210 334 2215 693 1. Wie lassen konntete nach sein.
186 591 1965 826 drukte hat ihm schon gerettet
251 783 1674 1015 hant sont fr. (trous)
572 891 2648 1169 Ersicht kein gute Verhältnrs Sympatsch
241 1104 2076 1386 Gewärz. Wir auch wenn gibt
303 1346 2617 1618 Uhr werde, kennt doch endlich für sich sorgen,
1157 1569 2444 1819 Tit schon X. werth
282 1609 1086 1825 Mrs S.M.
251 1751 2370 2048 en Paulin machen, somit ist a
272 2002 2580 2280 den Krankaliskler Zusser - daß die
229 2262 2521 2481 ein bester – neulich hat er mir
269 2534 786 2772 zentrübel.
424 2695 1751 2939 Franz wird gemeldet.
467 2924 1528 3134 Küster nachmühtig
334 3054 2822 3307 2. Müller in Nubrammelf. Ich bin nicht hoffe ud
452 3292 2593 3610 faren hand zum, wenn wird sie sich
433 3586 872 3842 General
470 3784 724 3997 have
