4280 5560
2008 408 2235 604 11a—
1023 785 2163 1068 Du bist ja nikt zuhaus.
612 989 2458 1216 Charles: Das muss alles anders werden.
1076 985 3662 1340 Mathilde ist ja so roh zu mir, besonders in der letzten
729 1219 925 1397 uute
1053 1310 1812 1491 Zeit (trinken).
649 1416 2703 1699 Charles: Franz, das ist Franz ohne Zunaman.
1080 1563 3586 1793 Ja, er reizt sie auf gegen mich, ik merk es son lang.
646 1650 1008 1861 Mutter:
1080 1687 3318 1967 Wer ist er eigentlich dieser Franz. Was ist ein?
642 1812 1061 2005 Charles:
1083 1846 3741 2080 Sie ist auf einem schlechten Weg. Der Graf war ein Edel-
1099 2005 3564 2250 mann. Erinnerst Du Dich, Mama (beinahe schluchzend:)
1114 2152 3715 2405 wie oft ist der Graf hier gesessen an diesem Tisch, hat
1102 2329 3401 2571 unser frugales Mahl mit uns geteilt. Was für ein
1117 2529 2597 2782 charmanter, reizender Edelmann!
1129 2707 1586 2888 Ach Gott!
1144 2733 3828 3028 Sie hat kein Herz Mathilde. Alles in diesem Zimmer müsste
706 2699 1061 2914 Mutter:
713 2892 1102 3073 Charles
1125 2911 3877 3175 sie an ihn mahnen, wenn sie nur einen Funken Gefühl hätte.
1159 3107 3284 3307 Natürlik. Diese Möbel diese Uhr, diese Vase.
747 3171 1072 3352 Mutter
740 3235 3775 3492 Charles: Es war sein Verlobungsgeschenk. Ja, diese Vase war seiin
1163 3375 3771 3628 Verlobungsgeschenk. Der Graf hätte sie heimgeführt, sie
1163 3533 3647 3798 wäre sein ehelich Gemahl geworden. Frau Gräfin! Aber
1170 3703 3771 3922 dieser Franz. Wann werd' ich endlich seinen Zunamen er-
1185 3832 3790 4043 fahren? Was ist er? Neulich einmal ist sie mit ihm hier
1185 4002 3764 4220 durchs Zimmer gekommen. Ja Mutter, während ich hier am
1189 4160 3749 4360 Tische sass. Er hat sich verbeugt und dann ist sie mit
1193 4387 2050 4587 ihm verschwunden.
1216 4470 3926 4719 Arme Mathilde! Sie ist ja zu gut. Er at ihr den Kopf ver-
774 4556 1140 4734 Mutter
1219 4621 3828 4892 dreht. Er at sie verzaubert. Seit einem Monate lebt sie
