3416 4184
2778 567 2893 693 57
932 845 2935 1050 zusehen. Zur Mutter: Habe keine Angst,
940 1013 2868 1224 altes Weib, es ist nur eine kleine Fahrt-
946 1156 2907 1369 unterbrechung. Bitte. :Er zieht sein Bil¬
949 1364 2781 1507 XXX let aus der Westentasche. Zu Franz:
965 1518 2832 1664 Wollen Sie sich überzeugen, junger Mann,
957 1667 2874 1821 hier hat der Stationschef einen Knips ge-
963 1880 1280 2018 macht.
755 1981 2262 2133 Franz: bestätigt: Ein Knips.
800 2079 3003 2307 Mathilde: Ha, Franz hat gesprochen! Ein Knips!
991 2279 2963 2470 Sag's noch einmal, Franz! Was hat der Sta¬
1005 2444 1855 2624 tionschef gemacht?
763 2624 1715 2767 Franz: Einen Knips.
772 2736 2329 2907 Mathilde: Ha, er ist entzückend!
783 2935 1729 3081 Vater: Knips mit p.
783 3087 1658 3213 Franz: Ja: Knips.
797 3199 3053 3384 Vater: Sie sprechen es mit einem weichen b aus.
1036 3368 2652 3564 Es heisst Knips mit einem harten p.
856 3556 1532 3713 Franz: Knips.
