3416 4216
2808 566 2942 763 30
757 1237 1600 1440 Mutter: Charles!
731 1380 3025 1560 Charles: Lass sie nur gehen, es ist ganz gut so.
954 1531 3013 1688 In dieses Haus hat sie langst nicht mehr ge¬
945 1674 2905 1828 hört, sie ist deine Tochter nicht mehr!
728 1851 2071 1971 Mutter: Wohin geht sie nur?
740 1988 2916 2142 Charles: Kämmere dich nicht drum; sie soll je
920 2188 1919 2319 hen, wohin sie will.
771 2288 3039 2522 Mutter: Ja, was soll ik denn ohne Mathilde tun?
745 2459 2942 2642 Charl###ma, hast du nicht mich?.. Ich bin
991 2622 3033 2771 ein reicher Mann. — Was braucht du von dem
980 2776 1948 2948 Siindengeld zu leben?
737 2939 2939 3125 Mutter: O Charles, du glaubst doch nikt, dass
991 3070 2919 3239 sie von diesem Franz je einen Kreuzer be-
988 3230 1488 3430 kommen at!
760 3388 2962 3525 Charles: Das hab' ich mir ja gedacht - so ein
985 3530 2619 3753 Lump!... Sie hat ihn ausgehalten!
