3400 4216
2782 614 2915 810 31
702 949 1673 1083 Mutter: Glaubst du?
716 1091 2838 1264 fikarles:  Gewiss.  So, Mama, jetzt lege dich
940 1239 2838 1406 schlaufen. Ich will auch zu Bett; morgen
938 1401 1960 1554 muss ich frisch sein.
719 1844 2375 2063 Anita: tritt auf: Herr Charles!
779 2000 2472 2168 Charles: Was wollen Sie, Caroussel?
736 2159 2705 2358 Anita: Herr Charles, es ist eine Dame da.
725 2333 2429 2455 Mutter: Eine Dame, c'est Babette!
730 2446 3012 2674 Charles: Aber nein, mit Babette ist ja alles in
969 2631 1352 2801 Ordnung.
736 2773 2961 2912 Anita: Nein, es ist nicht Fräulein Babett', es
963 2941 2171 3094 ist eine ganz junge Dame.
744 3105 1668 3270 Mutter: Noch eine?
784 3259 1571 3435 Charles: Hm.
