3400 4216
2792 596 2918 722 49
720 891 2879 1122 Mutter: O Charles, Charles! Sie ist da... sie
959 1116 1625 1251 ist wieder da!
728 1248 1687 1406 Charles: Wer? Elsa?
737 1372 2904 1563 Mutter: Mathilde! - Sie hat im Wagen unten ge¬
981 1594 1316 1732 wartet.
751 1712 1751 1858 Charles: Sie ist da?
748 1822 2859 1996 Mutter: Sie kommt gleich hinter mir. Aber du
976 2024 2387 2196 musst sie um Verzeiung bitten.
756 2196 1796 2322 Charles: Meinetwegen.
807 2291 2974 2454 Mutter: Err Franz war auch im Wagen; er kommt
992 2465 2513 2626 mit erauf. Ik ab ihn eingeladen.
767 2634 3025 2803 Charles: Du hast Recht getan, meine Mutter. Man
1009 2806 2418 2957 soll nicht unversöhnlich sein.
1167 2935 2651 3070 :MATHILDE und FRANZ treten ein:
832 3359 3022 3534 Franz: [:ein sehr hübscher, ganz junger Mensch
1026 3539 2893 3694 im Ueberzieher, ist sich nicht sehr klar
