4216 5432
3300 198 3614 302 gevällä:
690 213 872 407 1
957 198 1154 368 1
1433 190 1708 329 1
1937 376 2204 581 - 9 -
693 752 3661 1030 Charles: Liebe Mama, mach Dir keine Sorgen. Es ist schon alles
1123 961 3835 1185 geordnet. Direkt vom Diner aus bin ich zu Betti gefahren.
1135 1116 3537 1302 Was, Du staunst? Ich liebe Ordnung in allen Dingen.
690 1236 1069 1495 Mutter:
1120 1274 1340 1457 Nun?
713 1414 3343 1623 Charles: Nun, Ich habe ihr die Sache einfach mitgeteilt.
709 1596 1058 1782 Mutter:
1112 1611 3087 1755 Noch Und sie at keine Erzkrämpfe gekriegt?
705 1755 1902 1941 Charles: O, im Gegenteil.
713 1921 1050 2088 Mutter:
1112 1921 3614 2061 Aber, wie ist denn das möglik? Nok gestern at sie zu
1120 2061 3548 2227 Mathilde gesagt, sie geht in die Donau, wenn Du sie
1131 2196 1561 2375 verlässt.
713 2301 3789 2510 Charles: Aber ich verlasse sie ja nicht. Was fällt Dir denn ein,
1096 2526 1379 2704 Mama?
1112 2677 3440 2855 Ach so, ach so! Was hast Du für ein gold 'nes Erz.
701 2646 1054 2839 Mutter:
1131 2805 2134 2994 Also Mama, auf Betti!
721 2839 1096 3010 Charles:
1120 2944 2266 3176 Auf Betti! (sie trinken)
721 2987 1046 3145 Mutter:
2394 3006 2665 3173 andle
1112 3072 3544 3324 Jetzt wollen wir aber auch einmal auf Elsa trinken.
705 3130 1081 3300 Charles :
1123 3231 3668 3463 (Beide trinken und beide beginnen allmählig leicht an-
1131 3432 2134 3634 geheitert zu werden).
693 3591 1046 3765 Mutter:
1131 3579 2317 3789 Sieht sie sehr jüdis aus?
713 3723 3827 3881 Charles: O nein, sie ist sogar scheid. Sie ist ein schönes, sanftes
1112 3897 3665 4095 Geschöpf. (Er wird weich) Sie wird Dir gefallen, Mama.
1100 4033 3789 4257 Du wirst sie lieb haben. Sie ist edel. Ich verdiene sie
1131 4168 2134 4377 vielleicht gar nicht.
1120 4304 3692 4563 Was für ein Unsinn! Du bist den schönste junge Mann in
690 4269 1046 4544 Mutter:
1120 4513 3827 4718 Wien und jetzt wirst Du auch fleissig werden in der Bank.
