4088 5432
898 165 1074 430 1:1
1761 372 2072 564 - 13 -
576 744 2149 1009 Charles: Mathilde, wir wünschen -
568 982 3473 1178 Mathilde:Wie, bist Du es, Hallunke? Was wagst Du? Brauchst Du
998 1101 1773 1312 vielleicht Geld?
576 1278 3657 1447 Charles: Wir wünschen, dass Du den Abend im Kreise Deiner Familie
1005 1389 1547 1585 verbringst.
576 1543 2441 1758 Mathilde:Familie? Ha! Na! (Totenstille)
1036 1712 2103 1919 (zur Türe) Alles still.
572 1738 944 1896 Mutter:
1009 1784 3419 2038 Nur Geduld, Mutter. Sie wird kommen. Herr Franz mag
576 1888 963 2088 Charles
998 1976 3722 2237 unterdess durchs Hinterpförtchen verschwinden. So beruhige
1025 2195 3565 2333 Dich doch, Maria, es wird alles gut. (Holt ein Glas aus
994 2349 3473 2563 der Kredenz) Dieses ist für Mathilde. Wir werden ihr
1025 2525 2563 2682 verzeihen. Ja, ich liebe Ordnung.
1036 2586 3546 2817 (an der Türe) Ganz still. Am Ende haben sie sich umge-
591 2648 944 2863 Mutter:
1009 2732 3431 2970 bracht. Mathilde! (zärtlich:) Mathilde' Mein liebes
1005 2920 3465 3124 Kind, was machst Du denn? Warum antwortest Du nicht?
1005 3062 2253 3304 Es ist ja alles nur Spass.
1028 3266 1892 3446 Es ist kein Spass.
595 3270 994 3431 Charles :
1025 3358 3561 3565 Es rührt sich nichts. Mathilde! Bist Du tot, Mathilde?
606 3400 944 3588 Mutter:
1036 3550 2594 3719 Nichts! (zu Charles hin:) Mörder!
595 3692 3619 3880 Mathilde: (tritt angekleidet mit Mantel ausder Türe, steckt eben
1036 3868 3623 4098 den Hut fest und will einfach durchs Zimmer fortgehen).
583 4014 1485 4237 Mutter: Mathilde!
606 4164 1627 4352 Charles: Was tust Du?
602 4256 3488 4501 Mathilde: (zornbebend:) Was ich tue? Ich verlasse dieses Haus.
622 4498 979 4647 Charles
599 4517 1562 4751 u. Mutter: Mathilde!
