3384 4216
1004 915 1224 1065 lak.
776 1028 2450 1189 Mathilde: Bei diesem Börsenjobber?
791 1215 1374 1348 Mutter: Ja.
791 1287 3108 1484 Mathilde: Es wird doch damit enden, dass er eine
1042 1489 2277 1639 Tochter Israels heimführt.
851 1660 1821 1804 Mutter: Gott geb's.
811 1709 3134 1960 Mathilde: Wieviel Töchter hat denn dieser Judas?
823 1919 3062 2095 Mutter: Eine einzige. Sie bekommt eine Million
1065 2058 3106 2295 Mitgift. Sie ist ja so verliebt in Charles!
837 2214 3120 2424 Mathilde: Das ist allerdings begreiflich. Char¬
1077 2384 2990 2586 les ist dazu geboren, ein Dollarkönig zu
1088 2586 1452 2756 werden.
854 2652 3178 2886 Mutter: Ja, mein liebes Kind, der ist klüger als
1114 2924 1273 3048 du.
875 2987 3158 3186 Mathilde: Was soll denn das nun wieder heissen?
892 3120 3088 3339 Mutter: Ach Gott, mein liebes Kind, rege dich
1134 3313 3094 3481 doch nicht auf. Ins nur weiter. Ik abe ja
1140 3518 1758 3680 nikts gesagt.
