4248 5448
2466 159 2750 371 1:1
2057 330 2344 492 - 10 -
708 720 3594 1026 Charles: Ja ja, Mama, ich werde ein neues Leben beginnen. Ja.
1095 947 3632 1136 Ist es nicht traurig, Maria, dass wir dieses Fest ohne
1117 1125 2576 1318 meine Schwester feiern müssen?
708 1307 3568 1477 Mutter: Mein lieber Charles, was soll ik maken? Ik kann sie
1144 1424 2288 1644 jetzt nikt rufen lassen.
712 1587 1451 1776 Charles: Warum?
1125 1769 3394 1935 Aber Charles, sie plaudern jetzt wahrscheinlik.
701 1761 1057 1943 Mutter:
716 1867 2882 2113 Charles: Gute Mama, Du kannst die Welt nicht.
720 2049 3765 2276 Mutter: Nun Charles, trinken wir doch auf das Andenken von Deine
1136 2212 1632 2401 arme Papa.
712 2356 3617 2519 Charles: Auf den armen Papa. Wo ist er denn jetzt eigentlich?
1136 2477 3621 2636 Was weiss ik? Seit er mit diesem Frauenzimmer durch-
720 2530 1064 2723 Mutter:
1136 2674 3806 2856 gegangen ist vor sieben Jahren, ab ik nikts mehr von ihm
1144 2844 1481 2973 geört.
720 2935 2674 3174 Charles : Du hast viel durchgemacht, Mama.
1144 3098 3568 3288 Ja, was für ein Leben ab ik geführt. Wie at mik das
720 3159 1091 3299 Mutter:
1136 3261 2674 3466 Schicksal behandelt. (Sie weint)
739 3378 3621 3572 Charles: Meine arme Mama! Wir haben viel durchmachen müssen.
1167 3579 3541 3784 (Beide sind sehr gerührt) Aber alles muss man sich
1155 3742 2212 3939 nicht gefallen lassen.
720 3894 1417 4068 Mutter: Nein.
739 4015 3731 4238 Charles: Alles nicht. Wir wollen sie rufen. Wie wollen Mathilde
1167 4181 1799 4348 rufen lassen.
742 4318 2981 4553 Mutter: Charles aber nein, es ist ja unmöglik.
723 4477 1951 4708 Charles: Warum unmöglich?
