3304 4024
2775 470 2900 604 59
951 789 2239 991 : Der VATER tanzt mit ANITA:
735 963 2937 1117 Mathilde: zur Mutter: Er ist ja nicht böse,
934 1134 1892 1268 er ist nur irrsinnig
957 1248 2755 1402 Der VATER lässt ANITA plötzlich hin-
1308 1450 1641 1595 sinken:
698 1573 2983 1695 Vater: Es wird spät. Meine Karte verfällt, meine
937 1746 2954 1889 Schlösser verfallen, der Sultan wartet, der
923 1883 2920 2028 Zug fährt ab. Wo ist mein Knips? Da, da,
940 2006 2977 2171 Gott sei Dank! - Ich habe euch gesehen, mei¬
932 2174 2812 2310 Lieben, ich weiss, dass ihr alle wohl
932 2330 2883 2527 seid, klingkling, trara!..:Er pfeift
949 2484 2345 2609 wie eine Lokomotive; rasch ab:
706 2718 2880 2997 Mathilde: Der Mann wäre imstande, mich nervös
937 2977 1433 3119 zu machen.
709 3023 2877 3233 Mutter: So ein Filou! Mein Bettzeug at er mir
937 3270 2843 3416 gestohlen, das ganze Küchengeschirr, die
951 3430 2176 3638 Vorhänge, die Teppiche....
