3368 4216
819 841 2179 1030 Anita: Ja, Fräulein, bitte -
768 994 3034 1185 Mathilde: Sie irren sich, Fräulein Ringelspiel,
1008 1191 1880 1346 es ist Essigsäure.
787 1335 2825 1487 Anita: Ich will eine andere Flasche holen.
787 1465 3057 1637 Mathilde: Bemühen Sie sich nicht, Fräulein min-
1027 1589 3088 1812 gelspiel. Für eine kleine Operettensängerin
991 1775 3006 1953 ist Essigsäure gut genug. Warum sind Sie
1002 1933 2955 2106 denn so traurig? Wer ist Ihnen denn schon
1005 2123 2111 2266 wieder untreu geworden?
821 2250 1773 2436 Anita: O, Fräulein
821 2396 2408 2568 Mathilde: Mein Bruder, der Lamp?
835 2594 1744 2732 Anita: O Fräulein!
833 2687 2475 2873 Mathilde: No, was haben Sie denn?
847 2831 3017 3026 Anita: Fräulein, Fräulein! O Gott, o Gott!...
1084 3006 2616 3189 Ich trau' mich's nicht zu sagen.
861 3133 3012 3345 Mathilde: Ach so!... Mutter, und du lässt so
1101 3367 1552 3528 etwas zu?
855 3446 3105 3664 Mutter: Was soll ich denn tun? Es ist ja immer
