3368 4216
2816 559 2948 668 20
786 873 2934 1058 Charles: Ja ja, Mama, ich werde ein neues Le¬
985 1028 2906 1216 ben beginnen. Ja. Ist es nicht traurig,
988 1165 3077 1364 Mama, dass wir dieses Fest ohne meine Schwes¬
1011 1367 1873 1533 ter feiern müssen?
769 1477 3029 1687 Mutter: Mein lieber Charles, was soll ik maken?
1011 1637 2715 1861 Ik kann sie jetzt niht rufen lassen.
834 1861 1612 2005 Charles: Warum?
795 1915 2984 2137 Mutter: Aber Charles, sie plaudern jetzt wahr¬
1036 2165 1519 2297 scheinlik.
811 2246 2956 2445 Charles: Gute Mama, du kennst die Welt nicht!
2698 2291 3094 2428 in Sle
797 2406 3026 2614 (Mutter: Nun, Charles, Trinken wir doch auf -das
1962 2530 2179 2633 au
1061 2490 3164 2735 Andenken von deine armen Lager gute Paze
825 2706 3069 2909 Charles; Auf den armen Papa. — (Wo ist er denn)
2339 2813 3231 2993 to a mag - juge
1075 2869 1929 3080 jetzt eigentlich?
2454 2920 2698 3071 &c
848 2987 3066 3203 Mutter: Was weiss ik? Seit er mit diesem Frau¬
1095 3206 3060 3369 enzimmer durchgegangen ist vor sieben Jah¬
1098 3363 2793 3507 ren, ab ik nikts mehr von ihm geört.
912 3512 2903 3712 Charles: Du hast viel durchgemacht, Mama¬
