4344 5464
1331 245 2623 521 1 — 24 —
988 257 1256 450 : 1:
600 648 3294 956 Charles: No (Er folgt ihr) (Es klingelt): Was ist denn das
565 873 3310 1134 Anitta: (eilt hinaus. Gleich darauf erscheint die Mutter).
561 1070 3326 1252 Mutter: O Charles, Charles! Sie ist da, sie ist wieder da.
569 1232 1458 1434 Charles: Wer? Elsa?
592 1355 2951 1596 utter: Mathilde! Sie hat im Wagen unten gewartet.
944 1564 1517 1730 Sie ist da?
565 1564 912 1734 Charles
964 1718 3828 1924 Sie kommt gleich hinter mir. Aber Du musst sie um Verzeihung
573 1726 893 1936 Mutter:
968 1872 1327 2014 bitten.
964 2042 1576 2240 Meinetwegen.
557 2046 916 2248 Charles
956 2176 3903 2350 Herr Franz war auch im Wagen. Er kommt mit herauf. Ich hab ihn
565 2216 881 2417 Mutter:
956 2327 1505 2536 eingeladen.
956 2461 3788 2690 Du hast recht getan, meine Mutter, man soll nicht unversöhn-
557 2488 920 2694 Charles:
964 2646 1556 2864 lich sein. M
1675 2801 3196 2962 (Mathilde und Franz treten ein).
972 2966 3800 3188 (Franz ein sehr hübscher, ganz junger Mensch im Ueberzieher,
964 3160 3914 3385 ist sich nicht sehr klar über das, was vorgeht, bleibt ununter-
956 3310 1702 3512 brochen still).
600 3472 2291 3681 Charles: Schwester, sei mir gegrüsst.
577 3630 2216 3839 Mathilde: Du bist wohl ein Halunke.
589 3764 3662 4001 harles: Kannst Du mir verzeihen? Soll ich mich auf ein oder beide
956 3978 2986 4144 Knise niederwerfen? (schickt sich dazu an).
589 4001 3756 4341 Mathilde:Na, es ist schon wieder gut. Wir wollen die Sache nicht auf
956 4353 3666 4527 die Spitze treiben. Aber Franz musst Du um Entschuldigung
956 4475 1339 4661 bitten.
612 4633 3567 4823 harles: Herr Franz, hier reich' ich Ihnen meine biedere Rechte.
