4280 5480
3434 250 3716 472 1:1 1 1
2132 250 2382 496 „ „
2071 544 2329 778 - 28 -
306 653 488 979 M r r
234 947 496 1124 Te3 eV
887 879 3671 1149 irrsinnig erklärt hat und seit vier Wochen bin ich in einem
866 1076 3647 1330 Irrenhaus. Vorgestern hab' ich meinen Wärter totgeschlagen,
866 1286 3748 1467 bin durchgegangen und habe mir ein Billet nach Konstantinopel
854 1427 3498 1616 genommen, um dem Saltan meine Angelegenheit vorzutragen.
854 1580 3728 1765 Dort werde ich Gerechtigkeit finden. Da bin ich nun hier aus-
862 1801 3728 1946 gestiegen, um doch meine Familie wiederzusehen. (Zur Mutter:)
854 1951 3635 2168 Habe keine Angst, altes Weib, es ist nur eine kleine Fahrt-
862 2108 3623 2297 unterbrechung. Bitte. (Er zieht sein Billet aus der Westen-
854 2317 3623 2519 tasche. Zu Franz: ) Wollen Sie sich überzeugen, junger Mann,
838 2450 3022 2611 hier hat der Stationschef einen Knips gemacht.
862 2603 1955 2789 (bestätigt:) Ein Knips.
540 2495 725 2789 anz :
536 2789 3772 3027 thilde: Ha, Franz hat gesprochen! Ein Knips! Sag's noch einmal, Franz.
838 2942 2406 3139 Was hat der Stationschef gemacht?
504 3059 717 3248 ranz:
838 3079 1443 3236 Einen Knips.
520 3204 1886 3397 Ithilde Ha, er ist entzückend!
516 3385 705 3595 ter:
814 3377 1459 3546 Knips mit p.
826 3506 1342 3712 Ja: Knips.
492 3575 705 3756 anz:
508 3740 705 3917 ter:
818 3704 3675 3893 Sie sprechen es mit einem weichen b aus. Es heisst Knips mit
818 3849 1548 4070 einem harten p.
802 4066 1132 4264 Knips.
484 4082 701 4264 anz:
814 4240 3595 4449 Knips. (Er zieht einen Revolver:) Ich bin nicht hergekommen,
500 4236 701 4445 ter:
806 4413 3643 4606 um mich verhöhnen zu lassen. (Er legt auf Franz an. Mathilde
814 4538 2112 4772 schüttelt sich vor Lachen).
