3304 4120
204 253 1852 562 Endlicherscheint belehlt,
2025 281 2742 550 of friend
1886 225 1976 454 e
182 513 2158 760 I. ich ges. mit ihm!... Bande Ab.
262 722 2331 997 Sohn ihr sich verzeugt. Lehr um 4
2421 793 2745 966 sulf
281 948 2581 1223 Die Coll andersie ich huldet sehr
210 1235 2689 1528 - beille jetzt leuern. Ein jungen hördchen.
238 1479 2405 1748 - Robakh hincend Cen Seal, Cents
219 1710 2618 1982 also es ist an: le Zal sait me gebst. Uns
198 1939 2439 2208 Ich mich nicht, wie sie nur gehört habe,
157 2152 2433 2399 reich gewesen nicht noch. Sein Eltern
238 2408 2204 2665 weis. Vater zu freunde jegangen.
235 2609 1315 2837 Mrs Rue E.
1352 2621 2482 2905 lt nicht Weltigkeit
244 2859 1053 3100 augenblicklich
330 3050 834 3263 g. ist a
306 3230 1501 3443 hatfeld kehr zurück.
358 3412 2127 3668 Tho. Gold Knt. in Bousleme
364 3609 2634 3890 seite solen: die kann ohne 11 Maßen
