3400 4216
2848 563 2977 692 33
979 916 1510 1097 ohnmächtig:
804 1039 3003 1192 Charles: Elsa, was giebt's denn?... Ich bitte
999 1206 3069 1352 Sie, reden Sie doch! Was ist denn geschehen?
761 1384 2291 1573 Elsa: Charles, lieben Sie mich?
775 1510 2811 1662 Charles: Welche Frage! Ich bete Sie an!
772 1639 2932 1812 Elsa: Nun, da bin ich. Ich habe keine Eltern
996 1809 3012 2027 mehr, ich habe nur mehr dich. Sie haben
1008 1993 1978 2145 mich hinausgeworfen!
787 2130 2558 2271 Charles: Das ist doch nicht möglich!
787 2286 3092 2438 Elsa: Ja, verstossen!.. Ich habe nur mehr dich.
795 2449 2036 2604 Charles: So erzähle doch!
798 2567 2845 2725 Elsa: Sie haben mir erklärt, dass sie eher
1042 2725 3055 2926 sterben, als dass sie je ihre Einwilligung
1045 2923 1680 3075 geben werden.
821 3018 3127 3288 Charles: Na, dafür lass' mich sorgen, mein Kind.
1065 3227 2070 3359 Sie werden sie geben.
824 3313 3069 3506 Elsa: Man hat dich bei ihnen verleumdet... Sie
1057 3468 2535 3730 sagen, du bist ein Taugenichts!
