<?xml version="1.0" encoding="UTF-8" standalone="yes"?>
<PcGts xmlns="http://schema.primaresearch.org/PAGE/gts/pagecontent/2013-07-15" xmlns:xsi="http://www.w3.org/2001/XMLSchema-instance" xsi:schemaLocation="http://schema.primaresearch.org/PAGE/gts/pagecontent/2013-07-15 http://schema.primaresearch.org/PAGE/gts/pagecontent/2013-07-15/pagecontent.xsd">
    <Metadata>
        <Creator>prov=READ-COOP:name=TrHtr:version=2.1.0:model_id=51170:date=30_07_2023_08:31</Creator>
        <Created>2023-05-10T13:47:54.490+02:00</Created>
        <LastChange>2023-07-30T08:31:45.013+02:00</LastChange>
        <TranskribusMetadata docId="1428595" pageId="55414638" pageNr="46" tsid="131488146" status="IN_PROGRESS" userId="64420" imgUrl="https://files.transkribus.eu/Get?id=JWULFNPOZUSHXKHPVJVGUKCB&amp;fileType=view" xmlUrl="https://files.transkribus.eu/Get?id=CZOROHTIDKSFLQHVJFDUNTKB" imageId="44688772"/>
    </Metadata>
    <Page imageFilename="1428595_0046.jpg" imageWidth="3400" imageHeight="4216">
        <ReadingOrder>
            <OrderedGroup id="ro_1711790203819" caption="Regions reading order">
                <RegionRefIndexed index="0" regionRef="tr_1"/>
                <RegionRefIndexed index="1" regionRef="tr_2"/>
            </OrderedGroup>
        </ReadingOrder>
        <TextRegion id="tr_1" custom="readingOrder {index:0;}">
            <Coords points="734,633 2979,633 2979,1831 734,1831"/>
            <TextLine id="tr_1_tl_1" custom="readingOrder {index:0;}">
                <Coords points="2790,679 2832,698 2837,709 2863,729 2871,721 2877,726 2885,721 2913,723 2922,608 2896,611 2888,603 2857,614 2837,594 2826,600 2795,597"/>
                <Baseline points="2806,692 2833,689 2878,686 2923,683"/>
                <TextEquiv>
                    <Unicode>37</Unicode>
                </TextEquiv>
            </TextLine>
            <TextLine id="tr_1_tl_2" custom="readingOrder {index:1;}">
                <Coords points="948,1091 2302,1068 2431,995 2893,1049 2936,942 2591,900 2190,964 1508,889 1144,998 950,979"/>
                <Baseline points="964,1056 970,1054 1015,1048 1059,1048 1104,1045 1149,1045 1194,1045 1239,1042 1283,1042 1328,1039 1373,1039 1418,1036 1463,1036 1507,1033 1552,1033 1597,1030 1642,1030 1686,1030 1731,1027 1776,1027 1821,1024 1866,1024 1910,1024 1955,1021 2000,1021 2045,1018 2090,1018 2134,1018 2179,1015 2224,1015 2269,1012 2314,1012 2358,1009 2403,1009 2448,1006 2493,1003 2537,1006 2582,1003 2627,1003 2672,1000 2717,1000 2761,997 2806,1000 2851,997 2896,997 2941,1000"/>
                <TextEquiv>
                    <Unicode>geben, Klavierstunden. Aber wir werden</Unicode>
                </TextEquiv>
            </TextLine>
            <TextLine id="tr_1_tl_3" custom="readingOrder {index:2;}">
                <Coords points="936,1211 1180,1231 1329,1197 1427,1192 1452,1214 1660,1186 1660,1122 1640,1119 1357,1136 1211,1093 1110,1152 942,1091"/>
                <Baseline points="955,1194 994,1197 1039,1197 1083,1197 1128,1197 1173,1194 1218,1194 1263,1191 1307,1188 1352,1185 1397,1185 1442,1185 1486,1185 1531,1185 1576,1182 1621,1182 1666,1179"/>
                <TextEquiv>
                    <Unicode>beisanmen sein.</Unicode>
                </TextEquiv>
            </TextLine>
            <TextLine id="tr_1_tl_4" custom="readingOrder {index:3;}">
                <Coords points="1646,1276 1668,1276 1685,1259 1693,1259 1699,1264 1707,1264 1713,1259 1741,1262 1741,1214 1722,1211 1707,1220 1696,1217 1688,1225 1660,1214 1646,1214"/>
                <Baseline points="1660,1251 1704,1248 1749,1248"/>
                <TextEquiv>
                    <Unicode>G.H.F.P.</Unicode>
                </TextEquiv>
            </TextLine>
            <TextLine id="tr_1_tl_5" custom="readingOrder {index:4;}">
                <Coords points="718,1374 2770,1351 2874,1340 2877,1245 2464,1211 1965,1295 1279,1211 718,1287"/>
                <Baseline points="734,1355 779,1358 824,1355 868,1355 913,1355 958,1352 1003,1352 1048,1352 1092,1352 1137,1349 1182,1346 1227,1346 1271,1346 1316,1343 1361,1346 1406,1343 1451,1340 1495,1337 1540,1337 1585,1334 1630,1334 1675,1331 1719,1331 1764,1328 1809,1328 1854,1328 1898,1325 1943,1325 1988,1325 2033,1322 2078,1322 2122,1316 2167,1316 2212,1316 2257,1316 2302,1313 2346,1310 2391,1310 2436,1307 2481,1307 2526,1307 2570,1304 2615,1304 2660,1304 2705,1301 2749,1301 2794,1298 2839,1298 2884,1298"/>
                <TextEquiv>
                    <Unicode>Charles: Ja, mein Schatz, - wir werden Kinder</Unicode>
                </TextEquiv>
            </TextLine>
            <TextLine id="tr_1_tl_6" custom="readingOrder {index:5;}">
                <Coords points="1999,1424 2016,1427 2033,1422 2044,1427 2050,1424 2055,1430 2064,1422 2083,1424 2092,1416 2097,1422 2103,1416 2122,1419 2125,1382 2111,1379 2083,1357 2055,1379 2050,1377 2024,1391 1999,1393"/>
                <Baseline points="2015,1418 2039,1415 2084,1412 2128,1412"/>
                <TextEquiv>
                    <Unicode>G.C.F.P.</Unicode>
                </TextEquiv>
            </TextLine>
            <TextLine id="tr_1_tl_7" custom="readingOrder {index:6;}">
                <Coords points="945,1528 2425,1520 2638,1466 2756,1514 2826,1407 2535,1365 2265,1436 1971,1388 948,1450"/>
                <Baseline points="964,1510 991,1507 1036,1504 1080,1501 1125,1501 1170,1501 1215,1501 1260,1501 1304,1504 1349,1501 1394,1498 1439,1495 1483,1492 1528,1489 1573,1489 1618,1486 1663,1486 1707,1486 1752,1483 1797,1480 1842,1483 1887,1480 1931,1480 1976,1477 2021,1477 2066,1475 2110,1475 2155,1475 2200,1477 2245,1477 2290,1475 2334,1475 2379,1472 2424,1469 2469,1469 2514,1466 2558,1463 2603,1460 2648,1460 2693,1460 2738,1457 2782,1454 2827,1454"/>
                <TextEquiv>
                    <Unicode>haben, ganz kleine anfangs, — Zwillinge.</Unicode>
                </TextEquiv>
            </TextLine>
            <TextLine id="tr_1_tl_8" custom="readingOrder {index:7;}">
                <Coords points="763,1722 1127,1733 1270,1665 1315,1710 1382,1724 1464,1660 1494,1665 1497,1579 1416,1601 1323,1579 1234,1607 1164,1581 1065,1626 998,1593 768,1584"/>
                <Baseline points="782,1672 785,1672 830,1669 874,1663 919,1666 964,1663 1009,1663 1054,1660 1098,1657 1143,1657 1188,1657 1233,1654 1277,1651 1322,1651 1367,1651 1412,1648 1457,1645 1501,1648"/>
                <TextEquiv>
                    <Unicode>Elaa: Charles!</Unicode>
                </TextEquiv>
            </TextLine>
            <TextLine id="tr_1_tl_9" custom="readingOrder {index:8;}">
                <Coords points="1416,1724 2493,1716 2526,1590 2159,1623 2103,1579 1940,1576 1803,1663 1693,1629 1416,1671"/>
                <Baseline points="1430,1722 1454,1722 1498,1719 1543,1716 1588,1713 1633,1713 1678,1710 1722,1710 1767,1707 1812,1707 1857,1710 1901,1704 1946,1704 1991,1704 2036,1707 2081,1704 2125,1707 2170,1704 2215,1701 2260,1698 2305,1695 2349,1695 2394,1689 2439,1681 2484,1678 2529,1678"/>
                <TextEquiv>
                    <Unicode>avec sur le point loin.</Unicode>
                </TextEquiv>
            </TextLine>
            <TextLine id="tr_1_tl_10" custom="readingOrder {index:9;}">
                <Coords points="721,1828 2607,1825 2972,1778 2975,1719 2826,1663 2627,1736 723,1755"/>
                <Baseline points="737,1818 740,1818 785,1818 830,1821 874,1818 919,1818 964,1815 1009,1812 1054,1809 1098,1809 1143,1809 1188,1806 1233,1806 1277,1803 1322,1803 1367,1803 1412,1803 1457,1800 1501,1800 1546,1800 1591,1797 1636,1797 1681,1794 1725,1794 1770,1791 1815,1791 1860,1788 1904,1788 1949,1785 1994,1785 2039,1785 2084,1782 2128,1785 2173,1782 2218,1779 2263,1779 2308,1776 2352,1776 2397,1773 2442,1776 2487,1773 2531,1770 2576,1770 2621,1770 2666,1770 2711,1767 2755,1767 2800,1764 2845,1764 2890,1758 2935,1758 2979,1761"/>
                <TextEquiv>
                    <Unicode>Charles: Und dann werden wir sehen, was sie sa¬</Unicode>
                </TextEquiv>
            </TextLine>
        </TextRegion>
        <TextRegion id="tr_2" custom="readingOrder {index:1;}">
            <Coords points="761,1866 3057,1866 3057,3688 761,3688"/>
            <TextLine id="tr_2_tl_1" custom="readingOrder {index:0;}">
                <Coords points="964,2022 2515,1923 2829,1982 2835,1848 970,1912"/>
                <Baseline points="982,1979 1003,1973 1048,1967 1092,1967 1137,1964 1182,1961 1227,1961 1271,1958 1316,1958 1361,1958 1406,1958 1451,1955 1495,1955 1540,1955 1585,1952 1630,1949 1675,1949 1719,1949 1764,1943 1809,1943 1854,1943 1898,1943 1943,1940 1988,1937 2033,1937 2078,1937 2122,1934 2167,1931 2212,1931 2257,1931 2302,1931 2346,1928 2391,1928 2436,1925 2481,1925 2526,1922 2570,1919 2615,1919 2660,1919 2705,1919 2749,1916 2794,1916 2839,1916"/>
                <TextEquiv>
                    <Unicode>gen werden, deine geschätzten Herrn Ei-</Unicode>
                </TextEquiv>
            </TextLine>
            <TextLine id="tr_2_tl_2" custom="readingOrder {index:1;}">
                <Coords points="973,2139 2933,2122 2986,1985 976,2061"/>
                <Baseline points="988,2119 1024,2116 1068,2116 1113,2116 1158,2119 1203,2119 1248,2116 1292,2110 1337,2110 1382,2110 1427,2110 1472,2108 1516,2105 1561,2105 1606,2105 1651,2102 1695,2099 1740,2099 1785,2099 1830,2099 1875,2096 1919,2096 1964,2093 2009,2093 2054,2093 2099,2093 2143,2087 2188,2087 2233,2087 2278,2084 2322,2084 2367,2084 2412,2087 2457,2084 2502,2081 2546,2081 2591,2078 2636,2075 2681,2075 2726,2072 2770,2072 2815,2072 2860,2069 2905,2069 2950,2066 2994,2069"/>
                <TextEquiv>
                    <Unicode>tern, — dann wollen wir sehen, ob ich ihnen</Unicode>
                </TextEquiv>
            </TextLine>
            <TextLine id="tr_2_tl_3" custom="readingOrder {index:2;}">
                <Coords points="964,2299 2871,2260 2874,2131 967,2204"/>
                <Baseline points="979,2281 994,2278 1039,2272 1083,2272 1128,2272 1173,2272 1218,2272 1263,2266 1307,2266 1352,2266 1397,2263 1442,2263 1486,2260 1531,2260 1576,2257 1621,2254 1666,2257 1710,2254 1755,2254 1800,2254 1845,2251 1890,2251 1934,2248 1979,2248 2024,2245 2069,2242 2113,2242 2158,2239 2203,2239 2248,2236 2293,2236 2337,2236 2382,2236 2427,2236 2472,2236 2517,2233 2561,2233 2606,2230 2651,2230 2696,2227 2740,2227 2785,2224 2830,2224 2875,2224"/>
                <TextEquiv>
                    <Unicode>noch zu schlecht sein werde! Ja, auf den</Unicode>
                </TextEquiv>
            </TextLine>
            <TextLine id="tr_2_tl_4" custom="readingOrder {index:3;}">
                <Coords points="970,2479 2044,2397 2641,2428 2919,2397 2924,2268 1803,2380 976,2352"/>
                <Baseline points="988,2424 1000,2424 1045,2427 1089,2427 1134,2424 1179,2421 1224,2421 1268,2421 1313,2421 1358,2418 1403,2418 1448,2418 1492,2415 1537,2415 1582,2415 1627,2412 1672,2409 1716,2409 1761,2406 1806,2406 1851,2406 1896,2403 1940,2403 1985,2403 2030,2400 2075,2397 2119,2397 2164,2397 2209,2394 2254,2394 2299,2394 2343,2394 2388,2397 2433,2391 2478,2391 2523,2388 2567,2385 2612,2382 2657,2379 2702,2379 2746,2379 2791,2379 2836,2379 2881,2379 2926,2382"/>
                <TextEquiv>
                    <Unicode>Knieen werden sie mich bitten,/ im Triumph</Unicode>
                </TextEquiv>
            </TextLine>
            <TextLine id="tr_2_tl_5" custom="readingOrder {index:4;}">
                <Coords points="984,2610 2767,2574 3050,2546 3053,2445 987,2529"/>
                <Baseline points="1000,2582 1042,2579 1086,2579 1131,2579 1176,2579 1221,2579 1265,2576 1310,2576 1355,2573 1400,2573 1445,2573 1489,2573 1534,2573 1579,2570 1624,2567 1669,2567 1713,2567 1758,2564 1803,2564 1848,2561 1893,2561 1937,2558 1982,2558 2027,2558 2072,2555 2116,2555 2161,2552 2206,2552 2251,2549 2296,2549 2340,2549 2385,2546 2430,2546 2475,2543 2520,2543 2564,2543 2609,2540 2654,2540 2699,2537 2743,2537 2788,2534 2833,2534 2878,2531 2923,2529 2967,2529 3012,2529 3057,2534"/>
                <TextEquiv>
                    <Unicode>werden wir einziehen, Rosenguirlanden werden</Unicode>
                </TextEquiv>
            </TextLine>
            <TextLine id="tr_2_tl_6" custom="readingOrder {index:5;}">
                <Coords points="976,2773 1912,2736 2080,2787 2857,2714 2924,2619 979,2669"/>
                <Baseline points="991,2732 1003,2732 1048,2729 1092,2729 1137,2729 1182,2729 1227,2732 1271,2729 1316,2729 1361,2726 1406,2726 1451,2726 1495,2726 1540,2726 1585,2723 1630,2723 1675,2723 1719,2723 1764,2726 1809,2723 1854,2720 1898,2717 1943,2714 1988,2714 2033,2714 2078,2711 2122,2708 2167,2711 2212,2711 2257,2711 2302,2708 2346,2708 2391,2705 2436,2702 2481,2699 2526,2699 2570,2696 2615,2693 2660,2693 2705,2693 2749,2690 2794,2690 2839,2687 2884,2684 2929,2690"/>
                <TextEquiv>
                    <Unicode>über dem Eingang prangen, bengalisch wird</Unicode>
                </TextEquiv>
            </TextLine>
            <TextLine id="tr_2_tl_7" custom="readingOrder {index:6;}">
                <Coords points="990,2952 1405,2885 2871,2874 2972,2857 2975,2770 1276,2840 995,2776"/>
                <Baseline points="1009,2893 1054,2890 1098,2887 1143,2887 1188,2887 1233,2884 1277,2884 1322,2884 1367,2884 1412,2881 1457,2881 1501,2878 1546,2878 1591,2875 1636,2875 1681,2875 1725,2875 1770,2875 1815,2872 1860,2869 1904,2869 1949,2866 1994,2866 2039,2866 2084,2863 2128,2863 2173,2863 2218,2857 2263,2857 2308,2857 2352,2857 2397,2857 2442,2857 2487,2854 2531,2851 2576,2851 2621,2848 2666,2848 2711,2848 2755,2848 2800,2845 2845,2845 2890,2845 2935,2842 2979,2839"/>
                <TextEquiv>
                    <Unicode>der Park beleuchtet sein, vor dem Tor wird</Unicode>
                </TextEquiv>
            </TextLine>
            <TextLine id="tr_2_tl_8" custom="readingOrder {index:7;}">
                <Coords points="995,3062 2666,3053 2804,3017 2807,2938 2310,2902 2125,2966 998,2992"/>
                <Baseline points="1012,3045 1021,3045 1065,3045 1110,3045 1155,3045 1200,3042 1245,3042 1289,3039 1334,3039 1379,3039 1424,3039 1469,3036 1513,3036 1558,3033 1603,3030 1648,3030 1692,3027 1737,3027 1782,3027 1827,3024 1872,3024 1916,3021 1961,3021 2006,3018 2051,3018 2096,3018 2140,3018 2185,3018 2230,3018 2275,3015 2319,3012 2364,3012 2409,3009 2454,3006 2499,3006 2543,3003 2588,3003 2633,3003 2678,3000 2723,3000 2767,3000 2812,3006"/>
                <TextEquiv>
                    <Unicode>ein Transparent leuchten: "Willkommen".</Unicode>
                </TextEquiv>
            </TextLine>
            <TextLine id="tr_2_tl_9" custom="readingOrder {index:8;}">
                <Coords points="746,3222 2896,3193 2964,3115 749,3137"/>
                <Baseline points="761,3209 776,3209 821,3206 865,3206 910,3206 955,3206 1000,3206 1045,3206 1089,3203 1134,3200 1179,3197 1224,3197 1268,3194 1313,3194 1358,3194 1403,3194 1448,3191 1492,3191 1537,3191 1582,3188 1627,3188 1672,3188 1716,3185 1761,3182 1806,3182 1851,3179 1896,3176 1940,3176 1985,3176 2030,3176 2075,3173 2119,3173 2164,3173 2209,3170 2254,3167 2299,3167 2343,3164 2388,3167 2433,3162 2478,3162 2523,3162 2567,3162 2612,3162 2657,3162 2702,3162 2746,3159 2791,3159 2836,3156 2881,3156 2926,3153 2970,3153"/>
                <TextEquiv>
                    <Unicode>Elsa: Was für ein Tor?... was fur ein Park?...</Unicode>
                </TextEquiv>
            </TextLine>
            <TextLine id="tr_2_tl_10" custom="readingOrder {index:9;}">
                <Coords points="768,3373 2221,3353 2313,3339 2316,3238 1957,3283 1514,3252 1214,3320 771,3272"/>
                <Baseline points="785,3362 797,3362 842,3362 886,3362 931,3362 976,3362 1021,3362 1065,3359 1110,3356 1155,3356 1200,3359 1245,3353 1289,3350 1334,3350 1379,3350 1424,3347 1469,3350 1513,3344 1558,3341 1603,3341 1648,3341 1692,3338 1737,3338 1782,3335 1827,3335 1872,3332 1916,3329 1961,3329 2006,3326 2051,3326 2096,3326 2140,3326 2185,3326 2230,3323 2275,3320 2319,3323"/>
                <TextEquiv>
                    <Unicode>Charles: Nun, euer Ischler Park!</Unicode>
                </TextEquiv>
            </TextLine>
            <TextLine id="tr_2_tl_11" custom="readingOrder {index:10;}">
                <Coords points="754,3533 2593,3488 2804,3555 2899,3533 2902,3390 754,3460"/>
                <Baseline points="770,3523 803,3520 847,3520 892,3520 937,3520 982,3517 1027,3517 1071,3517 1116,3514 1161,3511 1206,3508 1251,3505 1295,3505 1340,3502 1385,3505 1430,3505 1475,3502 1519,3499 1564,3499 1609,3499 1654,3496 1698,3496 1743,3493 1788,3493 1833,3490 1878,3487 1922,3487 1967,3487 2012,3487 2057,3484 2102,3484 2146,3484 2191,3484 2236,3484 2281,3484 2325,3481 2370,3475 2415,3475 2460,3472 2505,3472 2549,3472 2594,3472 2639,3472 2684,3469 2729,3469 2773,3469 2818,3469 2863,3466 2908,3460"/>
                <TextEquiv>
                    <Unicode>Elsa: Der Park - ach Gott! der gehört uns ja</Unicode>
                </TextEquiv>
            </TextLine>
            <TextLine id="tr_2_tl_12" custom="readingOrder {index:11;}">
                <Coords points="987,3712 1074,3693 1113,3709 1164,3684 1234,3707 1332,3676 1517,3704 1520,3600 1436,3614 1346,3597 1301,3617 1214,3592 1130,3617 990,3614"/>
                <Baseline points="1003,3678 1033,3675 1077,3675 1122,3675 1167,3672 1212,3669 1257,3669 1301,3669 1346,3666 1391,3663 1436,3663 1480,3663 1525,3663"/>
                <TextEquiv>
                    <Unicode>nicht mehr.</Unicode>
                </TextEquiv>
            </TextLine>
        </TextRegion>
    </Page>
</PcGts>
