3384 4216
2864 541 3017 720 18
950 941 1468 1105 mit Betti?
786 1100 1569 1272 Charles: Wieso?
780 1212 3095 1385 Mutter: Ik abe grosse Angst vor Bette. Sie liebt
1033 1370 3023 1531 dik abgöttis, sie wird dir Vitriol ins Ge¬
1036 1555 1661 1727 sikt giessen.
812 1658 3089 1837 Charles: Liebe Mama, mach' dir keine Sorgen. Es
1039 1840 3037 2001 ist schon alles geordnet. Direkt vom Diner
1048 1995 2962 2165 aus bin ich zu Betti gefahren. Was, du
1054 2133 3089 2303 staunst? Ich liebe Ordnung in allen Dingen.
826 2315 1483 2479 Mutter; Nun?
832 2418 3023 2657 Charles: Ich habe ihr die Sache einfach mitge¬
1077 2646 1379 2772 teilt.
838 2746 3026 2933 Mutter: Und sie at keine Erzkrämpfe gekriegt?
849 2908 2173 3132 Charles: 0, im Gegenteil.
846 3075 3138 3221 Mutter: Aber, wie ist denn das möglik? Nok ges-
1097 3213 3146 3414 tern at sie zu Mathilde gesagt, sie geht in
1105 3380 2620 3558 die Donau, wenn du sie verlässt.
875 3532 3011 3714 Charles: Aber ich verlasse sie ja nicht! Was
