3400 4216
2906 440 3016 633 voir
2775 576 2917 712 28
1144 891 2355 1084 :zur Türe: Alles still
749 928 1118 1084 Mutter:
707 1075 2866 1217 Charles: Nur Geduld, Mutter. Sie wird kommen.
936 1254 2775 1405 Herr Franz mag unterdess durchs Hinter-
902 1376 2894 1572 pförtchen verschwinden. - So beruhige dich
965 1498 2957 1756 doch, Mama, es wird alles gut. :Holt ein
1073 1668 1430 1762 auv
959 1620 2934 1833 Glas aus der Kredenz: Dieses ist, für Ma¬
973 1847 3013 2015 thilde. Wir werden ihr verzeihen. - Ja, ich
962 1964 1634 2191 liebe Ordnung.
738 2125 2931 2313 Mutter: :an der Türe: Ganz still. Am Ende
985 2267 2690 2503 aben sie sik umgebrakt!... Mathilde!
1004 2457 3047 2656 :Zärtlich: Mathilde!... Mein liebes Kind,
999 2591 2937 2778 was makst du denn?... Warum antwortest du
990 2750 2784 2948 nikt? Es ist ja alles nur Spass!
766 2945 2111 3101 Charles: Es ist kein Spass.
772 3047 3053 3229 Mutter: Es rührt sik nikts... Mathilde!... Bist
1027 3201 2991 3416 du tot, Mathilde?../ Nikts! :Zu Charles
1004 3399 1705 3618 hin: Mörder!
783 3507 3064 3734 Mathilde: tritt angekleidet mit Mantel aus der
