3352 4200
2765 601 2884 745 45
901 921 2837 1110 Edelmann, wie der Graf, oder ein Bankier.
673 1040 2848 1271 Charles: Meine Mutter, wenn du mir eine Szene
907 1257 2386 1385 machst, gehe ich aus dem Hause.
670 1399 2876 1521 Mutter: So geh dok, geh zum Teufel, du Lump!
912 1521 2934 1688 Du bist gerade so ein Filou wie dein Vater!
690 2019 1602 2172 Anita: ⁊: tritt ein:
673 2178 1841 2300 Mutter: Was wollen Sie?
695 2339 2595 2486 Anita: Ein junger Herr im Frack ist da.
695 2473 1377 2681 Charles: Wer?
690 2623 2876 2767 Anita: Ein junger Herr im Frack. Er will mit
937 2804 2219 2954 der gnädigen Frau sprechen.
695 2956 2926 3070 Mutter: Nein, ik danke. Ik abe nikt zu spreken
926 3101 2270 3260 mit eine junge Err in Frack.
740 3262 2881 3440 Charles: Lassen Sie ihn herein. Man kann nie
940 3424 1293 3552 wissen.
701 3588 1282 3755 Anita: : ab:
