3400 4216
2821 605 2952 761 32
733 1193 3023 1441 Elsa: :tritt ein. In Balltoilette, mit Mantille
1566 1378 2549 1548 Ich bin es, Charles.
986 1418 1475 1574 und Shawl:
796 1543 1523 1733 Charles: Elsa!
756 1705 1756 1841 Mutter: Deine Braut?
764 1813 2890 2031 Charles: wie erwachend: Sofort bin ich zu
994 1972 2975 2171 Ihrer Verfügung, Fräulein Elsa. :Von ihr
994 2157 2941 2350 fort, zu seiner Mutter: Wama, geh jetzt
1000 2338 1441 2500 schlafen.
764 2466 3037 2600 Mutter: Sei vernünftig, Charles, jetzt kann sie
1011 2625 2105 2776 dir nikt mehr entgehen.
781 2767 2986 2904 Charles: :drückt seiner Mutter verständnisvoll
1014 2946 2435 3057 die Hand. MUTTER und ANITA ab:
841 3350 2495 3529 Charles: Klsa,... ja - ich bin....
830 3512 2983 3742 Elsa: Charles! - Charles!.:Sie wird beinah
