3416 4232
1056 808 2073 1039 :Es schellt draussen:
899 1016 1619 1162 Da ist sie son.
711 1105 2801 1328 ANITA ab. Gleich darauf tritt MATHILDE ein.
679 1256 2938 1445 Sie kommt aus der Vorstellung und hat einen The¬
688 1439 2484 1627 atermantel um, eine Rolle in der Hand:
699 1893 2450 2121 Mathilde: Guten Abend, meine Mutter.
702 2061 2221 2218 Mutter: Guten Abend, mein Kind.
705 2250 2010 2407 Mathilde: Ist er schon da?
725 2407 1359 2544 Mutter: Wer?
725 2507 2481 2718 Mathilde: Es giebt nur Einen: Franz!
734 2649 3032 2841 Mutter: Nein, ik glaube nik, dass er son da ist.
748 2815 2972 3029 Mathilde: Du weisst ja nie etwas.: Sie rüft:
982 2989 1976 3186 Fräulein Ringelspiel!
757 3160 1465 3318 Anita: kommt:
