3384 4216
2773 562 2911 715 16
870 902 2951 1060 liebt.... Ich habe sie einfach gefragt: Wol¬
919 1063 2826 1258 len Sie die Meine werden? Während der
938 1218 2928 1391 Gansleberpastete habe ich sie gefragt. Sie
935 1376 2920 1526 ist beinahe ohnmächtig geworden vor Glück.
704 1546 1865 1704 Mutter: Und die Eltern?
712 1648 2985 1854 Charles: Ach, du weisst ja, dass ich schon neu¬
947 1837 2951 2035 lich einmal mit dem Vater Pollak über eine
961 1987 2953 2171 eventuelle Stellung in seinem Bankgeschäft
969 2193 1594 2318 geredet habe.
729 2346 2120 2467 Mutter: Mein lieber Charles!
738 2453 2866 2626 Charles: Wenn wir von der Hochzeitsreise zu-
975 2628 2877 2792 rückkommen, trete ich ein. Es wird nicht
984 2792 2600 2922 lang dauern und ich bin Kompagnon.
749 2922 2676 3100 Mutter: Und was sagt die Mutter Pollak?
763 3083 3004 3225 Charles: Ach Gott, die Mutter Pollak, die halt
986 3253 2965 3434 ich sicher. Mit der könnt' ich doch jeden
995 3428 2329 3555 Moment ein Verhältnis haben.
763 3558 2052 3770 Anita: :bringt Champagner:
