3384 4200
2896 587 3030 694 48
1039 904 2984 1061 meine Andsuh, mein Ut! 0, ik bin ja so
1033 1074 2942 1245 froh! Du musst sie aber um Verzeiung
1047 1256 1835 1375 bitten, Charles.
815 1350 2945 1518 Anita: that alles gebracht, hilft der Mutter
1058 1526 2937 1664 beim Ankleiden und begleitet sie hinaus:
843 1967 2929 2154 Charles: setzt sich, schenkt sich ein Glas
2557 2108 2986 2265 Wenn ich
1080 2163 2455 2287 Champagner ein; gedankenvoll;
1080 2322 2196 2463 noch zu Betti ginge?...
857 2480 1771 2587 Anita:: tritt ein:
868 2595 2904 2738 Charlesi. Anita, Inita, was machst du, denn?
2182 2714 2521 2796 mind.
909 2725 3124 2912 Anita: Nun, ich will das Bett von Fräulein Ma¬
1127 2920 2298 3069 hilde wieder herrichten.
879 3044 2989 3204 Charles: Na!.:Er folgt ihr. - Es klingelt:
1116 3243 1951 3380 Was ist denn das?
884 3361 3025 3568 Anita: :eilt hinaus. Gleich darauf erscheint
1127 3546 1694 3678 die MUTTER :
