4232 5480
2019 452 2281 676 - 30 -
921 688 1221 938 Komm!
524 828 3839 1098 Charles: Noch nicht. (Er nimmt ein Spiel Karten aus der Tasche). Jetzt
942 1081 3814 1229 wird's erst gemütlich. Erlauben Sie, dass ich Ihnen ein klei-
925 1242 3772 1411 nes Kunststück zeige. Wir sitzen heute so fröhlich zusammen,
942 1407 3540 1529 dass ich mir wohl erlauben darf. Zieh eine Karte Franz!
515 1546 3903 1749 Mathilde: (ungeduldig) Nun, zu solchen Dingen ist doch auch bei Tag Zeit.
524 1702 917 1905 Charles:
950 1698 2919 1871 (mit dem Revolver) Zieh eine Karte, Franz!
959 1858 2095 2065 (Franz zieht eine Karte)
524 2019 3920 2217 Charles: Hast Du Dir sie gemerkt, Franz? So mische sie nun wieder hinein
942 2179 3894 2399 (Er nimmt das Spiel wieder und schnippt) die Karte in die Höhe)
942 2323 2830 2543 Ist es die? (Franz nickt). Treff sieben.
515 2458 870 2695 Mutter:
938 2496 2179 2695 Grossartig! Er kann alles
520 2644 3915 2843 Charles: Noch ein kleines Kunststück. Franz, gib mir einen Silbergulden.
955 2788 1934 3020 (greift in den Sack).
524 2826 824 3007 Franz:
503 2914 3797 3180 Mathilde: (zu Franz) Mensch, bist Du irrsinnig? Wenn Du ihm einen Sil-
942 3117 3814 3358 bergulden gibst, sind wir geschiedene Leute. Komm! (Sie fasst
925 3316 2914 3527 Franz beim Arm und geht rasch mit ihm ab).
938 3485 2593 3696 Mutter, gib mir einen Silbergulden.
520 3421 904 3679 Charles :
925 3628 2914 3810 Ach Gott, jetzt will ik slafen gehen (ab).
507 3658 853 3839 Mutter
967 3768 3818 3987 (zu Anitta, die noch immer verzweifelt in einer Ecke steht:)
511 3814 912 4017 Charles:
925 3949 2593 4097 Anitta, gib mir einen Silbergulden.
950 4084 3801 4249 (nimmt ihre Geldbörse aus dem Sack und gibt ihm einen Silber-
515 4105 853 4245 Anitta
950 4291 1309 4452 gulden.)
950 4367 3683 4642 (steckt ihn ein) nun komm, ich werde Dir gleich ein Kunst-
515 4401 895 4638 Charles
933 4587 2395 4726 stück zeigen. (Er umarmt sie.
