4104 5416
3236 228 3421 467 1
1917 287 2290 522 12
1013 754 1720 950 nur für Franz.
593 892 3448 1104 Charles: Und jetzt, während Mutter und Bruder hier friedlich
1013 1064 3448 1257 zusammensitzen, während ein keusches Mädchen namens
1013 1218 3633 1386 Elsa Pollak in ihrem jungfräulichen Bette des Geliebten
994 1371 3535 1602 denkt, feiert dieser Franz hier Orgien. Hier, in dem-
1009 1571 3621 1767 selben Raum, wo früher ein reizender Edelmann (er wird
1005 1716 3201 1862 immer betrunkener) ich duld es nicht. Anitta
589 1842 939 2003 Mutter:
1021 1846 1693 2015 Was willst Du?
581 1956 2879 2184 Charles: Ich werde dieser Sache ein Ende machen.
585 2152 1606 2345 Anitta: (tritt ein).
589 2298 2353 2451 Charles: Rufen Sie Fräulein Mathilde!
577 2427 3649 2682 Anitta: Der Herrlichste von allen, Herr Franz, ist noch bei ihr.
593 2635 3327 2773 Charles: Wer hat Sie darum gefragt? Rufen Sie sie, sofort!
577 2773 1249 2942 Anitta: (ab).
581 2902 1960 3103 Mutter: Ik aben solke Angst.
562 3008 3213 3299 Charles: Lächerlich, Mama. Auf Dein Wohl! (Sie trinken).
558 3224 2957 3397 Anitta: (kommt) Das Fräulein ist so bös geworden.
569 3354 1477 3586 Charles: Kommt sie?
554 3484 2341 3747 Anitta: Aber keine Idee (ab. Pause).
558 3719 1869 3888 Charles: Mama, hole Du sie!
546 3861 1292 4022 Mutter: Aber -
542 3963 2820 4218 Charles: Du bist die Mutter. Klopfe an die Tür!
546 4144 1991 4352 Mutter: Ja, ik trau mik nikt.
558 4305 3715 4521 Charles: Nun, wenn Du nicht willst (zur Thüre): Mathilde! Mathilde!
546 4438 3676 4662 Mathilde: (von drinnen) Ja, ist man denn in diesem Hause irrsinnig?
