4280 5544
1913 441 2199 663 - 11 -
617 825 3129 1077 Mutter: Sie würde uns die Lampe an den Kopf werfen.
625 1001 2327 1280 Charles: Das wollen wir doch sehen.
1058 1145 2195 1367 Bitte, schrei nicht so.
648 1224 1005 1416 Mutter:
1065 1291 2485 1521 Mama, das geht nicht so fort.
651 1382 1028 1559 Charles
1032 1483 1450 1679 Charles!
655 1517 986 1709 Mutter
1111 1472 3626 1811 (im Zimmer hin und herr Maria, Du musst doch einsehen,
644 1687 1058 1864 Charles :
1103 1773 2395 1988 dass das nicht so fortgeht.
1107 1864 2865 2135 Mein liebes Kind, was können wir tun?
655 1958 1050 2161 Mutter:
1118 1969 3648 2289 Was wir tun können? Bist Du nicht die Mutter? Bin ich
663 2172 1065 2327 Charles
1107 2240 1939 2428 nicht der Bruder?
681 2372 2745 2587 Mutter : Was hast Du denn heute, mein Kind?
689 2485 3686 2779 Charles: O, es ist nicht von heute, schon lange nagt es an mir.
1133 2684 2760 2910 Du solltest es nicht dulden, Mama.
1137 2816 2628 3023 Nun ja, es ist so swer mit ihr.
700 2880 1081 3091 Mutter;
689 2967 3716 3227 Charles: Mama, bedenke doch. Wir sitzen hier zusammen. Ich habe
1141 3080 3592 3343 mich verlobt mit einem Mädchen aus einer der besten
1141 3238 3686 3479 Familien und Du Mama bist in Ehren grau geworden. Und
1148 3388 3724 3633 nur Mathilde, Mathilde-  - Das muss sich ändern. Dieses
1152 3558 3652 3784 Haus soll rein werden. Von Sittlichkeit und Edelsinn
1175 3693 3746 3942 soll es widerstrahlen. Fleckenlos und Blank - kurz und
1171 3889 2500 4123 gut, es muss anders werden.
1178 3998 3532 4288 O Gott, mein lieber Charlas, main lieber Charles!
757 4093 1126 4307 Mutter:
764 4232 1845 4458 Charles: Nicht weinen.
738 4307 3611 4605 Mutter: O, mein lieber Charles, was glaubst Du, wie oft ik
1197 4450 3769 4695 weine, wenn ik allein bin. Du kannst ja nikts wissen,
