3416 4216
2823 561 2969 706 24
967 867 2926 1081 Weg. Der Graf war ein Edelmann. Erinnerst
970 1047 2768 1216 du dich, Mama, :Beinahe schluchzend:
978 1141 2986 1367 wie oft ist der Graf hier gessen an diesem
987 1324 2963 1556 Tisch, hat unser frugales Mahl mit uns ge¬
990 1502 2983 1736 teilt... Was für ein charmanter, reizender
990 1716 1441 1859 Edelmann!
766 1830 1951 1993 Mutter: Ach Gottl
772 1942 3066 2142 Charles: Sie hat kein Herz - Mathilde. Alles in
1018 2085 3097 2305 diesem Zimmer müsste sie an ihm mahnen, wenn
1024 2274 2643 2460 sie nur einen Funken Gefühl hätte.
781 2414 3080 2648 Mutter: Natürlik. Diese Möbel, diese Uhr, dies
1032 2651 1424 2794 Vase....
801 2731 3026 2934 Charles: Es war sein Verlobungsgeschenk. - Ja,
1052 2831 3077 3100 diese Vase war sein Verlobungsgeschenk. Der
1047 3054 3012 3263 Graf hätte sie heimgeführt, sie wäre sein
1058 3209 2880 3412 ehelich gemal geworden. Frau Gräfin!
1055 3383 3023 3532 Aber dieser Franz! Wann werd' ich endlich
1061 3521 3054 3747 seinen Zunamen erfahren?... Was ist er?...
223 3995 752 4093 uudestuudutuuduusuudumuudunu
