3368 4216
775 1140 2207 1349 Anita: Was wünschen Fräulein?
775 1315 2067 1516 Mathilde: Ist er schon da?
794 1479 1895 1686 Anita: Bitte, welcher?
797 1558 3001 1786 Mathilde: Fragen Sie nicht so stupid. Sie wis¬
1048 1711 3129 1989 sen, dass es seit acht Tagen nur Einen giebt,
1050 1942 2572 2092 Ihn, den Herrlichsten von allen.
819 2092 2307 2268 Anita: Es war noch niemand da,
830 2212 3057 2435 Mathilde: Ich danke, Fräulein Ringelspiel. So¬
1084 2379 3048 2569 bald er kommt, nun, Sie wissen - :Geste,
1089 2508 3029 2703 dass sie ihn direkt in ein anderes Zimmer
1089 2731 1764 2870 zu führen hat:
917 2892 1505 3031 Anita: : ab:
886 3279 3132 3502 Mutter: Nun, mein liebes Kind, wie war es heut'
1137 3525 1694 3653 im Theater?
