3336 4184
2682 419 2844 566 51
2711 505 2888 728 52
537 736 2856 959 Charles: Anitta - Anitta Ringelspiel - Caroussel,
774 915 2651 1074 wie ich Sie scherzhaft zu nennen pflege
791 1068 2893 1268 schenken Sie ein! Mehr als das: nehmen Sie an
748 1181 2922 1421 unserer Seite platz! Anitta ist ein braves Mäd-
794 1354 2963 1530 chen, meine Herren! Ich kenne keine Standesunt
808 1504 2882 1683 terschiede! Zarte Bande knüpfen uns an einan¬
2047 1652 2888 1793 Franz! auf dass es
808 1712 1998 1865 der. - Auf Ihr Wohl, Herr
814 1851 2082 2021 Ihnen bei uns behagen möge.
1398 2007 1854 2148 :klingel:
589 2140 1926 2350 Mathilde: Was ist denn das?
612 2296 2157 2521 Mutter: Anita, schauen Sie nach!
