3400 4200
2876 470 3014 677 12
843 801 2887 1033 Mathilde: Nun, melden Sie doch, wie ich es
1033 983 2287 1202 Ihnen vorgeschrieben habe.
812 1196 2420 1343 Anita: Der Herrlichste von allen.
801 1282 2890 1486 Mathilde: Es ist gut, Fräulein Ringelspiel.
815 1445 3003 1619 Mutter: O mein Kind, willst du nikt aufessen?
1069 1624 2354 1820 Ast du keinen Appetit mehr?
829 1779 3053 1970 Mathilde: O ja, auf Franz! Ha, darum geht ich.
2704 1906 2920 2069 ab:
1890 2315 3124 2536 Nun, was aben Sie denn?
856 2412 1785 2569 Mutter: zu Anita:
1094 2558 3088 2790 is Ihre Schuld. Warum sperren Sie Ihr-
1108 2735 1898 2884 binett nicht ab?
890 2865 2171 3006 Anita: Das hilft ja nicht.
878 2964 3083 3169 Mutter: Wieso hilft das nikt? Er ist dok kein
1124 3196 1663 3326 Einbrecher.
903 3304 3108 3472 Anita: :weint: Aber... es war ja hier im Sa¬
1141 3461 2680 3682 lon, während dem Zusammenräumen.
