4168 5432
1917 338 2171 592 - 4 -
240 632 1197 863 Anitta: O Fräulein!
249 810 1757 1014 Mathilde:No, was haben Sie denn?
249 979 3826 1166 Anitta: Fräulein, Fräutein! O Gott, o Gott! Ich trau mich's nicht zu sagen.
271 1143 2562 1366 Mathilde:Ach so! Mutter und Du lässt so etwas zu?
654 1281 3434 1486 Was soll ich denn tun? Es ist ja immer dieselbe Geschichte.
280 1308 592 1468 dutter:
271 1455 3301 1615 Mathilde:Nun Fräulein Ringelspiel, es soll Ihr Schade nicht sein.
645 1566 3007 1757 (Entlässt sie mit einer königlichen Handbewegung).
249 1748 534 1953 Anitta
641 1757 912 1962 (ab).
632 1851 3706 2069 Es ist sreklik, keine können wir länger behalten als vier Monate.
236 1913 569 2100 Mutter:
231 2051 3675 2256 Mathilde: Wo ist denn der Bursche? Man müsste ihm wieder einmal ins Gewis-
632 2220 3595 2393 sen reden. Betti weint sich die Augen aus. Immer macht sie mir
632 2331 3724 2549 Scenen in der Garderobe, wenn dieser Rigo Janczi sie betrügt oder
650 2549 3692 2723 prügelt. Ich werde nicht mehr gestatten, dass Charles mit meinen
632 2651 2785 2852 Kolegrinnen Verhältnisse hat. Wo ist er denn?
632 2843 2634 3012 Er ist heute zum Diner geladen bei Pollak.
245 2691 578 3012 Mutter:
231 2967 1793 3145 Mathilde:Bei diesem Börsenjobber?
249 3136 578 3319 Mutter:
609 3123 810 3301 Ja.
262 3203 3715 3483 Mathilde:Es wird doch damit enden, dass er eine Tochter Israels heimführt.
236 3421 1188 3635 Mutter: Gott geb's.
245 3595 2447 3790 Mathilde: Wieviel Töchter hat denn dieser Judas?
231 3710 3541 3933 Mutter: Eine einzige. Sie bekommt eine Million Mitgift. Sie ist ja so
645 3897 1619 4106 verliebt in Charles.
227 4035 3563 4280 Mathilde:Das ist allerdings begreiflich. Charles ist dazu geboren, ein
618 4217 1704 4391 Dollarkönig zu werden.
231 4262 2785 4547 Mutter: Ja, mein liebes Kind, der ist klüger, als Du.
227 4515 2425 4729 Mathilde:Was soll denn das nun wieder heissen?
218 4667 3532 4898 Mutter: Ach Gott, mein liebes Kind, rege Dich doch nicht auf. Is nur
