3384 4168
465 469 2830 832 kalt. Wo ihr Freien? Ich hat ich heute hat gegen
296 459 639 710 Bogenen
296 588 3037 1070 es geht zu Bankdruklerberg; den sie bei ihr verliebt;
1230 897 2830 1220 Wie weit, vielleicht nicht & das
306 965 1284 1254 so then that bekant & sie
1043 1152 1155 1298 e
581 1162 1033 1413 Dr Herr T.
384 1325 1169 1525 nen kann, luille
398 1400 2120 1709 Firces hat beteht.
1260 1580 1434 1770 D'
1950 1614 2283 1804 4. m
571 1682 1237 1818 Mrs. Madam
411 1668 1916 2022 Kalsam. Mo ich be ich.
462 1736 2633 2171 Ma sehr d etc. dann ist das sch geweis. Zum
414 1974 2687 2341 diese konnte.  Un époussa.. M. hat wie et mit
384 2168 2412 2518 hat heute wie hat hat mir in einem muß
2100 2290 2817 2548 I will
459 2348 2062 2681 General    suivin meend
544 2599 2993 3027 Billes. xxx Nein, der einige Mädchen selbst
561 2783 3149 3289 kommt: Sie melden nicht zu sein, nur mich, flie,
564 3173 2297 3493 mit mir! Mir trauch kein habe
652 3299 3020 3666 Wie es mir der einig Mädth hinwirkunft habe
686 3598 2042 3870 at habubt d Schuisia
