3400 4232
688 979 2897 1155 Ziemlich elegantes Zimmer bei Mathilde Delorme,
696 1152 2777 1323 Abend. Gedeckter Tisch; elektrischer Luster.
707 1524 2928 1720 DIE MUTTER sitzt am Tisch und isst. Die Uhr auf
766 1658 3012 1860 dem Kaminsims schlagt zehn. DIE MUTTER klingelt.
730 1848 2433 2050 ANITA, das Stubenmädchen, tritt ein.
724 2100 2670 2257 Mutter: immer mit französischem Akzent:
976 2276 1636 2422 Räumen Sie ab!
747 2436 1597 2550 Anita: räumt ab:
805 2494 2914 2754 Mutter:.:liest Zeitung; dann blickt sie auf:
984 2698 3037 2849 Was aben Sie denn, Anita? Was maken Sie ein
990 2824 3045 3012 solkes Gesikt? Wenn meine Takter kommt, müs-
998 2981 2978 3160 sen Sie maken ein anderes Gesikt. Verstan-
1009 3146 2967 3305 den? Mathilde ist nervos, sie kann nik se¬
995 3339 2984 3509 hen ein solkes Gesikt. Maken Sie ein eite-
1012 3534 1558 3694 res Gesikt.
