3320 4088
2578 299 2711 426 10
674 447 2802 692 eben durch dieses, da doch Marias Zimmer einen
686 598 2705 825 zweiten Ausgang hat? Ihr Blick hat mich ge-
689 786 2584 955 streift, ich fühle es, ohne den meinen vom
689 943 2784 1136 Schreibtisch zu erheben. Lautlos hat sie die
741 1040 2932 1330 Türe hinter sich geschlossen, leise ist sie die
710 1248 2793 1427 Stiege hinabgegangen und jetzt höre ich ihre
719 1378 2974 1581 Schritte unten im Garten auf dem Kies. Sie atmet
722 1541 3001 1756 die Linde Nachtluft und ihre Schritte entfernen
725 1677 2896 1898 sich dem Ufer zu. Statt dieserwielleicht über-
734 1859 3077 2043 flüssigen Brief weiter zu schreiben, könnte ich ihr
747 1980 3092 2194 folgen; vielleicht erwartet sie etwas dergleichen.
744 2191 2893 2409 Aber was kümmert's mich? Zu all dem ist es zu
762 2342 2944 2512 spät. Ich habe anderes zu tun. Ich habe meinen
753 2454 3113 2645 Brieg abzufassen, eine Beichte abzulegen, vielleicht
765 2611 3080 2811 auch nur eine letzte Komödie zu spielen,was weiss
768 2757 3032 2968 ich. Irgend etwas klingt zum offenen Fenster he-
777 2962 3029 3131 rauf, so leise, dass ich nicht unterscheiden kann,
792 3107 3098 3298 ob es Stimmen sind draussen vom See her oder ver-
774 3261 3201 3443 hallende Geigentöne vom Ufer gegenüber. Oder flüst
795 3385 2932 3627 tert im Garten unten die blinde Schwester, das
