3304 4168
2663 264 2792 491 52
661 550 2980 793 so glücklich, als wollte das Schicksal selbst mich
658 749 2903 943 seines Einverständnisses, seines Wohlwollens, sei-
655 882 2877 1114 ner Gnade versichern und auch Maria sah der An-
658 1073 2851 1220 kunft des Arztes mit freudiger Hoffnung entge-
667 1208 2883 1393 gen. Am nächsten Morgen stand ich am Tor, als er
664 1352 2821 1522 mit Frau und Kindern angefahren kam und schon
670 1513 2927 1704 die Fröhlichkeit seines Erscheinens stärkte mei-
679 1628 2801 1846 ne Zuversicht. Da ihm mein Name bekannt war,
673 1807 2865 2048 nahm er mein Ansuchen, obwohl er solche auf dem
676 1992 2912 2169 Lande sonst abzulehnen gewohnt war, entgegenkom-
691 2145 2883 2325 mend auf und noch am gleichen Vormittag durfte
696 2301 2962 2486 ich seinen Besuch erwarten. Doch schon der erste
694 2442 2959 2671 Blick,mit dem er eintretend Maria ins Auge fass-
699 2610 3062 2809 te, die auf den D avan hingestreckt lag, drückte für
696 2739 2968 2953 mich wenigstens ein so untrügliches und erschüt-
705 2927 2956 3086 terndes Erkennen ihres Zustandes aus, dass alles,
711 3065 2898 3247 was ich nach erfolgter Untersuchung aus seinem
699 3215 2906 3406 Munde vernahm, mir keine Ueberraschung bereiten
714 3335 2804 3582 konnte. Zwar versuchte er auch mir gegenüber
720 3532 2942 3782 suerst mit der Wahrheit zurückzuhalten, und riet
