3416 4152
2445 374 2575 543 36
546 525 2928 715 oder Reue schüchtern in meiner Seele melden wollte.
546 642 2858 901 verblasste gegenüber der beglückenden Einbildung,
549 820 2789 1046 dass gerade die Leidenschaftlichkeit unserer Be-
555 1022 2741 1158 ziehungen Mariae Herzleiden aufs Günstigste zu
546 1131 2726 1312 beeinflussen schien und zwar in so auffälliger
555 1281 2695 1456 Weise, dass ich mich manchmal fragen musste,ob
555 1408 2846 1625 der Doktor, den die Mutter mir ins Haus geschickt,
555 1604 2819 1830 ein Ignorant, ein boshafter Narr oder gar ein Ei-
561 1749 2837 1939 fersüchtiger gewesen sei. Ich selbst aber fühlte
555 1878 2973 2092 mich besser und reiner werden. Aller Ehrgeiz meines
561 2044 2852 2243 Berufs, ja alle Eitelkeit des Menschentums schien
558 2201 2810 2397 damals von mir abzufallen. Da zu sein, zu lieben,
561 2352 2849 2572 geliebt zu werden, die Welt zu geniessen, ohne den
558 2521 2940 2723 lächerlichen Wahn sie nachbilden zu müssen, mich an
570 2692 2988 2870 dem zu freuen, was Grössere geschaffen, ohne den neid
564 2816 2885 3027 vollen Gram, den wir Ehrgeiz nennen,war mir genug,
555 2994 2810 3190 mehr als genug, ward mir S eligkeit an sich. In
585 3133 2843 3368 jenen Tagen, so glaube ich heute, hätte ich irgend
579 3271 2991 3488 eine gute und opfervolle Tat begehen,mein Vermögen
573 3467 2894 3702 einem Bettler schenken, mein Leben für einen Unbe-
573 3615 2454 3820 kannten aufs Spiel setzen können. doch wa-
