3320 4088
2587 338 2740 528 26
794 476 2964 692 sie deswegen zu bedauern, wollte sie das durch-
794 641 2833 823 aus nicht gelten lassen, Unzufriedenheit und
797 774 3055 990 Sehnsucht lag ihrem Wesen fern; immer entschie-
794 979 2975 1137 dener gab sich mir eine noch nicht erwachte, ja
805 1132 2831 1310 kaum zum Bewusstsein ihrerselbst gelangten
805 1285 2893 1429 Seele kund, und auch unsere Begegnung,die ich,
823 1429 3063 1588 jedem Aberglauben abgeneigt wie möglich, doch wie
811 1546 3086 1716 etwas Vorbestimmtes empfand, nahm sie ohne Verwun-
803 1716 2967 1897 derung und ohne jede Andacht hin; - sie hatte
814 1917 3080 2053 gewiss schon in manchem Buch von jener geheimnis-
814 2031 2887 2209 vollen Liebe auf den ersten Blick gelesen, an
800 2175 2927 2388 die ich selbst bisher nie geglaubt hatte.-die
814 2354 2916 2541 Sache schien ihr keineswegs merkwürdiger, weil
794 2499 2207 2709 sie sie an sich selbst erfuhr.
1169 2618 2887 2831 Sie wunderte sich auch nicht, als ich
797 2794 3009 2981 schon am Tag darauf meinen Besuch wiederholte;-
797 2967 2975 3140 und dass in der ersten Minute eines zuf 11igen
797 3100 2978 3287 Alleinseins unsere Lippen sich zu einem langen
797 3299 2975 3443 Kusse fanden, ergab sich ohne Vorsatz, ohne ei-
811 3460 2981 3676 gentliche Leidenschaft, ja mit einem gleichsam
