3496 4200
2569 515 2704 619 20
674 590 2673 819 zu halten; einmal damit, dass ich kein Arzt
680 810 2840 998 bin und zweitens damit, dass die Diagnose rich-
686 957 2904 1143 tig war). Sie weiss von ihrer Krankheit und von
688 1131 2759 1310 der Gefahr,die jede rasche Bewegung für sie
697 1302 2817 1438 zur Folge haben kann und hat mir trotzdem den
691 1464 2733 1602 erbetenen Tanz nicht verweigert, ja sich in
691 1591 2768 1764 diesem Tanze so völlig hingegeben,wie es nur
706 1776 2693 1903 ein Wesen tu kann, das plötzlich von einer
709 1900 2843 2091 unwiderstehlich heftigen Leidenschaft erfasst
720 2057 2953 2224 wurde. Sie wird mir auch ihre Hand nicht verwei-
720 2230 2895 2398 gern, selbst wenn die Mutter und die Aerzte das
712 2363 2979 2502 Heiraten widerraten oder gar untersagen sollten.
723 2554 2947 2678 Wir werden sehr glücklich sein... ein paar Jahre,
735 2673 2910 2840 viel leicht nur ein Jahr lang oder gar nur cin
732 2829 2933 3017 paar Monate, und dann wird sie von mir scheiden.
746 3005 2869 3153 Ich aber werde zurückbleiben, allein, mit einem
743 3104 3049 3315 grosse Schmerz, mit dem ersten wahrhaften Schmertz
743 3257 3026 3468 meines Lebens, den ich mir in dieser Stunde schon
746 3457 3072 3653 in seiner ganzen Furchtbarkeit vorzustellen fähig
