3496 4232
2604 400 2740 588 25
762 556 2670 802 ausdrückte, hatte er der T ochter vererbt.
768 736 2876 941 die mir währe d ich mit der Mutter plauderte,
779 857 3111 1101 in einem dunkelblauen Samtfauteuil,ohne Hände oder
788 1017 2980 1245 Arme aufzustützen, zuerst ganz schweigsam gegen-
782 1202 2919 1410 übersass. Erst später beteiligte sie sich am
799 1318 2740 1561 Gespräch und ihre erste Frage,da eben von
796 1494 2951 1712 meinem kleinen Besitztum die Rede war,lautete,
823 1622 2974 1859 ob ich selbst mich mit Gartenarbeiten beschäf-
817 1819 3021 2045 tige. Als ich bemerkte, dass ich es bisher nicht
820 1935 2986 2158 weiter gebracht, als bis zum Blumenpflücken und
828 2091 3035 2329 Obstschütteln,ging sie auf den schwachen Scherz
825 2268 2766 2528 nicht ein, vielmehr erzählte sie von ihrer
831 2424 3018 2647 Sommerwohnung in der Brühl, die sie alljährlich
846 2589 3076 2801 schon im Mai mit der Mutter beziehe,und bald er-
843 2722 3029 2974 fuhr ich, dass sie abgesehen von kleinen Ausflü-
854 2870 2928 3131 gen und von einem invorigen Herbst auf einem
840 3050 2977 3267 niederösterreichischen Lardsitz bei Freunden
857 3180 3027 3403 verbrachten äufenthalt sich in der weiten Welt
863 3336 2992 3612 kaum noch umgetan hatte. Als ich Miene machte
