3336 4072
2599 330 2729 490 40
678 452 2953 666 nicht, dass auch diese spurlos gleich jenen ande-
672 664 2950 817 ren vergehen würden. Ich gab ihrer Bitte vorerst
678 777 2967 982 nach, ohne mir Rechenschaft zu geben warum; denn
675 945 3008 1159 bis zu einem gewissen Grad war es stets in meinem
684 1127 2871 1298 Belieben gestanden.Gedanken,die mir aus irgend
693 1289 3008 1455 einem Grunde unbequem waren. keine Macht über mich
695 1414 2976 1597 gewinnen zu lassen. Heute aber weiss ich,was ich
687 1591 2982 1753 damals noch nicht wissen wollte, dass ich mir kei-
693 1718 3011 1907 neswegs Marias Auffassung zu eigen machte, sondern
730 1892 2970 2051 dass mir die Entwicklung der Dinge, wie sie sich
695 2008 2932 2219 in den Anfällen Marias neuerdings ankündigte, in
695 2202 2724 2370 einem tieferen Sinne erwünscht sein musste.
1147 2367 2970 2518 Der Zustand aber, in dem ich Maria zwei
684 2501 2967 2683 Tage darauf antraf, als ich von einem meiner ein-
695 2674 2877 2840 samen Spaziergänge heimkehrte, auf die ich auch
698 2813 2831 3016 damals nicht verzichten wollte und konnte, der
704 2984 2738 3138 Anblick, den sie, einer Toten ähnlich, auf dem
693 3121 2926 3274 Fussboden hingestreckt.meinem erschrockten Ange
704 3265 2889 3445 bot.wirkte so unmittelbar auf mich ein, dass es
707 3445 2886 3610 ihm gelang eine natürliche und menschliche Re-
