3304 4184
2703 348 2819 497 55
653 464 2742 761 sie hat mich nicht gehört. Und Maria schlöft
641 668 2813 902 tief, sehr tief. Du hast gut getan, mein Freund,
647 848 2831 1046 aber du hättest mir auch sagen dürfen, dass sie
665 962 2846 1187 diesmal nicht mehr erwachen wird. Ich weiss es
668 1124 2754 1354 und ich bin ruhig, denn ick bin entschlossen.
1031 1306 2760 1480 Wor drei Wochen also bezogen wir die
671 1465 2861 1657 herrliche Villa des Conte Bardi. (Trotzdem bin
680 1621 2960 1807 ich nicht so reich,wie du daraus schliessen könn-
677 1738 3026 1998 test). Es lag wohl an dem ausserordentlichen Luft-
692 1927 2915 2157 unterschied, und an der sommerlichen Schwäle und
680 2055 3068 2271 Schwere jener ersten Septembertage, dass ich in ein
692 2214 3104 2430 Hindämmern geriet, in dem ich mir keine Rechenschaft
692 2397 2843 2598 über mich und Menschen und Dinge ausser mir
707 2520 2930 2742 zu geben versuchte. Vielleicht täuscht mich die
704 2697 2984 2891 Erinnerung, aber mir ist, als hätten Maria und ich
707 2807 2954 3083 in jenen erster Tagen unseres Aufenthaltes kaum
731 2984 2858 3203 je das Wort aneirander gerichtet. Wohl merkte
713 3155 2975 3365 ich, dass sie ohne weitere beängstigende Erschei-
713 3329 2933 3533 nungen immer schwächer wurde, gewissermassen da-
710 3476 2915 3688 hinschwand. Aber meine Gleichgültigkeit nicht
