3288 4024
1321 428 1622 551 Abends
663 442 2911 643 bis wir eines am Seeufer uns wie durch Zu-
658 612 2891 836 fall wieder einmal ansahen, ich sie, sie mich und
686 781 2957 985 jeder an des Andern Blick mit Staunen und Ergrif-
660 939 2891 1166 fenheit zum Dasein wieder erwachte. Es war der-
666 1057 2848 1269 selbe Blick,ganz derselbe, den wir, einer in des
672 1238 2762 1467 andern Auge gesenkt an jenem Ballabend, da wir
683 1398 2940 1576 plötzlich gewusst hatten, dass wir einander ange-
672 1579 2854 1717 hörten und mehr als das, dass wir einander ver-
686 1685 2992 1881 fallen waren. Wie zu einem ersten Kuss sanken wir
698 1889 2874 2079 einander in die Arme.-und jetzt erstwar es das
698 2076 988 2245 Glück.
985 2130 2888 2357 Sie wueste, dass sie verloren war und ich
701 2343 2900 2498 konnte nicht daran zweifeln, dass sie es wusste.
701 2492 2871 2682 Aber nie sprachen wir davon und sie erwartete,
706 2621 2980 2791 sie sehnte sich darnach, ich las es in ihrem hei-
706 2788 2966 2952 schenden Blick, an meinem Herzen ihr Leben auszu-
703 2911 2989 3121 hauchen. Ich wusste damals, also vor drei Tagen
712 3118 2854 3305 wusst ich noch, dass Marias Tod auch der meine
718 3227 2952 3457 sein würde. Mein Entschluss war gleich nach ih-
706 3423 2934 3644 rem letzten Atemzug mit mir ein Ende zu machen.
