6552 4376
3535 389 3776 655 1917
5315 435 5938 630 vollkennen
3556 503 6108 782 — uu stadthusta kadlame hiemitanto sitso daschaterer Deut-
326 580 2739 881 unweigerlich unterworfen sind, und dass die
4183 736 4431 835 last
927 750 1929 881 me même général, si veut
3450 740 6165 920 nev zurliessächtigste iung xxxzurufen, der
513 782 2785 977 übrigen  aufhebt, nämlich, dass
3429 860 6104 1104 genugäwi? aandr nun wieder eines rahziaadern, nicht
545 920 2849 1154 jedem Seelenzust und nur eine begrenzte Dauer
4059 1047 4406 1136 nellert
3560 1016 6136 1217 ni doim seben glückidehorene oderiuntlücklicheren,
527 1076 2785 1334 gegeönt ist, über deren Ausmass unser Wille
4392 1207 4565 1274 my
3567 1185 6012 1369 dol?“ oaber üöhebohT übertegehöheGott näheran
527 1263 1879 1462 nicht entscheidet.
4607 1334 5464 1423 als der ertheute en
1299 1270 2031 1476 d'o les décrives tous
3677 1348 6165 1554 onebus Menschónner Schleunenud
871 1408 2778 1614 Im hellsten Mittagssonnenschein, von
425 1430 817 1628 so las of
3334 1522 6115 1769 sollte einen aufläusintheaus aduensuntermeßlich reichen
481 1543 2665 1738 herber Bergluft umweht, läglich auf einer
2236 1653 2431 1734 une
3270 1638 6111 1925 't es davon in Wien aufgelegen und überallen auf den
549 1677 2888 1900 Höhenwiese, als mir pltzlich war,als wenn ich
1900 1812 2311 1886 kehrt in.
3489 1808 6126 1992 Kekooker.awar.Ündjadalmedn.Herzain seiben Augen-
510 1798 2898 2042 mich notwendig auf ingend etwas beinnen müss-
3489 1996 6165 2173 ddo in oder üblick-Reitung-Buchend nach Maria suchte,
435 1975 2835 2194 te. Trotz ihrer Peinlichkeit trat die se' En-
3638 2137 6193 2286 bau aufiduomte benassekostlläs pähdeihre Gestalt
580 2134 2792 2385 pfindung vorerst so unhestimt auf, dass ich
3595 2275 6182 2459 net, samtä sobärtsverzfaltskörperlinhe Umrissen-
566 2251 2849 2520 auch alltäglichen Erklärungen suchte, ob ich
3740 2406 6189 2615 heit vor mir b auf, doch wie in einem luft-
563 2428 2891 2697 mitwa vergessen hätte einen Brief zubhantwor-
3999 2534 6207 2753 leeren Raune schwebend, durch den kein Ruf
552 2587 2757 2849 ten oder eine Rechnung zu begleibhen;bald
1016 2704 2870 2870 spuite il veu leur étant, seulleur
3663 2714 6157 2937 raa oa-von Seele zu dringen vermochte. Aus ei-
587 2792 2700 2994 aber konnte ich mir nicht verhehlen, dass
3620 2884 6267 3072 nta als aten!begustöpätö heinjrosäh xyzhenden Sellet.
598 2919 3178 3164 mein Unbehagen auf tieferen Ursachen berichtet, um so
5765 2990 6048 3096 dien
3634 3029 6235 3231 Anuhllungfhöltungstr. heb versucht solch: dieses
446 3082 2824 3287 die nicht ohnesitsiek xu beneben waren. Da
3503 3206 6196 3376 Jegens nie aquukvollkastu###e kassdjen,dessen ich mir
591 3217 2732 3479 ich nun am Tage vorher zur selben Stunde
4912 3337 5124 3415 wird
3645 3355 6065 3532 besusat wurde, auf eine verübergehende
619 3387 2937 3585 bei gleichem Himmelslicht, vom gleichen Luft-
3705 3489 6016 3691 Ernattung zumahauführen, die zu eben
541 3532 2944 3769 ustroh unflossen, auf vorigterehen! Vieheigele-
3496 3652 6118 3932 setzle) neudruichebbe xxx ab###e körperliche
587 3702 2951 3921 eken wir verübohtb, ibhenim einem inneren Zu-
