3304 4040
2556 274 2690 475 61
718 552 2844 789 dargebracht wurde. Ich lösche mich aus, eh ich
715 718 2842 952 mich vollende. Darum habe ich mich entschlos-
735 923 1346 1123 sen xxx - -
1118 1172 2925 1309 Hier bricht der Brief ab. Der deutsche,
752 1344 2910 1504 in Mailand praktizierende Arzt. in dessen Nach-
760 1464 2953 1655 lass er gefunden wurde, hat einige Zeilen beige-
763 1635 2839 1872 fügt, die seiner Absicht nach gewiss zugleich
760 1787 2870 2024 mit dem Manuscript der Veröffentlichung über-
778 1984 2470 2135 geben werden sollten. Hier sind sie:
1149 2055 2979 2307 Den beigeschlossenen Brief fand der Un-
792 2233 2993 2479 terzeichnete am Morgen des elften Oktober acht-
795 2384 2919 2579 zehnhundertsiebenundachtzig unbeendet auf dem
803 2567 2899 2762 Schreibtisch des Dichters liegen, der ihn ver-
1770 2673 2033 2773 Namen
792 2707 3093 2953 fasst hat und dessen xxx zu verschweigen ich für
795 2873 2925 3062 angemessen halte. Er hat in der Tat - was man
800 3027 2979 3253 nach dem Inhalt und mehr noch nach dem Ton des
803 3179 2759 3422 Brieffragments wirklich nicht ohneweiters
820 3330 3076 3502 schliessen könnte, seinem Leben durch einen wohl-
843 3516 3119 3714 gezielten Schuss in die Schläfe ein Ende gemacht.
