3416 4168
530 497 2709 708 zu der der Arzt nur andeutungsweise, vorsichtig
527 680 2731 880 einen Aufschub der Hochzeit bis zum Herbst als
527 797 2679 1036 wünschenswert bezeichnet hatte, noch am selben
539 959 2955 1171 Abend eine fluchtartige Abreise, nach deren Gelingen
546 1097 2903 1355 die Mutter vor eine fertige Tatsache gestellt, ihre
546 1244 2918 1468 Einwilligung nicht länger würde verweigern können.
552 1444 2697 1652 Ohne Bedenken, ja voll Entzücken erklärte sich
2342 1554 2544 1655 Hehl
539 1609 2927 1821 Maria einverstanden. Sie machte kein xxxx aus ih-
549 1723 3013 2005 rer völligen Gleichgültigkeit gegenüber dem priester
561 1885 2804 2115 lichen Segen. Mit mir unlöslich verbunden, allen
564 2035 2970 2256 Menschen fern, je eher je lieber in die Welt hinaus-
570 2234 2808 2406 zureisen, war ihre einzige Sehnsucht, gegenüber
582 2332 2985 2605 der alle Rücksichten, auch die auf ihre zärtlich ge-
585 2492 3010 2734 liebte Mutter schweigen mussten. Diese so wenig wie
588 2682 2777 2881 irgend jemand anderer hätte ihr in den wenigen
588 2795 2967 3037 Tagen, die ich zu den Reisevorbereitungen benötigte
585 2970 2801 3218 nur die geringste Unruhe anmerken können, und ich
595 3139 2725 3356 selbst, in Verstellungskünsten gewiss nicht gar
2477 3301 2703 3473 dich f
607 3301 2332 3528 ungeübt.musste staunen, wie harmlos-
598 3439 2449 3706 die Mutter noch an dem Morgen des Tages
