3304 4056
2740 359 2856 503 46
780 489 2817 715 dem wir alle unweigerlich unterworfen sind
749 709 2811 879 und das die übrigen in einem gewissen Sinne
734 853 2856 1014 aufhebt. nämlich. dass jedem Seelenzustand nur
732 983 2768 1212 eine begrenzte Dauer gegönnt ist, über deren
743 1150 2534 1336 Ausmass unser Wille nicht entscheidet.
1144 1319 2774 1489 So lag ich eines Tages im hellsten
729 1424 2890 1644 Mittagssonnenschein, von herber Bergluft umweht
1201 1559 1709 1653 Höhenwiese
737 1636 2850 1825 auf einer xxxx, als mir plötzlich war, wie
737 1777 2955 1952 wenn ich mich notwendig auf irgend etwas höchst
737 1918 2842 2107 Wichtiges besinnen müsste, doch trat diese Em-
732 2051 2997 2260 pfindung vorerst so unbestimt auf, dass ich nach
740 2212 2774 2396 alltäglichen Erklärungen suchte,ob ich etwa
780 2362 2771 2571 vergessen hätte einen Brief zu beantworten
740 2534 2774 2726 oder eine Rechnung zu begleichen; bald aber
749 2692 2994 2896 spürte ich deutlich, dass mein Unbehagen auf tie-
737 2856 2842 3045 feren Ursachen beruhen musste, die nicht ohne-
734 2989 2828 3195 weiteres zu beheben waren. Da ich nun um Tag
746 3153 2952 3367 vorher zur selben Stunde bei gleichem Him-
732 3328 2797 3483 melslicht, vom gleiche Luftstrom umflossen,
737 3472 3006 3689 auf der gleichen Wiese gelegen war, vermochte ich
