3288 4088
2575 346 2720 451 26
771 425 2947 658 sie deswegen zu bedauern, wollte sie das durch-
777 627 2811 797 aus nicht gelten lassen, Unzufriedenheit und
788 788 3035 953 Sehnsucht lag ihrem Wesen fern; immer entschie-
774 944 2953 1089 dener gab sich mir eine noch nicht erwachte, ja
777 1100 2777 1259 kaum zum Bewusstsein ihrerselbst gelangten
780 1271 2879 1415 Seele kund, und auch unsere Begegnung, die ich
803 1395 3063 1594 jedem Aberglauben abgeneigt wie möglich, doch wie
791 1566 3074 1705 etwas Vorbestimmtes empfand, nahm sie ohne Verwun-
786 1688 2961 1889 derung und ohne jede Andacht hin; - sie hatte
808 1838 3074 2048 gewiss schon in manchem Buch von jener geheimnis-
803 2036 2882 2201 vollen Liebe auf den ersten Blick gelesen, an
791 2164 2916 2346 die ich selbst bisher nie geglaubt hatte, -die
803 2365 2916 2533 Sache schien ihr keineswegs merkwürdiger, weil
797 2513 2215 2652 sie sie an sich selbst erfuhr,
1171 2604 2896 2797 Sie wunderte sich auch nicht, als ich
794 2771 3001 2967 schon am Tag darauf meinen Besuch wiederholte;
800 2944 2970 3128 und dass in der ersten Minute eines zufälligen
805 3103 2981 3287 Alleinseins unsere Lippen sich zu einem langen
794 3293 2981 3435 Kusse fanden, ergab sich ohne Vorsatz, ohne ei-
805 3418 2978 3659 gentliche Leidenschaft, ja mit einem gleichsam
