3400 4088
2672 505 2768 625 2
1190 711 2762 944 Ueber dem See draussen liegt die
672 974 2830 1076 Nacht. Stumm, schwarz und fern ragen die Berge.
675 1124 2833 1330 Lies nur weiter, meind Freund,es ist trotzalle-
675 1282 2750 1396 dem ein Brief. Am jenseitigen Ufer längs der
675 1426 2762 1563 Strandpromenade glitzern die Lichter, die ich
675 1593 2818 1698 nicht mehr werde verlöschen sehen. Oder doch-
664 1757 2890 1853 Würdeich so gelassen, sogar mit einiger Sorgfalt
661 1889 2878 2011 meine Worte aneinanderreihen, wenn ich im Inner-
666 2071 2926 2185 sten davon überzeugt wäre, dass dieser Brief auch
666 2176 2839 2325 wirklich mein letzter, dass in ein paar Stunden
664 2307 2884 2484 wirklich alles für mich vorbei sein wird? Warum
652 2490 3025 2654 nicht? - Aber es ist immerhin beruhigend sich nicht
655 2678 3057 2777 verurteilt zu fühlen, sondern nur e nt-
655 2824 2893 2947 schlossen. Dass man etwas nicht muss,
646 3007 2914 3096 macht alles leichter, sogar das Sterben. Du ver-
652 3084 3013 3255 ziehst den Mund, mein Bester, aber du liesest weiter
640 3240 2827 3428 Dass ich schon tot bin stimmt dich milder oder
649 3461 2941 3578 doch wenigstens neugierig. Ich aber frage dich
