3368 4120
2614 397 2751 513 10
715 479 2834 727 eben durch dieses, da doch Marias Zimmer einen
715 684 2748 913 zweiten Ausgang hat? Ihr Blick hat mich ge-
721 846 2629 1050 streift, ich fühle es ohne den meinen vom
718 1032 2797 1234 Schreibtisch zu erheben. Lautlos hat sie die
779 1151 2935 1371 Höre hinter sich geschlossen.leise ist sie die
730 1328 2806 1521 Stiege hinabgegangen und jetzt höre ich ihre
730 1493 2993 1634 Schritte unten im Garten auf dem Kies. Sie atmet
733 1597 3008 1780 die Linde Nachtluft und ihre Schritte entfernen
742 1731 2907 1957 sich dem Ufer zu. Statt diesenvielleicht über-
736 1890 3087 2101 flüssigen Brief weiter zu schreiben, köntte ich ihr
736 2095 3087 2248 folgen; vielleicht erwartet sie etwas dergleichen.
742 2202 2883 2388 Aber was kümmert’s mich? Zu all dem ist es zu
754 2351 2932 2571 spät. ich habe anderes zu tun. Ich habe meinen
742 2553 3103 2706 Brief abzufassen, eine Beichte abzulegen, vielleicht
748 2660 3072 2886 auch nur eine letzte Komödie zu spielen, was weiss
757 2840 3014 3020 ich. Irgend etwas klingt zum offenen Fenster he-
748 3008 3020 3191 rauf, so leise, dass ich nicht unterscheiden kann,
766 3145 3063 3353 ob es Stimmen sind draussen vom See her oder ver-
760 3316 3213 3490 hallende Geigentöne vom Ufer gegenüber. Oder flüst
779 3460 2901 3640 tert im Garten unten die blinde Schwester, das
