3416 4168
524 457 2937 687 zu müssen.- Also, erkläre mir wie es kommt, dass auch
537 633 3027 850 heute noch, dass schon bei unserer erste Wiederbegeg
531 799 2845 1016 nung, mitten in der automatisch freudigen Ueberra-
556 917 2947 1173 schung des Erkennens, jener verräterisch-feindselige
598 1096 3004 1314 Strahl in deinem Auge aufzuckte, der mich als Knaben
566 1288 2790 1454 schon befremdete, als du, selbst beinahe noch ein
566 1406 2937 1630 Knabe, über die Schwelle meines Eltenhhuses tratest,
582 1550 3004 1780 um dich als neuer Hauslehrer vorzustellen? Und war
588 1720 2979 1947 es nicht derselbe Blick, der mich zehn Jahre später
598 1902 2886 2100 traf, als es sich fügte, dass du auf dem Mediziner-
595 2052 2957 2273 kränzchen in einem etwas unglücklich geschnittenen
595 2193 2973 2426 Frank einsam an mir vorüberstreiftest, der eben den
610 2317 3107 2528 Vorzug hatte mit einem sehr hübschen blinden Fräulein
617 2503 3065 2704 vorbeizutanzen. Und xxx war es nicht wieder derselbe
623 2643 3193 2880 etwas tückische Schimmer in deinem Aug, als du fünf oder
630 2794 3126 3024 sieben Jahre später, schon Sekundararzt im allgemeinen
630 2953 3084 3174 Krankenhause,an einer Strassenecke mit mir zusammen-
646 3049 3110 3327 treffend, nicht umhin konntest,mich zu meinem ersten
662 3244 3190 3468 Theatererfolg zu beglückwünschen, der mich, wie man sich
649 3362 3158 3641 auszudrücken pflegt, über Nacht berühmt gemacht hatte?
