3336 4136
577 659 2965 839 sen bin, noch ehe Maria, deren Tod du für morgen oder
583 801 2927 1006 für übermorgen mit solcher Sicherheit vorhergesagt
580 1019 2473 1180 hast.Zeit gefunden hat mir voranzugehen.
956 1126 2993 1312 Sie schläft. Dank deiner wundertätigen Mor
606 1299 2756 1507 phiumspritze, mein Freund, schlüft sie ruhig und
599 1441 3037 1627 tief, und die Krankenschwester, die du selbst vor drei
606 1596 3009 1766 Tagen aus Mailand uns mitzubringen die Güte hattest
596 1763 2892 1936 wacht an ihrem Bette. Die Türe ist nur angelehnt,
599 1914 3002 2081 ich höre den ruhigen Atem der Schlafenden und spüre
612 2037 3040 2233 zugleich die Nähe der Andern, der Wachenden,Gesunden,
624 2214 2920 2381 Lebenden, obwohl sie sich nicht regt und ichnicht
618 2353 3154 2561 einmal die Spitzen ihrer kleinen schwarzen Schuhe sehe
634 2536 2927 2693 (die für eine Krankenschwester auffallend elegant
669 2696 3069 2879 sind). Uebrigens habe ich seither die Gabe die Nähe
624 2829 3078 2996 von Menschen zu fühlen, mit denen sich eine seelische
615 3012 2842 3201 Verbindung angeknüpft hat. Ob ich die Schwester
618 3160 3056 3327 nicht ablösen sollte? Ob es mir nicht ziemte in die-
624 3324 2952 3485 ser Stunde in eigener Person und allein an Marias
624 3469 2993 3646 Lager zu weilen,ihre Hand in der meinen oder meine
