3336 4024
2640 336 2775 494 62
766 442 2893 666 Er wurde in seinem Schreibtischsessel tot ge-
778 651 2721 804 funden die Pistole noch krampfhaft in der
769 778 2864 990 Hand. Dass er den Brief nicht abgeschlossen
769 936 2856 1148 ist jedenfalls so zu erklären, dass er plötz-
789 1093 2945 1283 lich von der Schwester ins Nebenzimmer gerufen
778 1257 2861 1455 wurde, wo er seine Geliebte bewusstlos.in den
775 1418 2758 1576 letzten Züge fand. Er wartete, wie mir die
769 1567 2933 1751 Schwester damals selbst erzählt hat xxx nicht so
769 1745 2899 1877 Lange, bis der übrigens völlig chmerzlose To-
772 1863 2996 2049 deskampf beendet war, sondern begab sich in sein
758 2026 2902 2210 Zimmer zurück.wo er es für geraten hielt, sich
761 2170 2867 2356 möglichst rasch ins Jenseits zu befördern, um
761 2322 2853 2497 dach nicht doch am Ende genötigt zu sein das
772 2480 3080 2649 versprochene Wunderwerk zu schaffen.-wozu er übri
812 2629 2853 2833 genswie nach der Lektüre des Briefes wohl
758 2790 2850 2991 niemand zweifeln wird,völlig unfähig gewesen
763 2965 3034 3151 wäre. Denn ohne wahre Sittlichkeit,man mag sagen
763 3094 2993 3300 was man wolle, gibt es kein Gonie und dass es an
789 3243 2999 3424 jener dem nicht unbegabten Posten durchaus ge-
755 3418 2850 3642 mangelt, liest man aus jeder Zeile seines Ab-
