3288 4056
2548 341 2701 468 50
604 465 2863 667 ich, von meiner Wanderung zurückkehrend, Maria wie
615 601 2828 794 stets um diese Stunde auf einer Waldbank meiner
612 742 2744 976 harrend antraf, war ich nur mehr von dem einen
612 910 2871 1095 Gedanken erfüllt.alles aufzubieten,was in meiner
618 1072 2739 1271 und in anderer Menschen M Macht stünde, dass
610 1222 2094 1453 Maria am Leben erhalten bliebe.
1008 1335 2793 1563 Dass ihre Leiden im Laufe der letzten
624 1519 2739 1707 Wochen besondere Fortschritte gemacht hütten,
630 1638 2889 1883 war nicht anzunehmen, und jedenfalls nicht zu be-
618 1814 2947 2037 merken; es soi denn, dass wir beide uns an gewisse
624 1999 2941 2172 Mahnungen gewöhnt hatten,die öfters wiederkehrten
647 2155 2796 2349 und bei aller Bedrohlichkeit doch immer wieder
653 2273 2941 2519 einem scheinbar vollkommenen Wohlbefinden wichen.
636 2444 2762 2652 Maria nahm Mittel ein, die ihr der Florentiner
647 2617 2843 2831 Arzt verordnet hatte, sprach auch mit mir zuwei-
650 2822 2886 2996 len leichthin über ihre Krankheitserscheinungen,
653 2970 2889 3131 deren Bedeutung sie nun doch wieder nicht zu ah-
650 3114 2782 3311 nen schien, so wie auch ich mich anstellte, als
662 3264 2860 3466 würde ich ihnen koinerlei Wichtigkeit beilegen.
662 3406 2759 3602 Nun aber konnte ich nicht anders als mit mehr
