3384 4120
2508 339 2624 527 11
732 515 2972 779 Schicksal versuchend, meinen Mannen vor sich
732 663 2853 928 hin, in Sehnsucht und Angst zugleich, dass ich
747 869 3058 1083 ihn vernehme? Nun aber will ich nach Maria sehen.
1101 1041 2862 1226 Das Morphium wirkt wundervoll weiter.
732 1205 3088 1401 Maria schläft tief, ihr Atem geht ruhig wie vorher.
720 1324 3091 1514 Ueber ihrem nackten Arm, der auf der Decke las, fiel
729 1413 3002 1609 ein silberblauer Strahl, und von ihrer Stirn ging
744 1568 2966 1723 ein blasser, wie unaldischer Schimmer aus; sonst
774 1734 2960 1964 war alles dunkel im Raum. Und nun schreibe ich
732 1889 2918 2100 weiter und will dir endlich erzählen, warum ich
753 2041 3002 2246 eitschlossen bin nach eigenemRatschluss zu ster-
744 2202 3043 2383 ben, und noch vor Maria, die nach einem unerforsch-
756 2356 2889 2541 licher dahingeht. Oder sollte das am Ende auf
756 2514 2032 2704 das Gleichehinauslaufen -?
1125 2678 3127 2844 Aber wo beginneich? Als wäre es so leicht
762 2788 3043 3008 zu sagen, wo eine Geschichte anfängt. Bei unserer
768 2984 3130 3177 Geburt—? Bei unseren Eltern-? Unseren Grosseltern—?
765 3133 3032 3341 Bei Ahnen, von denen wir nichts wissen-? Urahnen,
771 3281 3165 3487 die im fernsten Dunkel der Vergangenheit verschwin-
791 3442 3046 3635 den? Es hätte seine Schwierigkeit so weit auszu-
