3320 4040
2561 334 2717 504 56
614 519 2927 715 nur gegen sie, auch gogen mich war eine vollkomme-
619 660 2881 890 ne. Zuweilen liessen wir uns beide in Kahne übers
622 789 2754 1020 Wasser treiben, ohne dass ich ein Ruder rührte
634 962 2792 1152 oder wir lagen in der kleinen Bucht des Parka
637 1115 2803 1314 unter dunkelnden Eichenschaften, hielten einan-
631 1245 2844 1467 der in der Art von Liebenden bei den Händen ge-
637 1423 2907 1642 fasst, doch war es nur mehr die Gebörde der Liebe
645 1573 2801 1804 und fast die einzige, die noch übrig geblieben
651 1691 2832 1925 war. Einander anzulächeln, sohen dazu waren wir
674 1867 2965 2057 beide zu müd. Allmählich erst kam mir die klarere
666 2049 2968 2236 Erkenntnis wieder, doch ohne jede Gefühlsbetonung,
686 2221 2881 2391 dass Maria eine zum Tode Bestimmte sei; nun ja,
692 2334 2838 2550 sie würde sterben, hier im Ort begraben werden,
692 2469 2824 2700 vielleicht gar im Park und dann würdeich eben
692 2662 2861 2850 abreisen, vielleicht in meine Heimat, vieleicht
694 2815 2922 2979 anderswohin; nach einer gewissen Zeit würde ich
689 2973 2973 3161 auch wieder zu arbeiten anfangen,wie ich es auch
692 3120 2835 3342 nach anderen Trauerfüllen, nach dem Tod meiner
712 3282 2893 3481 Mutter, einer Jugendgeliebten getan,-würde eine
712 3469 2890 3648 Komödie schreiben, kühl, glatt und frech, wie man
