3336 4104
2651 245 2884 447 19
640 398 2865 579 Sie erhob sich, streifte mich mit einem raschen,
652 563 2593 741 doch ernsten Blick, dann klappte sie ihren
716 735 2917 909 Fächer zu, schaute an sich herab und strich ihr
722 842 1399 1029 Kleid zurecht.
949 977 2896 1163 Der Geschwindigkeit, mit dereine Gedanken-
631 1114 2896 1329 reihe von schicksalsvoller Bedeutung im Hirn ab-
631 1295 3003 1476 rollt, vermag auch die gedrängteste Sprache niemals
637 1457 2731 1626 zu folgen. Was ich jetzt versuchen will, mein
634 1610 3018 1766 Freund, dir mit kurzen Worten deutlich zu machen.Er-
646 1742 2942 1941 leuchtung, Ueberlegung und Entschluss, all dies was
683 1929 2994 2100 sich im meiner Seele in de paar Augenblicken ab-
628 2042 2948 2238 gespielt.während Maria ihren kleinen Fächer zuge-
667 2186 2945 2394 klampt und ihr Kleid zurechtgestrichen, beschäf-
634 2376 2899 2535 tigte mich kaum mehr, als ich mit Maria und ihrer
624 2513 3046 2682 Mutter än einem Tisch im Logengang saas und mit ih-
631 2663 2868 2881 nen wie mit oberflächlichen alten Bekannten, die
631 2856 2945 3034 sie ja übrigens waren, von allerlei gleichgültigen
624 2969 2813 3193 Dingen plauderte. Dies aber waren vorher meine
634 3119 1436 3343 Gedanken gewesen
946 3312 2859 3478 Maria hat einen Herzfehler (die Kühnheit
628 3435 3092 3673 meiner Dlagnose bitte ich dich zweifach entschuldigt
