<?xml version="1.0" encoding="UTF-8" standalone="yes"?>
<PcGts xmlns="http://schema.primaresearch.org/PAGE/gts/pagecontent/2013-07-15" xmlns:xsi="http://www.w3.org/2001/XMLSchema-instance" xsi:schemaLocation="http://schema.primaresearch.org/PAGE/gts/pagecontent/2013-07-15 http://schema.primaresearch.org/PAGE/gts/pagecontent/2013-07-15/pagecontent.xsd">
    <Metadata>
        <Creator>prov=READ-COOP:name=TrHtr:version=2.1.0:model_id=51170:date=15_08_2023_00:04</Creator>
        <Created>2023-05-10T14:56:41.351+02:00</Created>
        <LastChange>2023-08-15T00:04:12.975+02:00</LastChange>
        <TranskribusMetadata docId="1428693" pageId="55428064" pageNr="91" tsid="132831666" status="IN_PROGRESS" userId="64420" imgUrl="https://files.transkribus.eu/Get?id=ZNNQVGVCNWARZEKKEUXUENDT&amp;fileType=view" xmlUrl="https://files.transkribus.eu/Get?id=MAALSRTOJNKIRGJQGHZBJICL" imageId="44702137"/>
    </Metadata>
    <Page imageFilename="1428693_0091.jpg" imageWidth="3288" imageHeight="3976">
        <ReadingOrder>
            <OrderedGroup id="ro_1711808956723" caption="Regions reading order">
                <RegionRefIndexed index="0" regionRef="tr_1"/>
                <RegionRefIndexed index="1" regionRef="tr_2"/>
            </OrderedGroup>
        </ReadingOrder>
        <TextRegion id="tr_1" custom="readingOrder {index:0;}">
            <Coords points="722,278 3026,278 3026,2003 722,2003"/>
            <TextLine id="tr_1_tl_1" custom="readingOrder {index:0;}">
                <Coords points="2710,381 2750,387 2777,363 2797,358 2826,337 2832,343 2861,337 2861,236 2832,244 2814,227 2791,236 2780,227 2771,233 2765,227 2727,259 2710,259"/>
                <Baseline points="2725,331 2770,331 2814,328 2859,334 2868,331"/>
                <TextEquiv>
                    <Unicode>52</Unicode>
                </TextEquiv>
            </TextLine>
            <TextLine id="tr_1_tl_2" custom="readingOrder {index:1;}">
                <Coords points="707,616 1262,686 1814,593 3018,602 2983,488 709,488"/>
                <Baseline points="722,608 743,605 788,605 832,605 877,605 922,605 967,602 1011,599 1056,599 1101,599 1146,599 1191,599 1235,596 1280,596 1325,599 1370,596 1414,594 1459,591 1504,591 1549,591 1593,591 1638,591 1683,591 1728,588 1773,588 1817,588 1862,585 1907,585 1952,582 1996,582 2041,582 2086,582 2131,582 2176,579 2220,579 2265,579 2310,576 2355,576 2399,576 2444,576 2489,576 2534,576 2579,576 2623,573 2668,573 2713,573 2758,570 2802,573 2847,570 2892,570 2937,567 2982,564 3026,561"/>
                <TextEquiv>
                    <Unicode>so glücklich, als wollte das Schicksal selbst mich</Unicode>
                </TextEquiv>
            </TextLine>
            <TextLine id="tr_1_tl_3" custom="readingOrder {index:2;}">
                <Coords points="709,762 2000,744 2390,820 2948,765 2951,660 1247,686 712,616"/>
                <Baseline points="725,758 761,758 805,758 850,755 895,758 940,755 985,755 1029,752 1074,752 1119,749 1164,749 1208,749 1253,746 1298,749 1343,749 1388,746 1432,746 1477,746 1522,743 1567,746 1611,743 1656,743 1701,743 1746,743 1790,740 1835,740 1880,743 1925,743 1970,740 2014,737 2059,737 2104,737 2149,734 2193,734 2238,734 2283,734 2328,731 2373,731 2417,731 2462,731 2507,731 2552,728 2596,728 2641,728 2686,728 2731,728 2776,728 2820,725 2865,722 2910,722 2955,716"/>
                <TextEquiv>
                    <Unicode>seines Einverständnisses, seines Wohlwollens, sei-</Unicode>
                </TextEquiv>
            </TextLine>
            <TextLine id="tr_1_tl_4" custom="readingOrder {index:3;}">
                <Coords points="707,922 2852,933 2928,907 2931,759 2713,823 707,808"/>
                <Baseline points="722,919 737,916 782,913 826,910 871,910 916,910 961,907 1005,907 1050,907 1095,904 1140,904 1185,901 1229,904 1274,904 1319,904 1364,904 1408,901 1453,901 1498,901 1543,898 1588,898 1632,898 1677,898 1722,895 1767,895 1811,895 1856,895 1901,895 1946,895 1990,892 2035,892 2080,892 2125,889 2170,889 2214,889 2259,889 2304,889 2349,886 2393,886 2438,883 2483,886 2528,883 2573,883 2617,880 2662,880 2707,880 2752,880 2796,880 2841,877 2886,874 2931,874"/>
                <TextEquiv>
                    <Unicode>ner Gnade versichern und auch Maria sah der An-</Unicode>
                </TextEquiv>
            </TextLine>
            <TextLine id="tr_1_tl_5" custom="readingOrder {index:4;}">
                <Coords points="712,1079 2184,1047 2544,1105 2881,1073 2884,954 715,977"/>
                <Baseline points="728,1068 743,1068 788,1065 832,1065 877,1065 922,1062 967,1062 1011,1059 1056,1059 1101,1059 1146,1059 1191,1059 1235,1059 1280,1059 1325,1056 1370,1056 1414,1053 1459,1056 1504,1053 1549,1053 1593,1053 1638,1053 1683,1050 1728,1050 1773,1047 1817,1047 1862,1047 1907,1047 1952,1047 1996,1047 2041,1047 2086,1044 2131,1044 2176,1044 2220,1044 2265,1041 2310,1041 2355,1041 2399,1038 2444,1038 2489,1038 2534,1038 2579,1038 2623,1038 2668,1035 2713,1035 2758,1035 2802,1032 2847,1032 2892,1032"/>
                <TextEquiv>
                    <Unicode>kunft des Arztes mit freudiger Hoffnung entge-</Unicode>
                </TextEquiv>
            </TextLine>
            <TextLine id="tr_1_tl_6" custom="readingOrder {index:5;}">
                <Coords points="718,1262 2567,1253 2925,1212 2928,1082 721,1146"/>
                <Baseline points="734,1229 740,1229 785,1220 829,1220 874,1220 919,1220 964,1217 1008,1217 1053,1217 1098,1214 1143,1211 1188,1211 1232,1211 1277,1211 1322,1211 1367,1208 1411,1208 1456,1208 1501,1208 1546,1208 1590,1208 1635,1205 1680,1208 1725,1205 1770,1202 1814,1202 1859,1202 1904,1202 1949,1202 1993,1202 2038,1199 2083,1199 2128,1196 2173,1196 2217,1196 2262,1193 2307,1193 2352,1193 2396,1193 2441,1191 2486,1191 2531,1191 2576,1193 2620,1196 2665,1193 2710,1191 2755,1191 2799,1188 2844,1188 2889,1185 2934,1182"/>
                <TextEquiv>
                    <Unicode>gen. Am nächsten Morgen stand ich am Tor, als er</Unicode>
                </TextEquiv>
            </TextLine>
            <TextLine id="tr_1_tl_7" custom="readingOrder {index:6;}">
                <Coords points="709,1413 2061,1361 2492,1433 2858,1390 2861,1273 712,1268"/>
                <Baseline points="725,1379 761,1376 805,1373 850,1373 895,1370 940,1370 985,1370 1029,1370 1074,1370 1119,1367 1164,1367 1208,1367 1253,1367 1298,1367 1343,1367 1388,1364 1432,1364 1477,1361 1522,1361 1567,1361 1611,1361 1656,1361 1701,1358 1746,1358 1790,1358 1835,1358 1880,1355 1925,1355 1970,1355 2014,1355 2059,1352 2104,1352 2149,1352 2193,1349 2238,1349 2283,1346 2328,1349 2373,1346 2417,1346 2462,1346 2507,1346 2552,1346 2596,1346 2641,1346 2686,1346 2731,1343 2776,1343 2820,1340 2865,1340"/>
                <TextEquiv>
                    <Unicode>mit Frau und Kindern angefahren kam und schon</Unicode>
                </TextEquiv>
            </TextLine>
            <TextLine id="tr_1_tl_8" custom="readingOrder {index:7;}">
                <Coords points="724,1564 2963,1550 2966,1430 727,1445"/>
                <Baseline points="740,1531 779,1528 823,1525 868,1522 913,1522 958,1522 1002,1519 1047,1519 1092,1519 1137,1519 1182,1519 1226,1519 1271,1519 1316,1519 1361,1519 1405,1516 1450,1516 1495,1516 1540,1513 1585,1513 1629,1513 1674,1513 1719,1513 1764,1510 1808,1510 1853,1510 1898,1507 1943,1510 1988,1507 2032,1507 2077,1507 2122,1504 2167,1504 2211,1504 2256,1504 2301,1501 2346,1501 2390,1501 2435,1501 2480,1501 2525,1501 2570,1501 2614,1498 2659,1498 2704,1498 2749,1498 2793,1498 2838,1495 2883,1495 2928,1495 2973,1489"/>
                <TextEquiv>
                    <Unicode>die Fröhlichkeit seines Erscheinens stärkte mei-</Unicode>
                </TextEquiv>
            </TextLine>
            <TextLine id="tr_1_tl_9" custom="readingOrder {index:8;}">
                <Coords points="718,1715 2832,1704 2832,1590 2721,1561 718,1582"/>
                <Baseline points="734,1686 779,1683 823,1680 868,1677 913,1680 958,1680 1002,1677 1047,1677 1092,1677 1137,1677 1182,1677 1226,1674 1271,1674 1316,1674 1361,1674 1405,1674 1450,1671 1495,1671 1540,1668 1585,1668 1629,1668 1674,1665 1719,1668 1764,1665 1808,1665 1853,1662 1898,1665 1943,1662 1988,1662 2032,1662 2077,1662 2122,1662 2167,1659 2211,1659 2256,1659 2301,1659 2346,1656 2390,1656 2435,1656 2480,1656 2525,1656 2570,1653 2614,1653 2659,1653 2704,1653 2749,1656 2793,1659 2838,1665"/>
                <TextEquiv>
                    <Unicode>ne Zuversicht. Da ihm mein Name bekannt war,</Unicode>
                </TextEquiv>
            </TextLine>
            <TextLine id="tr_1_tl_10" custom="readingOrder {index:9;}">
                <Coords points="721,1872 2887,1861 2890,1666 2282,1762 721,1762"/>
                <Baseline points="737,1841 746,1838 791,1835 835,1835 880,1832 925,1832 970,1832 1014,1832 1059,1829 1104,1829 1149,1829 1193,1826 1238,1826 1283,1826 1328,1829 1373,1826 1417,1826 1462,1826 1507,1823 1552,1823 1596,1823 1641,1823 1686,1820 1731,1820 1776,1823 1820,1820 1865,1820 1910,1820 1955,1817 1999,1817 2044,1817 2089,1814 2134,1811 2179,1814 2223,1814 2268,1814 2313,1814 2358,1811 2402,1811 2447,1811 2492,1808 2537,1808 2582,1808 2626,1808 2671,1805 2716,1805 2761,1805 2805,1805 2850,1805 2895,1805"/>
                <TextEquiv>
                    <Unicode>nahm er mein Ansuchen, obwohl er solche auf dem</Unicode>
                </TextEquiv>
            </TextLine>
            <TextLine id="tr_1_tl_11" custom="readingOrder {index:10;}">
                <Coords points="721,2024 2881,2000 2934,1867 721,1913"/>
                <Baseline points="737,1993 743,1993 788,1990 832,1990 877,1988 922,1988 967,1988 1011,1988 1056,1988 1101,1985 1146,1985 1191,1985 1235,1985 1280,1982 1325,1982 1370,1982 1414,1982 1459,1979 1504,1979 1549,1979 1593,1979 1638,1979 1683,1979 1728,1979 1773,1979 1817,1979 1862,1976 1907,1973 1952,1973 1996,1970 2041,1970 2086,1970 2131,1970 2176,1967 2220,1967 2265,1967 2310,1967 2355,1970 2399,1967 2444,1967 2489,1967 2534,1967 2579,1967 2623,1964 2668,1967 2713,1964 2758,1961 2802,1961 2847,1958 2892,1958 2937,1955"/>
                <TextEquiv>
                    <Unicode>Lande sonst abzulehnen gewohnt war, entgegenkom-</Unicode>
                </TextEquiv>
            </TextLine>
        </TextRegion>
        <TextRegion id="tr_2" custom="readingOrder {index:1;}">
            <Coords points="737,2063 3074,2063 3074,3556 737,3556"/>
            <TextLine id="tr_2_tl_1" custom="readingOrder {index:0;}">
                <Coords points="721,2218 1128,2143 1524,2210 1681,2140 2896,2157 2896,2032 2814,2006 1846,2070 724,2024"/>
                <Baseline points="740,2152 755,2149 799,2146 844,2146 889,2146 934,2146 979,2143 1023,2143 1068,2140 1113,2140 1158,2140 1202,2140 1247,2140 1292,2140 1337,2140 1382,2140 1426,2137 1471,2137 1516,2137 1561,2137 1605,2134 1650,2134 1695,2134 1740,2134 1785,2134 1829,2134 1874,2131 1919,2131 1964,2128 2008,2128 2053,2128 2098,2128 2143,2125 2187,2125 2232,2125 2277,2125 2322,2125 2367,2122 2411,2122 2456,2122 2501,2122 2546,2122 2590,2122 2635,2119 2680,2119 2725,2119 2770,2116 2814,2113 2859,2113 2904,2116"/>
                <TextEquiv>
                    <Unicode>mend auf und noch am gleichen Vormittag durfte</Unicode>
                </TextEquiv>
            </TextLine>
            <TextLine id="tr_2_tl_2" custom="readingOrder {index:1;}">
                <Coords points="727,2358 2021,2282 2672,2346 2983,2311 2986,2178 730,2213"/>
                <Baseline points="743,2301 755,2301 799,2301 844,2298 889,2301 934,2301 979,2298 1023,2298 1068,2298 1113,2295 1158,2295 1202,2292 1247,2292 1292,2289 1337,2289 1382,2289 1426,2289 1471,2289 1516,2289 1561,2289 1605,2289 1650,2286 1695,2286 1740,2286 1785,2286 1829,2283 1874,2283 1919,2283 1964,2283 2008,2283 2053,2283 2098,2283 2143,2280 2187,2280 2232,2280 2277,2277 2322,2277 2367,2277 2411,2277 2456,2274 2501,2274 2546,2274 2590,2274 2635,2274 2680,2271 2725,2274 2770,2271 2814,2271 2859,2271 2904,2268 2949,2265 2993,2265"/>
                <TextEquiv>
                    <Unicode>ich seinen Besuch erwarten. Doch schon der erste</Unicode>
                </TextEquiv>
            </TextLine>
            <TextLine id="tr_2_tl_3" custom="readingOrder {index:2;}">
                <Coords points="727,2477 2794,2498 2995,2466 2998,2338 730,2361"/>
                <Baseline points="743,2456 764,2456 808,2453 853,2453 898,2453 943,2456 988,2456 1032,2453 1077,2450 1122,2450 1167,2450 1211,2447 1256,2447 1301,2444 1346,2447 1391,2447 1435,2444 1480,2444 1525,2450 1570,2444 1614,2444 1659,2444 1704,2441 1749,2441 1793,2438 1838,2438 1883,2438 1928,2438 1973,2438 2017,2438 2062,2435 2107,2435 2152,2435 2196,2435 2241,2432 2286,2432 2331,2432 2376,2432 2420,2432 2465,2432 2510,2435 2555,2432 2599,2432 2644,2432 2689,2429 2734,2429 2779,2426 2823,2426 2868,2426 2913,2423 2958,2423 3002,2420"/>
                <TextEquiv>
                    <Unicode>Blick,mit dem er eintretend Maria ins Auge fass-</Unicode>
                </TextEquiv>
            </TextLine>
            <TextLine id="tr_2_tl_4" custom="readingOrder {index:3;}">
                <Coords points="733,2669 2198,2596 2707,2675 3070,2628 3073,2506 736,2524"/>
                <Baseline points="749,2611 791,2608 835,2608 880,2611 925,2608 970,2608 1014,2608 1059,2608 1104,2608 1149,2608 1193,2605 1238,2602 1283,2602 1328,2602 1373,2602 1417,2605 1462,2605 1507,2602 1552,2602 1596,2599 1641,2599 1686,2599 1731,2599 1776,2596 1820,2596 1865,2596 1910,2593 1955,2596 1999,2593 2044,2593 2089,2593 2134,2593 2179,2593 2223,2590 2268,2587 2313,2587 2358,2587 2402,2587 2447,2587 2492,2590 2537,2593 2582,2590 2626,2590 2671,2587 2716,2587 2761,2584 2805,2584 2850,2584 2895,2584 2940,2579 2984,2582 3029,2579 3074,2582"/>
                <TextEquiv>
                    <Unicode>te, die auf den D ivan hingestreckt lag, drückte für</Unicode>
                </TextEquiv>
            </TextLine>
            <TextLine id="tr_2_tl_5" custom="readingOrder {index:4;}">
                <Coords points="724,2780 2809,2812 2983,2771 2986,2611 1649,2710 727,2675"/>
                <Baseline points="741,2771 755,2770 799,2767 844,2767 889,2767 934,2767 979,2764 1023,2764 1068,2761 1113,2761 1158,2764 1202,2764 1247,2761 1292,2761 1337,2758 1382,2758 1426,2758 1471,2758 1516,2755 1561,2755 1605,2755 1650,2755 1695,2755 1740,2755 1785,2755 1829,2752 1874,2752 1919,2752 1964,2752 2008,2752 2053,2752 2098,2752 2143,2749 2187,2746 2232,2743 2277,2743 2322,2743 2367,2743 2411,2743 2456,2743 2501,2743 2546,2743 2590,2740 2635,2740 2680,2740 2725,2737 2770,2740 2814,2734 2859,2734 2904,2734 2949,2734 2993,2734"/>
                <TextEquiv>
                    <Unicode>mich wenigstens ein so untrügliches und erschüt-</Unicode>
                </TextEquiv>
            </TextLine>
            <TextLine id="tr_2_tl_6" custom="readingOrder {index:5;}">
                <Coords points="736,2960 2969,2919 2884,2812 2309,2849 2053,2780 1811,2849 739,2838"/>
                <Baseline points="752,2922 782,2922 826,2922 871,2922 916,2922 961,2919 1005,2919 1050,2919 1095,2919 1140,2919 1185,2916 1229,2916 1274,2916 1319,2916 1364,2913 1408,2913 1453,2910 1498,2913 1543,2913 1588,2910 1632,2910 1677,2907 1722,2907 1767,2907 1811,2907 1856,2904 1901,2904 1946,2904 1990,2904 2035,2904 2080,2904 2125,2901 2170,2904 2214,2901 2259,2901 2304,2901 2349,2901 2393,2901 2438,2901 2483,2901 2528,2898 2573,2898 2617,2898 2662,2898 2707,2898 2752,2895 2796,2895 2841,2895 2886,2898 2931,2901 2976,2907"/>
                <TextEquiv>
                    <Unicode>terndes Erkennen ihres Zustandes aus, dass alles,</Unicode>
                </TextEquiv>
            </TextLine>
            <TextLine id="tr_2_tl_7" custom="readingOrder {index:6;}">
                <Coords points="730,3082 2791,3108 2908,3070 2910,2942 733,2992"/>
                <Baseline points="746,3080 767,3080 811,3080 856,3080 901,3080 946,3077 991,3077 1035,3077 1080,3074 1125,3071 1170,3071 1214,3071 1259,3071 1304,3071 1349,3074 1393,3071 1438,3071 1483,3071 1528,3068 1573,3068 1617,3068 1662,3068 1707,3065 1752,3065 1796,3065 1841,3065 1886,3062 1931,3062 1976,3062 2020,3059 2065,3059 2110,3059 2155,3059 2199,3059 2244,3059 2289,3059 2334,3059 2379,3059 2423,3059 2468,3056 2513,3056 2558,3056 2602,3056 2647,3053 2692,3050 2737,3053 2782,3050 2826,3050 2871,3050 2916,3053"/>
                <TextEquiv>
                    <Unicode>was ich nach erfolgter Untersuchung aus seinem</Unicode>
                </TextEquiv>
            </TextLine>
            <TextLine id="tr_2_tl_8" custom="readingOrder {index:7;}">
                <Coords points="721,3280 2899,3256 2902,3082 724,3152"/>
                <Baseline points="737,3235 758,3232 802,3232 847,3232 892,3229 937,3226 982,3226 1026,3226 1071,3226 1116,3226 1161,3226 1205,3226 1250,3223 1295,3223 1340,3226 1385,3226 1429,3223 1474,3220 1519,3220 1564,3220 1608,3220 1653,3217 1698,3217 1743,3214 1788,3211 1832,3214 1877,3214 1922,3211 1967,3211 2011,3208 2056,3211 2101,3211 2146,3211 2190,3211 2235,3208 2280,3208 2325,3208 2370,3208 2414,3208 2459,3211 2504,3208 2549,3208 2593,3205 2638,3205 2683,3202 2728,3205 2773,3202 2817,3205 2862,3202 2907,3205"/>
                <TextEquiv>
                    <Unicode>Munde vernahm, mir keine Ueberraschung bereiten</Unicode>
                </TextEquiv>
            </TextLine>
            <TextLine id="tr_2_tl_9" custom="readingOrder {index:8;}">
                <Coords points="730,3422 2710,3393 2826,3373 2829,3277 733,3288"/>
                <Baseline points="746,3390 773,3387 817,3387 862,3387 907,3387 952,3384 996,3384 1041,3381 1086,3381 1131,3381 1176,3381 1220,3379 1265,3379 1310,3379 1355,3379 1399,3379 1444,3379 1489,3376 1534,3376 1579,3376 1623,3376 1668,3373 1713,3373 1758,3373 1802,3373 1847,3370 1892,3370 1937,3373 1982,3370 2026,3367 2071,3370 2116,3370 2161,3370 2205,3370 2250,3370 2295,3367 2340,3367 2385,3370 2429,3367 2474,3367 2519,3364 2564,3364 2608,3364 2653,3361 2698,3361 2743,3358 2787,3361 2832,3361"/>
                <TextEquiv>
                    <Unicode>konnte. Zwar versuchte er auch mir gegenüber</Unicode>
                </TextEquiv>
            </TextLine>
            <TextLine id="tr_2_tl_10" custom="readingOrder {index:9;}">
                <Coords points="736,3565 1666,3623 2963,3527 2919,3410 739,3451"/>
                <Baseline points="752,3546 776,3546 820,3543 865,3543 910,3543 955,3543 999,3543 1044,3543 1089,3540 1134,3540 1179,3540 1223,3540 1268,3537 1313,3537 1358,3537 1402,3537 1447,3534 1492,3534 1537,3534 1582,3534 1626,3531 1671,3531 1716,3531 1761,3528 1805,3528 1850,3531 1895,3531 1940,3528 1985,3528 2029,3528 2074,3528 2119,3528 2164,3525 2208,3525 2253,3525 2298,3525 2343,3522 2387,3522 2432,3525 2477,3525 2522,3525 2567,3525 2611,3525 2656,3522 2701,3522 2746,3522 2790,3519 2835,3519 2880,3519 2925,3519 2970,3519"/>
                <TextEquiv>
                    <Unicode>zuerst mit der Wahrheit zurückzuhalten, und riet</Unicode>
                </TextEquiv>
            </TextLine>
        </TextRegion>
    </Page>
</PcGts>
