3432 4152
635 592 2917 823 Nun, es bedurfte keiner besonderen Seelenkunde, um
648 731 3130 947 deine Blicke, wie deine ganze Grundstimmung mir gegen-
657 907 3022 1104 über zu erfassen; - zu verwundern ist nur, dass sie
660 1070 2893 1298 auch nach so langer Zeit unvermindert andauert
675 1196 3028 1446 und dass es dir nicht einmal gelingt in diesen für
669 1329 3081 1591 mich wie du wohl annehmen musst, schweren Tagen dich
688 1533 2862 1733 so weit zu beherrschen, um ein freundliches, ja,
697 1662 2942 1893 um nur ein unbefanges Wort mir gegenüber zu fin-
706 1819 2926 2041 den. Zum Neid gebe ich dir doch in keiner Weise
700 1989 2893 2193 mehr Anlass;- selbst mein Ruhm, der dir als der
731 2115 3031 2325 eines Dichters wohl nie sonderlich erstrebenswert
734 2300 2930 2523 erschienen sein dürfte, gehört nicht zu der Art,
734 2433 3016 2652 die die Welt mit ihrem Widerhall erfüllt, und ich
743 2593 2930 2828 zweifle so wenig daran als du, dass in etlichen
743 2732 2945 2963 Jahrzehnten kein Hahn mehr nach mir und meinen
749 2871 3130 3133 Werken krühen wird. Warum also, mein Freund, dieser
759 3071 3056 3300 unauslöschl ichs Hass gegen einen Menschen, dem du
771 3226 3189 3429 doch bisher nichts weiter vorzuwerfen hast, als dass
783 3367 3124 3596 er nicht besser, auch nicht schlechter, nur eben an-
