3352 4088
2640 314 2787 493 zo
804 469 2717 663 ausdrückte, hatte er der T ochter vererbt,
795 672 2899 821 die mir. während ich mit der Mutter plauderte,
795 804 3154 983 in einem dunkelblauen Samtfautouil,ohne Hände oder
804 945 3025 1153 Arme aufzustützen, zuerst ganz schweigsam gegen-
795 1144 2940 1308 übersass. Erst später beteiligte sie sich am
816 1288 2767 1429 Gespräch und ihre erste Frage,da eben von
801 1467 2948 1575 meinem kleinen Besitztum die Rede war, lautete
824 1570 2969 1722 ob ich selbst mich mit Gartenarbeiten beschäf-
813 1740 3031 1898 tige. Als ich bemerkte, dass ich es bisher nicht
819 1904 2989 2068 weiter gebracht, als bis zum Blumenpflücken und
816 2030 3045 2218 Obstschütteln, ging sie auf den schwachen Scherz
813 2253 2761 2397 nicht ein, vielmehr erzählte sie von ihrer
816 2359 3010 2526 Sommerwohnung in der Brühl, die sie alljährlich
819 2485 3057 2693 schon im Mai mit der Mutter beziehe, und bald er-
816 2646 3028 2834 fuhr ich, dass sie abgesehen von kleinen Ausflü-
819 2837 2907 2978 gen und von einem invorigen Herbst auf einem
804 2981 2904 3157 niederösterreichischen Lardsitz bei Freunden
819 3124 2992 3312 verbrachten Eufenthalt sich in der weiten Welt
819 3254 2966 3482 kaum noch umgetan hatte. Als ich Miene machte
