3304 4200
2585 345 2714 523 50
638 558 2884 684 ich, von meiner Wanderung zurückkehrend, Maria wie
641 658 2840 808 stets um diese Stunde auf einer Waldbank meiner
635 819 2769 963 harrend antraf, war ich nur mehr von dem einen
638 989 2886 1118 Gedanken erfüllt,alles aufzubieten, was in meiner
635 1133 2766 1271 und in anderer Menschen M Macht stünde, dass
630 1320 2093 1417 Maria am Leben erhalten bliebe.
1052 1455 2809 1581 Dass ihre Leiden im Laufe der letzten
638 1644 2737 1734 Wochen besondere Fortschritte gemacht hütten,
635 1754 2898 1877 war nicht anzunehmen, und jedenfalls nicht zu be-
635 1912 2941 2061 merken; es sei denn, dass wir beide uns an gewisse
630 2113 2935 2196 Mahnungen gewöhnt hatten, die öfters wiederkehrten
638 2231 2812 2349 und bei aller Bedrohlichkeit doch immer wieder
641 2383 2930 2507 einem scheinbar vollkommenen Wohlbefinden wichen.
641 2550 2766 2671 Maria nahm Mittel ein, die ihr der Florentiner
653 2685 2835 2829 Arzt verordnet hatte, sprach auch mit mir zuwei-
647 2840 2881 3004 len leichthin über ihre Krankheitserscheinungen,
641 3013 2904 3131 deren Bedeutung sie nun doch wieder nicht zu ah-
2840 3094 2961 3234 G.H.F.P
638 3208 2763 3361 nen schien, so wie auch ich mich anstellte, als
2740 3214 2944 3364 Monsieur
641 3349 2852 3539 würde ich ihnen keinerlei Wichtigkeit beilegen.
641 3513 2760 3723 Nun aber konnte ich nicht anders als mit mehr
1693 3597 1814 3677 932.
1860 3591 2087 3709 G.C.F.P
