3336 4120
2485 303 2634 511 13
582 477 2891 740 Pepi die dämonischeste Syringe dargestellt hatte,
604 699 2860 894 die sich träumen liessen, blickten wir doch beide
588 857 2943 1043 auf diesem Balle nach anderen neuen Gesichtern und
604 997 2767 1210 wohl auch, unbewusst natürlich, nach einem neuen
604 1167 3018 1353 echteren Glücke aus. So war mein Auge schon manchen
607 1312 2987 1483 blauen, braunen, bekannten, unbekannten in flüchtigem,
600 1501 2928 1628 fragendem, lookendem Gruss begegnet.-als plötzlich
610 1643 3024 1758 ein Blick sich in den meinen senkte, so dunkel leuch-
650 1789 2965 1891 tend und ernst, dass ich ihn noch immer in Aug und
610 1907 3089 2098 Sinn unverlöscht weitertrug, als schon die ganze Länge
607 2095 3005 2235 des Saals sich zwischen uns dehnte und tausend Men-
613 2269 3030 2377 schen,- nein, Schatten waren es – zwischen uns einher-
613 2380 3089 2597 schwebten. Wo war Syringe? Meinem Arm entglitten, ohne
607 2572 2980 2677 das ich es nur gemerkt hätte. Irgendwor hatte sie
604 2702 3086 2857 mir entführt, da tanzte sie schon mit ihm an mir vorü-
659 2869 3070 2980 ber und lachte mich spöttisch-vergnügt an; aber ihr
607 3039 2959 3141 Mund blieb halb offen und sie sah kostbar dumm er-
622 3194 2974 3299 schrocken aus, als ich ihr das Lächeln nicht einmal
619 3343 2971 3516 zur okgab, sondern an ihr vorbei, vielmehr durch sie
613 3513 2987 3720 hindurchsah wie durch ein Gespenst. Sie schüttelte
