<?xml version="1.0" encoding="UTF-8" standalone="yes"?>
<PcGts xmlns="http://schema.primaresearch.org/PAGE/gts/pagecontent/2013-07-15" xmlns:xsi="http://www.w3.org/2001/XMLSchema-instance" xsi:schemaLocation="http://schema.primaresearch.org/PAGE/gts/pagecontent/2013-07-15 http://schema.primaresearch.org/PAGE/gts/pagecontent/2013-07-15/pagecontent.xsd">
    <Metadata>
        <Creator>prov=READ-COOP:name=TrHtr:version=2.1.0:model_id=51170:date=15_08_2023_00:03</Creator>
        <Created>2023-05-10T14:56:38.160+02:00</Created>
        <LastChange>2023-08-15T00:03:53.072+02:00</LastChange>
        <TranskribusMetadata docId="1428693" pageId="55427942" pageNr="71" tsid="132831646" status="IN_PROGRESS" userId="64420" imgUrl="https://files.transkribus.eu/Get?id=WHDFYOHQUIVBSGPHXQSDQMYK&amp;fileType=view" xmlUrl="https://files.transkribus.eu/Get?id=MTNQLTJZOSYMAQWKBEVWYCLI" imageId="44702015"/>
    </Metadata>
    <Page imageFilename="1428693_0071.jpg" imageWidth="3288" imageHeight="4072">
        <ReadingOrder>
            <OrderedGroup id="ro_1711808916295" caption="Regions reading order">
                <RegionRefIndexed index="0" regionRef="tr_1"/>
                <RegionRefIndexed index="1" regionRef="tr_2"/>
            </OrderedGroup>
        </ReadingOrder>
        <TextRegion id="tr_1" custom="readingOrder {index:0;}">
            <Coords points="555,418 3149,418 3149,2592 555,2592"/>
            <TextLine id="tr_1_tl_1" custom="readingOrder {index:0;}">
                <Coords points="2632,509 2658,515 2693,496 2706,499 2735,474 2745,483 2761,483 2764,267 2738,264 2732,271 2716,254 2690,245 2635,254"/>
                <Baseline points="2650,471 2695,468 2740,468 2770,471"/>
                <TextEquiv>
                    <Unicode>32</Unicode>
                </TextEquiv>
            </TextLine>
            <TextLine id="tr_1_tl_2" custom="readingOrder {index:1;}">
                <Coords points="538,799 2699,780 3034,741 3034,638 538,654"/>
                <Baseline points="555,722 579,722 623,719 668,722 713,719 758,719 803,719 847,719 892,719 937,716 982,719 1026,719 1071,716 1116,716 1161,716 1206,716 1250,719 1295,716 1340,716 1385,716 1429,713 1474,713 1519,713 1564,716 1609,713 1653,713 1698,713 1743,713 1788,710 1832,710 1877,710 1922,707 1967,707 2012,707 2056,704 2101,707 2146,704 2191,704 2236,704 2280,707 2325,704 2370,704 2415,701 2459,701 2504,701 2549,701 2594,701 2639,701 2683,701 2728,701 2773,701 2818,701 2862,701 2907,701 2952,698 2997,695 3042,698"/>
                <TextEquiv>
                    <Unicode>wahren Berufung aufs Kläglichste vergessen hatte.Die-</Unicode>
                </TextEquiv>
            </TextLine>
            <TextLine id="tr_1_tl_3" custom="readingOrder {index:2;}">
                <Coords points="551,937 2964,934 2964,780 551,799"/>
                <Baseline points="570,877 594,874 638,874 683,874 728,874 773,874 817,871 862,871 907,871 952,874 997,871 1041,871 1086,871 1131,868 1176,868 1221,868 1265,868 1310,868 1355,868 1400,868 1444,868 1489,868 1534,868 1579,868 1624,868 1668,865 1713,865 1758,865 1803,865 1847,865 1892,865 1937,862 1982,862 2027,862 2071,859 2116,862 2161,859 2206,859 2250,862 2295,859 2340,859 2385,859 2430,859 2474,856 2519,856 2564,856 2609,856 2653,856 2698,856 2743,856 2788,856 2833,856 2877,856 2922,856 2967,862"/>
                <TextEquiv>
                    <Unicode>ser aber ward ich mir jetzt in einem bisher von mir</Unicode>
                </TextEquiv>
            </TextLine>
            <TextLine id="tr_1_tl_4" custom="readingOrder {index:3;}">
                <Coords points="548,1111 2844,1076 2944,1047 2947,921 548,979"/>
                <Baseline points="564,1032 579,1032 623,1029 668,1032 713,1029 758,1029 803,1029 847,1029 892,1029 937,1029 982,1026 1026,1026 1071,1026 1116,1026 1161,1023 1206,1023 1250,1023 1295,1026 1340,1023 1385,1023 1429,1023 1474,1023 1519,1023 1564,1023 1609,1020 1653,1020 1698,1020 1743,1018 1788,1018 1832,1018 1877,1018 1922,1020 1967,1018 2012,1018 2056,1018 2101,1015 2146,1015 2191,1015 2236,1015 2280,1015 2325,1012 2370,1015 2415,1012 2459,1012 2504,1012 2549,1012 2594,1012 2639,1012 2683,1012 2728,1012 2773,1012 2818,1012 2862,1012 2907,1012 2952,1015"/>
                <TextEquiv>
                    <Unicode>nicht gekannten, kaum geshnten Masse neu bewusst und</Unicode>
                </TextEquiv>
            </TextLine>
            <TextLine id="tr_1_tl_5" custom="readingOrder {index:4;}">
                <Coords points="551,1234 2722,1237 2783,1082 551,1108"/>
                <Baseline points="567,1188 594,1185 638,1188 683,1188 728,1185 773,1185 817,1185 862,1185 907,1182 952,1182 997,1182 1041,1182 1086,1179 1131,1179 1176,1179 1221,1179 1265,1179 1310,1179 1355,1179 1400,1179 1444,1179 1489,1179 1534,1179 1579,1179 1624,1179 1668,1179 1713,1179 1758,1176 1803,1176 1847,1176 1892,1176 1937,1179 1982,1176 2027,1176 2071,1173 2116,1173 2161,1173 2206,1173 2250,1170 2295,1173 2340,1170 2385,1173 2430,1170 2474,1170 2519,1173 2564,1173 2609,1173 2653,1170 2698,1170 2743,1170 2788,1173"/>
                <TextEquiv>
                    <Unicode>zugleich mit ihr und mit der gleichen Macht, als</Unicode>
                </TextEquiv>
            </TextLine>
            <TextLine id="tr_1_tl_6" custom="readingOrder {index:5;}">
                <Coords points="551,1401 2683,1414 2935,1379 2935,1231 551,1247"/>
                <Baseline points="570,1343 614,1340 659,1340 704,1340 749,1340 794,1340 838,1340 883,1337 928,1337 973,1337 1018,1334 1062,1334 1107,1337 1152,1337 1197,1334 1241,1334 1286,1334 1331,1334 1376,1334 1421,1334 1465,1334 1510,1331 1555,1331 1600,1331 1644,1334 1689,1331 1734,1331 1779,1331 1824,1328 1868,1328 1913,1328 1958,1331 2003,1331 2047,1331 2092,1331 2137,1328 2182,1328 2227,1328 2271,1328 2316,1328 2361,1328 2406,1325 2450,1325 2495,1322 2540,1325 2585,1325 2630,1325 2674,1325 2719,1325 2764,1325 2809,1325 2853,1325 2898,1331 2943,1334"/>
                <TextEquiv>
                    <Unicode>wären diese beiden Seelenkräfte untrennbar vereint,</Unicode>
                </TextEquiv>
            </TextLine>
            <TextLine id="tr_1_tl_7" custom="readingOrder {index:6;}">
                <Coords points="544,1553 2294,1572 2474,1495 2622,1556 2957,1495 2960,1404 544,1446"/>
                <Baseline points="561,1498 588,1498 632,1495 677,1495 722,1498 767,1495 812,1495 856,1495 901,1495 946,1492 991,1489 1035,1489 1080,1492 1125,1492 1170,1492 1215,1492 1259,1492 1304,1489 1349,1489 1394,1489 1438,1489 1483,1489 1528,1489 1573,1489 1618,1489 1662,1489 1707,1489 1752,1486 1797,1486 1841,1486 1886,1483 1931,1483 1976,1486 2021,1486 2065,1483 2110,1486 2155,1483 2200,1483 2244,1483 2289,1483 2334,1483 2379,1483 2424,1483 2468,1480 2513,1480 2558,1480 2603,1477 2647,1480 2692,1480 2737,1480 2782,1480 2827,1477 2871,1477 2916,1477 2961,1477"/>
                <TextEquiv>
                    <Unicode>meiner Liebe zu Maria. Dass es mir bestimmt war vom</Unicode>
                </TextEquiv>
            </TextLine>
            <TextLine id="tr_1_tl_8" custom="readingOrder {index:7;}">
                <Coords points="557,1694 2864,1688 2896,1556 557,1585"/>
                <Baseline points="576,1656 620,1650 665,1650 710,1650 755,1650 800,1650 844,1650 889,1650 934,1650 979,1650 1023,1650 1068,1650 1113,1647 1158,1650 1203,1650 1247,1647 1292,1647 1337,1647 1382,1644 1426,1641 1471,1644 1516,1644 1561,1644 1606,1644 1650,1641 1695,1641 1740,1641 1785,1641 1830,1641 1874,1641 1919,1641 1964,1641 2009,1641 2053,1641 2098,1641 2143,1638 2188,1641 2233,1641 2277,1638 2322,1638 2367,1641 2412,1638 2456,1635 2501,1635 2546,1638 2591,1635 2636,1638 2680,1635 2725,1635 2770,1635 2815,1632 2859,1629 2904,1627"/>
                <TextEquiv>
                    <Unicode>ersten Augenblick des Besitzes an für sie zu zit-</Unicode>
                </TextEquiv>
            </TextLine>
            <TextLine id="tr_1_tl_9" custom="readingOrder {index:8;}">
                <Coords points="548,1862 2996,1843 2976,1707 551,1720"/>
                <Baseline points="570,1812 585,1809 629,1806 674,1806 719,1806 764,1809 809,1806 853,1806 898,1806 943,1806 988,1806 1032,1803 1077,1803 1122,1803 1167,1803 1212,1803 1256,1803 1301,1803 1346,1803 1391,1800 1435,1800 1480,1800 1525,1800 1570,1800 1615,1797 1659,1800 1704,1800 1749,1800 1794,1800 1838,1797 1883,1797 1928,1797 1973,1794 2018,1794 2062,1797 2107,1797 2152,1797 2197,1797 2241,1797 2286,1797 2331,1797 2376,1794 2421,1794 2465,1794 2510,1791 2555,1794 2600,1794 2645,1794 2689,1794 2734,1794 2779,1794 2824,1791 2868,1794 2913,1794 2958,1797 3003,1806"/>
                <TextEquiv>
                    <Unicode>tern, auferlegt sie durch eigene Schuld zu verlieren,</Unicode>
                </TextEquiv>
            </TextLine>
            <TextLine id="tr_1_tl_10" custom="readingOrder {index:9;}">
                <Coords points="554,2020 3144,2004 3144,1830 554,1884"/>
                <Baseline points="573,1967 597,1964 641,1961 686,1961 731,1961 776,1961 820,1961 865,1961 910,1961 955,1961 1000,1961 1044,1961 1089,1958 1134,1961 1179,1958 1223,1958 1268,1958 1313,1958 1358,1958 1403,1955 1447,1958 1492,1958 1537,1955 1582,1955 1627,1955 1671,1955 1716,1955 1761,1955 1806,1955 1850,1952 1895,1952 1940,1952 1985,1952 2030,1952 2074,1952 2119,1955 2164,1955 2209,1955 2253,1955 2298,1952 2343,1952 2388,1949 2433,1949 2477,1949 2522,1952 2567,1952 2612,1949 2656,1949 2701,1952 2746,1949 2791,1949 2836,1946 2880,1946 2925,1943 2970,1946 3015,1946 3059,1949 3104,1952 3149,1955"/>
                <TextEquiv>
                    <Unicode>und dass ich mir zugleich zutraute, ja die Verpflichtung</Unicode>
                </TextEquiv>
            </TextLine>
            <TextLine id="tr_1_tl_11" custom="readingOrder {index:10;}">
                <Coords points="548,2155 2864,2161 2993,2136 2993,2023 548,2052"/>
                <Baseline points="564,2122 582,2119 626,2116 671,2119 716,2119 761,2119 806,2116 850,2116 895,2113 940,2116 985,2116 1029,2113 1074,2113 1119,2113 1164,2113 1209,2113 1253,2113 1298,2110 1343,2110 1388,2110 1432,2110 1477,2110 1522,2110 1567,2110 1612,2110 1656,2110 1701,2110 1746,2107 1791,2110 1835,2110 1880,2110 1925,2107 1970,2104 2015,2104 2059,2107 2104,2107 2149,2104 2194,2104 2239,2104 2283,2107 2328,2104 2373,2104 2418,2101 2462,2101 2507,2101 2552,2101 2597,2101 2642,2101 2686,2101 2731,2101 2776,2101 2821,2101 2865,2101 2910,2098 2955,2101 3000,2104"/>
                <TextEquiv>
                    <Unicode>auf mich nahm durch ein Werk, das vor Gott höher an-</Unicode>
                </TextEquiv>
            </TextLine>
            <TextLine id="tr_1_tl_12" custom="readingOrder {index:11;}">
                <Coords points="557,2319 1653,2345 1807,2271 2303,2348 2918,2281 2954,2194 557,2219"/>
                <Baseline points="576,2274 585,2271 629,2271 674,2268 719,2271 764,2268 809,2271 853,2271 898,2271 943,2271 988,2268 1032,2268 1077,2265 1122,2265 1167,2268 1212,2268 1256,2268 1301,2268 1346,2265 1391,2265 1435,2265 1480,2265 1525,2265 1570,2265 1615,2265 1659,2262 1704,2262 1749,2262 1794,2262 1838,2262 1883,2262 1928,2262 1973,2262 2018,2262 2062,2262 2107,2259 2152,2259 2197,2259 2241,2262 2286,2262 2331,2262 2376,2259 2421,2259 2465,2259 2510,2256 2555,2259 2600,2259 2645,2259 2689,2259 2734,2259 2779,2259 2824,2256 2868,2256 2913,2256 2958,2256"/>
                <TextEquiv>
                    <Unicode>zuschlagen war als ein Menschenleben, dieser Schuld</Unicode>
                </TextEquiv>
            </TextLine>
            <TextLine id="tr_1_tl_13" custom="readingOrder {index:12;}">
                <Coords points="551,2490 2957,2496 3005,2323 551,2355"/>
                <Baseline points="567,2427 594,2427 638,2427 683,2424 728,2424 773,2424 817,2424 862,2427 907,2427 952,2427 997,2427 1041,2427 1086,2427 1131,2430 1176,2427 1221,2424 1265,2421 1310,2421 1355,2421 1400,2421 1444,2421 1489,2421 1534,2421 1579,2421 1624,2424 1668,2421 1713,2421 1758,2421 1803,2421 1847,2421 1892,2418 1937,2418 1982,2418 2027,2418 2071,2415 2116,2418 2161,2415 2206,2415 2250,2415 2295,2418 2340,2418 2385,2418 2430,2415 2474,2415 2519,2412 2564,2415 2609,2415 2653,2415 2698,2415 2743,2415 2788,2412 2833,2412 2877,2415 2922,2412 2967,2412 3012,2409"/>
                <TextEquiv>
                    <Unicode>wieder ledig zu werden, das muste meinef Leidenschaft</Unicode>
                </TextEquiv>
            </TextLine>
            <TextLine id="tr_1_tl_14" custom="readingOrder {index:13;}">
                <Coords points="544,2658 2522,2580 2819,2648 2964,2622 2964,2477 544,2532"/>
                <Baseline points="561,2579 597,2582 641,2582 686,2582 731,2582 776,2582 820,2582 865,2579 910,2579 955,2579 1000,2576 1044,2579 1089,2579 1134,2579 1179,2579 1223,2576 1268,2576 1313,2579 1358,2576 1403,2576 1447,2579 1492,2576 1537,2573 1582,2573 1627,2573 1671,2576 1716,2573 1761,2573 1806,2573 1850,2573 1895,2573 1940,2570 1985,2573 2030,2573 2074,2573 2119,2573 2164,2573 2209,2573 2253,2573 2298,2573 2343,2570 2388,2570 2433,2570 2477,2570 2522,2570 2567,2567 2612,2567 2656,2570 2701,2570 2746,2570 2791,2570 2836,2570 2880,2570 2925,2573 2970,2576"/>
                <TextEquiv>
                    <Unicode>so sehr ins Ungeheuere steigern, dass sie fähig</Unicode>
                </TextEquiv>
            </TextLine>
        </TextRegion>
        <TextRegion id="tr_2" custom="readingOrder {index:1;}">
            <Coords points="561,2672 3119,2672 3119,3702 561,3702"/>
            <TextLine id="tr_2_tl_1" custom="readingOrder {index:0;}">
                <Coords points="551,2783 2612,2802 2947,2735 2947,2625 551,2664"/>
                <Baseline points="570,2737 582,2734 626,2734 671,2737 716,2737 761,2737 806,2734 850,2734 895,2731 940,2734 985,2734 1029,2734 1074,2734 1119,2731 1164,2734 1209,2731 1253,2731 1298,2731 1343,2731 1388,2731 1432,2731 1477,2731 1522,2731 1567,2731 1612,2731 1656,2731 1701,2731 1746,2731 1791,2731 1835,2731 1880,2731 1925,2728 1970,2731 2015,2728 2059,2728 2104,2728 2149,2728 2194,2725 2239,2725 2283,2725 2328,2728 2373,2725 2418,2725 2462,2725 2507,2725 2552,2722 2597,2722 2642,2725 2686,2725 2731,2722 2776,2722 2821,2722 2865,2722 2910,2722 2955,2728"/>
                <TextEquiv>
                    <Unicode>war innerhalb einer karg zugemessenen Frist das ge-</Unicode>
                </TextEquiv>
            </TextLine>
            <TextLine id="tr_2_tl_2" custom="readingOrder {index:1;}">
                <Coords points="557,2947 2790,2964 3115,2918 3115,2793 557,2819"/>
                <Baseline points="576,2895 611,2892 656,2889 701,2889 746,2889 791,2889 835,2889 880,2886 925,2886 970,2886 1015,2886 1059,2886 1104,2886 1149,2886 1194,2886 1238,2886 1283,2889 1328,2886 1373,2886 1418,2886 1462,2886 1507,2883 1552,2883 1597,2883 1641,2883 1686,2886 1731,2883 1776,2883 1821,2883 1865,2883 1910,2883 1955,2883 2000,2883 2044,2883 2089,2883 2134,2883 2179,2883 2224,2883 2268,2886 2313,2883 2358,2880 2403,2880 2447,2880 2492,2880 2537,2877 2582,2880 2627,2880 2671,2880 2716,2880 2761,2880 2806,2883 2850,2880 2895,2877 2940,2877 2985,2877 3030,2880 3074,2883 3119,2889"/>
                <TextEquiv>
                    <Unicode>liebte Geschöpf reicher zu beglücken, als es eine behag-</Unicode>
                </TextEquiv>
            </TextLine>
            <TextLine id="tr_2_tl_3" custom="readingOrder {index:2;}">
                <Coords points="554,3092 3009,3051 3009,2947 554,2944"/>
                <Baseline points="573,3045 600,3048 644,3048 689,3045 734,3045 779,3045 823,3042 868,3042 913,3042 958,3042 1003,3039 1047,3042 1092,3042 1137,3042 1182,3042 1226,3039 1271,3039 1316,3042 1361,3039 1406,3042 1450,3039 1495,3039 1540,3039 1585,3039 1629,3039 1674,3039 1719,3039 1764,3039 1809,3039 1853,3039 1898,3039 1943,3039 1988,3039 2033,3036 2077,3036 2122,3036 2167,3036 2212,3036 2256,3039 2301,3036 2346,3039 2391,3036 2436,3036 2480,3036 2525,3036 2570,3036 2615,3036 2659,3036 2704,3036 2749,3036 2794,3036 2839,3033 2883,3033 2928,3033 2973,3030 3018,3030"/>
                <TextEquiv>
                    <Unicode>lich-unbekümmerte Zärtlichkeit imstande war, die ohne</Unicode>
                </TextEquiv>
            </TextLine>
            <TextLine id="tr_2_tl_4" custom="readingOrder {index:3;}">
                <Coords points="557,3241 2645,3247 2964,3212 2967,3118 560,3112"/>
                <Baseline points="576,3203 597,3200 641,3203 686,3200 731,3200 776,3200 820,3197 865,3197 910,3194 955,3197 1000,3197 1044,3197 1089,3200 1134,3200 1179,3197 1223,3197 1268,3197 1313,3197 1358,3197 1403,3200 1447,3197 1492,3197 1537,3197 1582,3194 1627,3194 1671,3197 1716,3194 1761,3197 1806,3200 1850,3197 1895,3197 1940,3194 1985,3194 2030,3194 2074,3194 2119,3194 2164,3194 2209,3197 2253,3197 2298,3197 2343,3194 2388,3194 2433,3194 2477,3191 2522,3191 2567,3191 2612,3191 2656,3194 2701,3194 2746,3194 2791,3194 2836,3191 2880,3191 2925,3188 2970,3185"/>
                <TextEquiv>
                    <Unicode>ein Ende vor sich zu sehen, allmählig in sich selbst</Unicode>
                </TextEquiv>
            </TextLine>
            <TextLine id="tr_2_tl_5" custom="readingOrder {index:4;}">
                <Coords points="548,3411 2442,3440 2616,3360 3009,3395 3009,3237 548,3302"/>
                <Baseline points="564,3355 594,3352 638,3352 683,3355 728,3355 773,3355 817,3355 862,3352 907,3352 952,3352 997,3355 1041,3355 1086,3358 1131,3352 1176,3352 1221,3352 1265,3352 1310,3352 1355,3352 1400,3352 1444,3352 1489,3349 1534,3349 1579,3352 1624,3352 1668,3349 1713,3349 1758,3349 1803,3349 1847,3349 1892,3349 1937,3349 1982,3349 2027,3349 2071,3349 2116,3349 2161,3349 2206,3349 2250,3349 2295,3349 2340,3349 2385,3349 2430,3346 2474,3349 2519,3349 2564,3349 2609,3346 2653,3346 2698,3349 2743,3349 2788,3352 2833,3349 2877,3349 2922,3346 2967,3346 3012,3349"/>
                <TextEquiv>
                    <Unicode>verlischt. Und entschlossen keinem Verbot oder auch</Unicode>
                </TextEquiv>
            </TextLine>
            <TextLine id="tr_2_tl_6" custom="readingOrder {index:5;}">
                <Coords points="544,3624 1060,3540 2909,3569 2909,3434 2616,3395 544,3408"/>
                <Baseline points="561,3516 585,3513 629,3513 674,3513 719,3513 764,3513 809,3510 853,3510 898,3510 943,3510 988,3510 1032,3510 1077,3510 1122,3510 1167,3510 1212,3510 1256,3510 1301,3510 1346,3510 1391,3510 1435,3507 1480,3507 1525,3507 1570,3507 1615,3507 1659,3510 1704,3507 1749,3507 1794,3507 1838,3504 1883,3504 1928,3507 1973,3507 2018,3507 2062,3507 2107,3510 2152,3510 2197,3507 2241,3507 2286,3507 2331,3504 2376,3507 2421,3507 2465,3504 2510,3504 2555,3504 2600,3504 2645,3504 2689,3507 2734,3507 2779,3507 2824,3504 2868,3504 2913,3504"/>
                <TextEquiv>
                    <Unicode>nur einer verzögernden Einrede auf das weitere Ge-</Unicode>
                </TextEquiv>
            </TextLine>
            <TextLine id="tr_2_tl_7" custom="readingOrder {index:6;}">
                <Coords points="544,3714 3038,3701 2960,3585 2703,3550 544,3624"/>
                <Baseline points="561,3674 606,3671 650,3674 695,3671 740,3671 785,3671 829,3671 874,3671 919,3671 964,3674 1009,3671 1053,3674 1098,3671 1143,3671 1188,3671 1232,3671 1277,3671 1322,3674 1367,3674 1412,3674 1456,3674 1501,3677 1546,3674 1591,3671 1635,3671 1680,3671 1725,3671 1770,3671 1815,3671 1859,3671 1904,3674 1949,3674 1994,3677 2038,3680 2083,3677 2128,3677 2173,3677 2218,3674 2262,3674 2307,3674 2352,3671 2397,3674 2442,3671 2486,3668 2531,3671 2576,3671 2621,3671 2665,3671 2710,3671 2755,3674 2800,3674 2845,3674 2889,3674 2934,3677 2979,3683 3024,3689 3045,3692"/>
                <TextEquiv>
                    <Unicode>schehen Einfluss zu gestatten, besprach ich mit Maria,</Unicode>
                </TextEquiv>
            </TextLine>
        </TextRegion>
    </Page>
</PcGts>
