3304 4072
2379 391 2525 552 28
712 514 2840 718 ten Lustigkeit mit einem Male fremd, ja meines
715 759 2974 890 inneren Zustandes im eigentlichen Sinne unwürdig
724 867 2820 1045 erschienen war, ins F Feuer geworfen hatte.
712 1060 2744 1214 Maria schien mir heute wunderbar verändert.
712 1182 2843 1343 Ihre dunkle,wie von Schvermut umwitterte Er-
724 1348 2913 1497 scheinung hatte sich aufgehellt, sie war gesprä-
730 1500 2802 1661 chig, von einer heiteren Bewegtheit, und gern
721 1672 2834 1833 liess sie sich mit ihrer Mutter zum Abschluss
724 1778 2752 1958 des Besuchs durch alle Räume meines kleinen
718 1994 2945 2125 Hauses geleiten,in das sie,woran weder sie noch
721 2145 2945 2268 ich mehr zweifeln konnten, bald als meine Gattin
724 2262 2855 2461 einziehen sollte. Im übrigen gelangte ich aan
730 2414 3079 2601 diesem Tag zur Ueberzeugung, dass Marias Herzleiden
703 2589 2890 2744 nicht so gefährlich war, als ich neulich unter
718 2738 3038 2913 dem Eindruck ihres Ohnmachtsanfalles mir eingebil
724 2910 2930 3076 det und, man kann es wohl nicht anders sagen,ge-
718 3050 3024 3237 hofft hatte. Doch vermochte ich nicht mir die Ge-
712 3231 2884 3403 dankenfolge, die jener Unfall in mir ausgelöst,
724 3395 2916 3538 so ungeheuerlich sie dir und vielen Anderen er-
718 3523 2890 3701 scheinen dürfte, im Grunde übel zu nehmen: Wie
