3416 4152
2556 368 2702 484 10
678 505 2793 758 eben durch dieses, da doch Marias Zimmer einen
675 694 2702 910 zweiten Ausgang hat? Ihr Blick hat mich ge-
682 864 2592 1089 streift, ich fühle es, ohne den meinen vom
691 977 2769 1205 Schreibtisch zu erheben. Lautlos hat sie die
755 1117 2921 1354 Türe hinter sich geschlossen, leise ist sie die
718 1308 2778 1540 Stiege hinabgegangen und jetzt höre ich ihre
724 1427 2994 1670 Schritte unten im Garten auf dem Kies. Sie atmet
730 1603 3003 1822 die Linde Nachtluft und ihre Schritte entfernen
745 1759 2890 1981 sich dem Ufer zu. Statt diesenvielleicht über-
748 1914 3097 2124 flüssigen Brief weiter zu schreiben, köntte ich ihr
751 2066 3094 2276 folgen; vielleicht erwartet sie etwas dergleichen.
767 2245 2900 2428 Aber was kümmert's mich? Zu all dem ist es zu
779 2394 2960 2586 spät. Ich habe anderes zu tun. ich habe meinen
770 2480 3131 2747 Brief abzufassen, eine Beichte abzulegen, vielleicht
791 2653 3131 2893 auch nur eine letzte Komödie zu spielen, was weiss
797 2820 3058 3085 ich. Irgend etwas klingt zum offenen Fenster he-
803 2991 3058 3255 rauf, so leise, dass ich nicht unterscheiden kann,
815 3170 3122 3386 ob es Stimmen sind draussen vom See her oder ver-
818 3289 3271 3548 hallende Geigentöne vom Ufer gegenüber. Oder flüst
846 3484 2979 3724 tert im Garten unten die blinde Schwester, das
