<?xml version="1.0" encoding="UTF-8" standalone="yes"?>
<PcGts xmlns="http://schema.primaresearch.org/PAGE/gts/pagecontent/2013-07-15" xmlns:xsi="http://www.w3.org/2001/XMLSchema-instance" xsi:schemaLocation="http://schema.primaresearch.org/PAGE/gts/pagecontent/2013-07-15 http://schema.primaresearch.org/PAGE/gts/pagecontent/2013-07-15/pagecontent.xsd">
    <Metadata>
        <Creator>prov=READ-COOP:name=TrHtr:version=2.1.0:model_id=51170:date=15_08_2023_00:07</Creator>
        <Created>2023-05-10T14:57:03.176+02:00</Created>
        <LastChange>2023-08-15T00:07:16.953+02:00</LastChange>
        <TranskribusMetadata docId="1428693" pageId="55429018" pageNr="230" tsid="132831813" status="IN_PROGRESS" userId="64420" imgUrl="https://files.transkribus.eu/Get?id=VDLVSLRQMUGHOBELHDPYVFLA&amp;fileType=view" xmlUrl="https://files.transkribus.eu/Get?id=GVOINJEEFVFCWPGBYPWTAKZE" imageId="44703091"/>
    </Metadata>
    <Page imageFilename="1428693_0230.jpg" imageWidth="3304" imageHeight="4024">
        <ReadingOrder>
            <OrderedGroup id="ro_1711809237388" caption="Regions reading order">
                <RegionRefIndexed index="0" regionRef="tr_1"/>
                <RegionRefIndexed index="1" regionRef="tr_2"/>
            </OrderedGroup>
        </ReadingOrder>
        <TextRegion id="tr_1" custom="readingOrder {index:0;}">
            <Coords points="695,388 2973,388 2973,2207 695,2207"/>
            <TextLine id="tr_1_tl_1" custom="readingOrder {index:0;}">
                <Coords points="2664,460 2684,457 2698,466 2713,457 2753,468 2770,463 2782,474 2805,468 2805,353 2790,353 2776,365 2753,351 2742,362 2710,368 2693,353 2664,359"/>
                <Baseline points="2680,438 2725,438 2770,438 2812,441"/>
                <TextEquiv>
                    <Unicode>60</Unicode>
                </TextEquiv>
            </TextLine>
            <TextLine id="tr_1_tl_2" custom="readingOrder {index:1;}">
                <Coords points="675,762 2667,621 2813,672 2894,532 1851,486 681,575"/>
                <Baseline points="695,662 704,659 749,656 794,653 838,653 883,650 928,650 973,647 1017,647 1062,647 1107,647 1152,644 1197,641 1241,641 1286,641 1331,638 1376,635 1420,632 1465,635 1510,632 1555,626 1600,626 1644,626 1689,629 1734,626 1779,623 1823,623 1868,623 1913,620 1958,617 2003,617 2047,614 2092,614 2137,611 2182,611 2226,611 2271,614 2316,611 2361,611 2406,611 2450,608 2495,605 2540,603 2585,603 2629,600 2674,597 2719,597 2764,594 2809,594 2853,591 2898,594"/>
                <TextEquiv>
                    <Unicode>Gradunterschiede,-Wesensunter schied gibt es nur</Unicode>
                </TextEquiv>
            </TextLine>
            <TextLine id="tr_1_tl_3" custom="readingOrder {index:2;}">
                <Coords points="693,831 891,888 2520,785 2747,836 2750,664 695,759"/>
                <Baseline points="710,811 740,808 785,808 829,808 874,805 919,805 964,803 1008,803 1053,803 1098,800 1143,800 1188,800 1232,800 1277,800 1322,797 1367,794 1411,794 1456,791 1501,788 1546,788 1591,785 1635,785 1680,785 1725,785 1770,782 1814,779 1859,779 1904,776 1949,773 1994,773 2038,770 2083,770 2128,770 2173,767 2217,767 2262,767 2307,764 2352,761 2397,761 2441,758 2486,758 2531,758 2576,755 2620,752 2665,752 2710,752 2755,758"/>
                <TextEquiv>
                    <Unicode>einen einzigen.- den zwischen Leben und Tod.</Unicode>
                </TextEquiv>
            </TextLine>
            <TextLine id="tr_1_tl_4" custom="readingOrder {index:3;}">
                <Coords points="687,983 971,1052 1612,948 2322,974 2710,943 2785,839 690,888"/>
                <Baseline points="704,970 728,964 773,961 817,961 862,961 907,958 952,958 997,958 1041,955 1086,952 1131,952 1176,952 1220,949 1265,946 1310,946 1355,946 1400,946 1444,943 1489,940 1534,940 1579,940 1623,937 1668,937 1713,937 1758,934 1803,934 1847,934 1892,928 1937,928 1982,925 2026,925 2071,922 2116,922 2161,922 2206,919 2250,916 2295,916 2340,916 2385,913 2429,913 2474,910 2519,910 2564,907 2609,907 2653,904 2698,904 2743,901 2788,898"/>
                <TextEquiv>
                    <Unicode>Und so konnte und kann ich auch nicht voraus-</Unicode>
                </TextEquiv>
            </TextLine>
            <TextLine id="tr_1_tl_5" custom="readingOrder {index:4;}">
                <Coords points="698,1150 2457,1118 2730,1078 2733,1000 2273,960 1773,1023 1606,957 701,1035"/>
                <Baseline points="713,1119 722,1116 767,1116 811,1113 856,1113 901,1110 946,1110 991,1113 1035,1110 1080,1107 1125,1107 1170,1107 1214,1104 1259,1101 1304,1101 1349,1101 1394,1098 1438,1095 1483,1095 1528,1095 1573,1092 1617,1089 1662,1089 1707,1089 1752,1089 1797,1086 1841,1083 1886,1083 1931,1083 1976,1083 2020,1080 2065,1077 2110,1077 2155,1074 2200,1074 2244,1071 2289,1071 2334,1068 2379,1065 2423,1065 2468,1065 2513,1062 2558,1059 2603,1059 2647,1059 2692,1059 2737,1059"/>
                <TextEquiv>
                    <Unicode>sehen, wie ihr Tod auf mich wirken, was er am</Unicode>
                </TextEquiv>
            </TextLine>
            <TextLine id="tr_1_tl_6" custom="readingOrder {index:5;}">
                <Coords points="693,1316 2624,1285 2865,1259 2871,1109 695,1190"/>
                <Baseline points="710,1271 725,1271 770,1268 814,1265 859,1265 904,1265 949,1265 994,1262 1038,1262 1083,1259 1128,1259 1173,1256 1217,1256 1262,1256 1307,1253 1352,1253 1397,1250 1441,1250 1486,1250 1531,1247 1576,1247 1620,1244 1665,1244 1710,1241 1755,1238 1800,1235 1844,1235 1889,1235 1934,1232 1979,1232 2023,1232 2068,1229 2113,1229 2158,1226 2203,1226 2247,1226 2292,1226 2337,1223 2382,1220 2426,1220 2471,1217 2516,1214 2561,1214 2606,1214 2650,1211 2695,1208 2740,1208 2785,1208 2829,1206 2876,1202"/>
                <TextEquiv>
                    <Unicode>Endesus mir machen würde. Es wäre nicht underk-</Unicode>
                </TextEquiv>
            </TextLine>
            <TextLine id="tr_1_tl_7" custom="readingOrder {index:6;}">
                <Coords points="710,1468 2779,1411 2808,1262 1900,1273 1509,1359 1063,1310 902,1379 716,1322"/>
                <Baseline points="728,1429 749,1423 794,1423 838,1423 883,1429 928,1429 973,1426 1017,1426 1062,1420 1107,1417 1152,1417 1197,1414 1241,1411 1286,1408 1331,1408 1376,1408 1420,1408 1465,1408 1510,1406 1555,1403 1600,1400 1644,1400 1689,1400 1734,1397 1779,1394 1823,1394 1868,1394 1913,1391 1958,1388 2003,1388 2047,1388 2092,1388 2137,1385 2182,1382 2226,1379 2271,1382 2316,1379 2361,1376 2406,1376 2450,1376 2495,1370 2540,1370 2585,1367 2629,1367 2674,1364 2719,1364 2764,1364 2811,1363"/>
                <TextEquiv>
                    <Unicode>bar, ja, fast wege ich zu behaupten, wahrschein-</Unicode>
                </TextEquiv>
            </TextLine>
            <TextLine id="tr_1_tl_8" custom="readingOrder {index:7;}">
                <Coords points="718,1629 2693,1549 2848,1606 2897,1423 721,1512"/>
                <Baseline points="734,1585 752,1582 797,1579 841,1579 886,1579 931,1579 976,1573 1020,1570 1065,1570 1110,1567 1155,1567 1200,1564 1244,1564 1289,1564 1334,1564 1379,1561 1423,1558 1468,1558 1513,1558 1558,1555 1603,1555 1647,1555 1692,1552 1737,1549 1782,1552 1826,1552 1871,1546 1916,1546 1961,1543 2006,1540 2050,1540 2095,1537 2140,1540 2185,1540 2229,1537 2274,1534 2319,1537 2364,1534 2409,1531 2453,1528 2498,1528 2543,1525 2588,1525 2632,1522 2677,1522 2722,1519 2767,1519 2812,1516 2856,1513 2901,1516"/>
                <TextEquiv>
                    <Unicode>lich, dass am Ende doch geschähe, was vom Schick-</Unicode>
                </TextEquiv>
            </TextLine>
            <TextLine id="tr_1_tl_9" custom="readingOrder {index:8;}">
                <Coords points="713,1805 2790,1727 2894,1696 2894,1618 716,1678"/>
                <Baseline points="731,1737 752,1737 797,1734 841,1731 886,1734 931,1734 976,1731 1020,1728 1065,1728 1110,1725 1155,1725 1200,1722 1244,1722 1289,1716 1334,1716 1379,1713 1423,1713 1468,1710 1513,1710 1558,1710 1603,1713 1647,1710 1692,1707 1737,1707 1782,1707 1826,1704 1871,1701 1916,1701 1961,1698 2006,1698 2050,1695 2095,1692 2140,1692 2185,1692 2229,1689 2274,1689 2319,1689 2364,1686 2409,1683 2453,1680 2498,1680 2543,1680 2588,1677 2632,1677 2677,1674 2722,1674 2767,1671 2812,1671 2856,1665 2901,1665"/>
                <TextEquiv>
                    <Unicode>sal gewollt schien, als es mich und Maria einan-</Unicode>
                </TextEquiv>
            </TextLine>
            <TextLine id="tr_1_tl_10" custom="readingOrder {index:9;}">
                <Coords points="713,1897 1144,1966 2698,1891 2839,1871 2842,1762 716,1802"/>
                <Baseline points="728,1892 740,1889 785,1886 829,1883 874,1886 919,1886 964,1883 1008,1883 1053,1880 1098,1883 1143,1880 1188,1877 1232,1877 1277,1874 1322,1871 1367,1871 1411,1868 1456,1865 1501,1865 1546,1865 1591,1865 1635,1868 1680,1865 1725,1865 1770,1862 1814,1859 1859,1856 1904,1856 1949,1856 1994,1853 2038,1850 2083,1847 2128,1847 2173,1844 2217,1844 2262,1841 2307,1838 2352,1838 2397,1841 2441,1835 2486,1835 2531,1835 2576,1832 2620,1829 2665,1829 2710,1829 2755,1826 2800,1823 2844,1826"/>
                <TextEquiv>
                    <Unicode>der begegnen liess. Ja, ich weiss es jetzt, und</Unicode>
                </TextEquiv>
            </TextLine>
            <TextLine id="tr_1_tl_11" custom="readingOrder {index:10;}">
                <Coords points="716,2092 2469,2069 2874,1997 2877,1902 718,1971"/>
                <Baseline points="734,2035 776,2038 820,2038 865,2038 910,2035 955,2035 1000,2032 1044,2032 1089,2032 1134,2032 1179,2032 1223,2029 1268,2026 1313,2026 1358,2026 1403,2023 1447,2023 1492,2020 1537,2020 1582,2017 1626,2017 1671,2017 1716,2020 1761,2017 1806,2014 1850,2009 1895,2009 1940,2006 1985,2003 2029,2003 2074,2003 2119,2000 2164,2000 2209,1997 2253,1994 2298,1994 2343,1994 2388,1991 2432,1991 2477,1991 2522,1988 2567,1988 2612,1985 2656,1985 2701,1985 2746,1982 2791,1979 2835,1976 2880,1979"/>
                <TextEquiv>
                    <Unicode>in diesem Augenblick gibt es keinen Irrtum, das</Unicode>
                </TextEquiv>
            </TextLine>
            <TextLine id="tr_1_tl_12" custom="readingOrder {index:11;}">
                <Coords points="718,2219 2885,2216 2963,2204 2966,2066 721,2127"/>
                <Baseline points="737,2194 779,2197 823,2197 868,2197 913,2194 958,2191 1003,2191 1047,2185 1092,2182 1137,2182 1182,2179 1226,2179 1271,2179 1316,2176 1361,2176 1406,2176 1450,2176 1495,2176 1540,2176 1585,2173 1629,2173 1674,2170 1719,2170 1764,2167 1809,2164 1853,2161 1898,2158 1943,2158 1988,2155 2032,2155 2077,2155 2122,2155 2167,2152 2212,2152 2256,2149 2301,2146 2346,2146 2391,2146 2435,2143 2480,2140 2525,2140 2570,2140 2615,2140 2659,2137 2704,2137 2749,2137 2794,2137 2838,2131 2883,2131 2928,2128 2973,2134"/>
                <TextEquiv>
                    <Unicode>Ungeheuere würde, sowie ich es einst erwartet, wie</Unicode>
                </TextEquiv>
            </TextLine>
        </TextRegion>
        <TextRegion id="tr_2" custom="readingOrder {index:1;}">
            <Coords points="740,2233 3056,2233 3056,3604 740,3604"/>
            <TextLine id="tr_2_tl_1" custom="readingOrder {index:0;}">
                <Coords points="730,2374 925,2425 2819,2348 2891,2196 733,2276"/>
                <Baseline points="746,2349 791,2349 835,2346 880,2346 925,2346 970,2343 1014,2343 1059,2346 1104,2343 1149,2337 1194,2337 1238,2334 1283,2334 1328,2331 1373,2331 1417,2328 1462,2328 1507,2328 1552,2325 1597,2322 1641,2322 1686,2322 1731,2319 1776,2319 1820,2316 1865,2313 1910,2313 1955,2310 2000,2310 2044,2310 2089,2307 2134,2307 2179,2307 2223,2304 2268,2304 2313,2301 2358,2298 2403,2298 2447,2295 2492,2295 2537,2292 2582,2292 2626,2289 2671,2289 2716,2292 2761,2289 2806,2286 2850,2286 2895,2283"/>
                <TextEquiv>
                    <Unicode>ich es gewünscht, wie ich bereit gewesen es auf</Unicode>
                </TextEquiv>
            </TextLine>
            <TextLine id="tr_2_tl_2" custom="readingOrder {index:1;}">
                <Coords points="727,2549 2848,2500 3026,2483 3029,2368 730,2440"/>
                <Baseline points="743,2504 749,2504 794,2501 838,2501 883,2498 928,2498 973,2498 1017,2498 1062,2495 1107,2495 1152,2492 1197,2489 1241,2486 1286,2486 1331,2483 1376,2483 1420,2483 1465,2480 1510,2480 1555,2477 1600,2477 1644,2477 1689,2474 1734,2474 1779,2477 1823,2471 1868,2471 1913,2468 1958,2468 2003,2468 2047,2465 2092,2462 2137,2462 2182,2459 2226,2456 2271,2456 2316,2453 2361,2453 2406,2450 2450,2450 2495,2450 2540,2450 2585,2450 2629,2447 2674,2444 2719,2444 2764,2441 2809,2441 2853,2441 2898,2435 2943,2435 2988,2432 3032,2435"/>
                <TextEquiv>
                    <Unicode>mich zu nehmen, dieses D'Ungeheuere würde mich zum</Unicode>
                </TextEquiv>
            </TextLine>
            <TextLine id="tr_2_tl_3" custom="readingOrder {index:2;}">
                <Coords points="721,2696 2813,2667 2983,2532 724,2589"/>
                <Baseline points="740,2659 752,2659 797,2656 841,2656 886,2653 931,2653 976,2650 1020,2650 1065,2647 1110,2647 1155,2647 1200,2644 1244,2641 1289,2641 1334,2638 1379,2635 1423,2635 1468,2635 1513,2632 1558,2632 1603,2632 1647,2629 1692,2629 1737,2629 1782,2626 1826,2626 1871,2623 1916,2623 1961,2620 2006,2617 2050,2617 2095,2617 2140,2615 2185,2615 2229,2612 2274,2612 2319,2612 2364,2612 2409,2609 2453,2606 2498,2606 2543,2606 2588,2606 2632,2603 2677,2603 2722,2600 2767,2597 2812,2594 2856,2594 2901,2591 2946,2588 2991,2585"/>
                <TextEquiv>
                    <Unicode>Dichter machen und ich bliebe auf Erden, um meine</Unicode>
                </TextEquiv>
            </TextLine>
            <TextLine id="tr_2_tl_4" custom="readingOrder {index:3;}">
                <Coords points="733,2874 2923,2813 2928,2650 739,2713"/>
                <Baseline points="752,2812 785,2809 829,2809 874,2809 919,2806 964,2806 1008,2803 1053,2803 1098,2806 1143,2803 1188,2800 1232,2800 1277,2797 1322,2797 1367,2797 1411,2794 1456,2791 1501,2791 1546,2791 1591,2788 1635,2788 1680,2791 1725,2788 1770,2785 1814,2782 1859,2779 1904,2779 1949,2776 1994,2773 2038,2773 2083,2773 2128,2770 2173,2770 2217,2767 2262,2767 2307,2767 2352,2764 2397,2761 2441,2761 2486,2761 2531,2761 2576,2761 2620,2761 2665,2758 2710,2755 2755,2752 2800,2752 2844,2752 2889,2758 2934,2761"/>
                <TextEquiv>
                    <Unicode>Seidung zu erfüllen, Und das Werk ohnegleichen,</Unicode>
                </TextEquiv>
            </TextLine>
            <TextLine id="tr_2_tl_5" custom="readingOrder {index:4;}">
                <Coords points="741,2989 1155,3046 2808,2969 2842,2859 1808,2822 914,2920 744,2868"/>
                <Baseline points="758,2964 785,2964 829,2967 874,2967 919,2967 964,2964 1008,2964 1053,2964 1098,2958 1143,2958 1188,2955 1232,2952 1277,2952 1322,2952 1367,2949 1411,2949 1456,2949 1501,2949 1546,2943 1591,2943 1635,2943 1680,2940 1725,2940 1770,2937 1814,2937 1859,2934 1904,2934 1949,2931 1994,2931 2038,2928 2083,2931 2128,2928 2173,2928 2217,2925 2262,2925 2307,2922 2352,2922 2397,2919 2441,2919 2486,2916 2531,2916 2576,2916 2620,2913 2665,2910 2710,2907 2755,2907 2800,2910 2844,2919"/>
                <TextEquiv>
                    <Unicode>das, mit dem ich gerechtfertigt wäre vor Gott,</Unicode>
                </TextEquiv>
            </TextLine>
            <TextLine id="tr_2_tl_6" custom="readingOrder {index:5;}">
                <Coords points="741,3170 2719,3141 2877,3092 2879,2989 744,3063"/>
                <Baseline points="758,3125 779,3122 823,3122 868,3122 913,3122 958,3122 1003,3119 1047,3116 1092,3116 1137,3113 1182,3110 1226,3110 1271,3110 1316,3107 1361,3107 1406,3104 1450,3104 1495,3101 1540,3101 1585,3098 1629,3098 1674,3098 1719,3095 1764,3095 1809,3095 1853,3092 1898,3089 1943,3089 1988,3086 2032,3086 2077,3086 2122,3083 2167,3083 2212,3083 2256,3083 2301,3080 2346,3080 2391,3077 2435,3077 2480,3074 2525,3071 2570,3071 2615,3068 2659,3065 2704,3065 2749,3062 2794,3062 2838,3062 2883,3065"/>
                <TextEquiv>
                    <Unicode>vor mir selbst und vor der Welt.-ich würde es</Unicode>
                </TextEquiv>
            </TextLine>
            <TextLine id="tr_2_tl_7" custom="readingOrder {index:6;}">
                <Coords points="741,3305 2379,3302 2940,3256 3049,3141 2644,3104 2374,3173 2213,3109 1193,3219 747,3147"/>
                <Baseline points="758,3277 773,3277 817,3277 862,3274 907,3274 952,3274 997,3271 1041,3268 1086,3268 1131,3271 1176,3268 1220,3265 1265,3265 1310,3262 1355,3262 1400,3262 1444,3256 1489,3256 1534,3253 1579,3253 1623,3253 1668,3253 1713,3250 1758,3250 1803,3250 1847,3247 1892,3244 1937,3241 1982,3241 2026,3238 2071,3238 2116,3238 2161,3235 2206,3232 2250,3232 2295,3232 2340,3232 2385,3232 2429,3229 2474,3226 2519,3226 2564,3223 2609,3220 2653,3220 2698,3218 2743,3218 2788,3218 2832,3218 2877,3215 2922,3215 2967,3212 3012,3209 3056,3209"/>
                <TextEquiv>
                    <Unicode>schaffen. Und das soll nicht sein. Das darf nicht</Unicode>
                </TextEquiv>
            </TextLine>
            <TextLine id="tr_2_tl_8" custom="readingOrder {index:7;}">
                <Coords points="747,3443 1201,3512 2400,3471 2946,3417 2948,3311 750,3345"/>
                <Baseline points="764,3432 805,3432 850,3432 895,3432 940,3429 985,3429 1029,3429 1074,3426 1119,3423 1164,3423 1208,3423 1253,3420 1298,3418 1343,3418 1388,3418 1432,3415 1477,3415 1522,3412 1567,3412 1611,3412 1656,3412 1701,3412 1746,3409 1791,3406 1835,3403 1880,3403 1925,3403 1970,3400 2014,3397 2059,3397 2104,3394 2149,3394 2194,3394 2238,3391 2283,3391 2328,3391 2373,3385 2417,3385 2462,3382 2507,3382 2552,3379 2597,3379 2641,3379 2686,3379 2731,3376 2776,3373 2820,3370 2865,3370 2910,3370 2955,3370"/>
                <TextEquiv>
                    <Unicode>sein. Das wird nicht sein. Maria ist ein Toten-</Unicode>
                </TextEquiv>
            </TextLine>
            <TextLine id="tr_2_tl_9" custom="readingOrder {index:8;}">
                <Coords points="764,3661 2963,3601 2966,3474 2652,3431 1095,3529 770,3448"/>
                <Baseline points="779,3594 817,3594 862,3594 907,3591 952,3588 997,3588 1041,3585 1086,3582 1131,3579 1176,3582 1220,3582 1265,3582 1310,3579 1355,3576 1400,3573 1444,3573 1489,3570 1534,3570 1579,3570 1623,3570 1668,3567 1713,3564 1758,3564 1803,3564 1847,3561 1892,3561 1937,3558 1982,3555 2026,3555 2071,3552 2116,3552 2161,3552 2206,3549 2250,3549 2295,3546 2340,3546 2385,3543 2429,3540 2474,3540 2519,3540 2564,3537 2609,3537 2653,3537 2698,3537 2743,3534 2788,3534 2832,3534 2877,3531 2922,3534 2967,3531"/>
                <TextEquiv>
                    <Unicode>opfer wert, wie es noch keinem sterblichen Wesen</Unicode>
                </TextEquiv>
            </TextLine>
        </TextRegion>
    </Page>
</PcGts>
