3288 4072
2640 348 2773 504 23
782 475 2920 658 blasse, dahinsterbende Frau ruht.O, was für ein
776 640 2357 743 und es ist am Ende noch ein Glück
782 676 2864 853 Bild, dass ich nicht zudem noch ein Maler
782 841 1009 1041 bin!
1115 938 3053 1159 Zwei Tage nach dem Ball hielt ich es für
782 1124 2994 1322 richtig, mich nach dem Befinden Marias zu erkun-
788 1316 3106 1440 digen. Sie wohnte mit ihrer Mutter in einem alten
796 1469 3027 1599 Haus der inneren Stadt, einigermassen beschränkt
794 1575 3021 1791 wie leicht zu bemerken war, aber nicht ganz ohne
794 1749 2977 1909 Behaglichkeit, mit alten Möbeln, die auf mässige
794 1915 3124 2065 Wohlhabenheit und einen erträglichen bürgerlichen
796 2044 2938 2239 Geschmack hindeuteten,wie man beides in einer
796 2165 2994 2366 Familie guten österreichischen Beamtenadels er-
805 2351 2935 2528 warten durfte, wo die Witwe ausser den Pension
814 2478 3118 2690 auch noch über eine kleine Rente zu verfügen hat.
805 2670 2906 2862 Die Mutter empfing mich liebenswürdig, ja ein
811 2820 3033 3030 wenig geschmeichelt und wenn ihr auch nicht nur
805 2985 3033 3145 meine Person, sondern auch mein Name als der ei-
814 3142 2982 3331 nes bekannten Bühnenschriftstellers schon frü-
802 3328 3047 3475 her nicht fremd gewesen war, schien sie indessen
802 3469 3177 3664 in ihrer Umgebung weitere Erkundigungen über mich
558 3673 687 3912 be
