3496 4200
2632 453 2757 618 19
636 639 2820 770 Sie erhob sich, streifte mich mit einem raschen,
636 773 2583 913 doch ernsten Blick, dann klappte sie ihren
724 928 2903 1050 Fächer zu. schaute an sich herab und strich ihr
718 1022 1397 1177 Kleid zurecht.
955 1129 2881 1266 Der Geschwindigkeit, mit der eine Gedanken¬
624 1266 2896 1436 reihe von schicksalsvoller Bedeutung im Hirn ab¬
636 1442 2994 1588 rollt, vermag auch die gedrängteste Sprache niemals
642 1558 2732 1762 zu folgen. Was ich jetzt versuchen will, mein
648 1740 2991 1902 Fraund, dir mit kurzen Worten deutlich zu machen, Er
642 1899 2957 2057 leuchtung.Ueberlegung und Entschluss,all dies was
694 2087 2994 2227 sich i meiner Seele in de paar Augenblicken ab¬
648 2203 2945 2376 gespielt.w hrend Maria ihren kleinen Fächer zuge-
688 2358 2945 2510 klangt und ihr Kleid zurechtgestrichen, beschüf¬
666 2531 2918 2674 tigte mich kaum mehr, als ich mit Maria und ihrer
648 2705 3021 2851 Mutter an einem Tisch im Logengang sass und mit ih-
654 2833 2878 2988 nen wie mit oberflächlichen alten Bekannten, die
663 2979 2969 3207 sie ja übrigens waren, von allerlei gleichgültigen
660 3161 2842 3338 Dingen plauderte. Dies aber waren vorher meine
672 3307 1466 3484 Gedanken gewesen:
980 3459 2884 3614 Maria hat einen Herzfehler (die Kühnheit
663 3614 3112 3806 meiner Diagnose bitte ich dich zweifach entschuldigt
