3304 4008
2572 309 2698 481 59
709 449 2770 738 Und das bedeutete gar nicht viel zu sterben
712 644 2531 857 nach ihr; es war eine Form, nicht mehr.
1091 767 2730 1015 So stand es mit uns Beiden, als vor
732 957 2773 1152 drei Tagen mit einem Mal wieder die äussere
723 1140 3001 1309 Welt in unseren Kreis trat. Denn eswar nötig ge-
729 1245 2738 1493 worden ärztlichen Rat einzuholen, da manche
738 1409 2890 1607 notwendige Erleichterungen, deren sie bedurfte
741 1592 2768 1788 auf andere Weise nicht zu beschaffen waren.
752 1732 2899 1957 Ich weiss nicht, ob gerade deine Person an dem
755 1896 2890 2117 neuen Entschluss, dem letzten, dem unumstöseli-
773 2047 2849 2254 chen, den ich fasste, irgendwie beteiligt ist.
773 2196 3112 2380 Urmöglich scheint es mir nicht, denn gerade von dem
779 2336 3045 2543 Augenblick an, da du zum ersten Male hier‘ gewesen
776 2482 3004 2727 warst, misstraute ich meinem Vorsatz meinem Le-
782 2651 3010 2855 ben nach Mariaa Hinscheiden ein Ende zu machen.
782 2805 3045 2983 Wenn wir uns alles vorzustellen vermögen,-dass
799 2972 3027 3138 einer, der da ist, nicht mehr da sein wird, das zu
796 3097 3082 3284 fassen, wird uns immer versagt sein. Alles übrige
802 3278 3147 3465 ist nur Gradunterschied, nicht Gegensatz: sogar Ju-
793 3400 3077 3669 gend und Alter.Gesundheit und Krankheit sind nur
