3432 4152
663 560 3000 781 Hand auf ihrer Stirne. Und obes nicht den triftig-
679 741 2879 949 sten Beweis gegen und in einem andern Sinn
654 903 2842 1105 für mich bedeutet, dass ich statt dessen beim
669 1008 2798 1233 Schein von zwei Kerzen einen Brief - oh, ist's
657 1201 2963 1379 möglich! an dich einen Brief verfasse, dessen Ein-
669 1345 3060 1547 leitung ich vielleicht nur darum so lang hinausdeh-
679 1497 2811 1709 ne,um für mein Geständnis Z eit zu gewinnen.
1061 1665 3041 1808 Welch ein merkwürdiger Zufall übrigens, der
697 1808 3060 1998 als den Arzt, um den ich nach Mailand sandte, gerade
703 1958 2920 2176 dieh an das Krankenbett meiner Geliebten führen
700 2132 2982 2325 musste. (Wir sind nämlich nicht verheiratet, mein
703 2297 2976 2453 Freund). Ich hatte nicht einmal nach einem deut-
716 2428 2951 2633 schen Arzt verlangt, aber der Apotheker des Orts
722 2590 3004 2807 hier dachte mir offenbar einen Gefallen damit zu
731 2745 3060 2932 erweisen, dass er mich an einen Landsmann wies. Und
728 2835 3237 3106 nun war es gar ein Schulkamerad, ein Jugendfreund! Und
735 3035 3047 3240 man sah sich, nachdem man einander so gut wie ver-
769 3215 3162 3421 gesen nach zehn Jahren zum ersten Mal wieder. Aber
750 3374 2901 3598 sag mir doch, mein Freund.warum magst du mich
750 3530 2982 3754 noch immer nicht leiden? - Ich kann dich leicht
