3288 4072
2632 289 2719 443 7
588 469 3002 691 zu müssen.- Also, erkläre mir wie es kommt, dass auch
575 646 3098 858 heute noch, dass schon bei unserer ersteh Wiederbegeg
572 813 2883 980 nung,mitten in der automatisch freudigen Ueberra-
582 977 2992 1138 schung des Erkennens, jener verräterisch-feindselige
620 1102 3034 1308 Strahl in deinem Auge aufzuckte, der mich als Knaben
575 1302 2822 1465 schon befremdete, als du, selbst beinahe noch ein
582 1420 2950 1626 Knabe, über die Schwelle meines Eltenhäuses tratest
585 1575 3027 1751 um dich als neuer Hauslehrer vorzustellen? Und war
582 1735 2979 1915 es nicht derselbe Blick, der mich zehn Jahre später
585 1899 2880 2095 traf, als es sich fügte, dass du auf dem Mediziner-
569 2066 2947 2237 kränzchen in einem etwas unglücklich geschnittenen
569 2205 2960 2381 Frank einsam an mir vorüberstreiftest, der eben den
575 2375 3088 2561 Vorzug hatte mit einem sehr hübschen blinden Fräulein
578 2526 3034 2680 vorbeizutanzen. Und xx war es nicht wieder derselbe
575 2664 3159 2860 etwas tückische Schimmer in deinem Aug, als du fünf oder
572 2828 3085 3005 sieben Jahre später, schon Sekundararzt im allgemeinen
562 3002 3018 3191 Krankenhause, an einer Strassenecke mit mir zusammen-
575 3162 3040 3323 treffend, nicht umhin konntest:,mich zu meinem ersten
562 3291 3117 3500 Theatererfolg zu beglückwünschen, der mich, wie man sich
559 3458 3079 3670 auszudrücken pflegt, über Nacht berühmt gemacht hatte?
