3288 3976
2400 282 2535 414 54.
698 555 2897 701 lung zu erwarten. Ein Uebriges tat noch der er-
687 698 2888 902 mutigende Blick des Professors, der warme Hände-
698 876 2811 1029 druck, mit dem er sich von mir verabschiedete,
698 997 2822 1190 als ich mit Maria schon in dem Wagen sass, der
704 1164 2773 1336 uns ins Tal, dem Süden zu, bringen sollte. Und
713 1331 2696 1497 während im Hinunterfahren Maria an meiner
710 1471 2770 1629 Brust schlummerte, und ich die Hand auf ihrer
713 1606 2920 1802 Stirn ruhen liess, konnte ich die gleichnishafte
713 1782 2796 1940 Empfindung nicht abwehren, dass ich aus einer
716 1940 2790 2092 Höhenluft, für deren überirdische Reinheit ich
716 2095 2977 2267 nicht geschaffen war, talabwärts, einem holden und
721 2253 2652 2417 bescheidenen Alltagsglück entgegenreiste.
1178 2382 2790 2578 Es sind noch keine drei Wochen,wie
724 2558 3032 2753 du weisst, dass wir hier unseren Aufenthalt nahmen
727 2667 2997 2854 an dem wunderbaren See über den jetzt die ersten
718 2831 2948 3069 Morgendünste hinschweben. Bis es ganz helle ist
733 2980 2756 3170 wird es wohl noch eine Stunde dauern,und so
730 3167 2888 3342 lange habe ich Zeit. Eben war ich ein paar Se-
730 3328 2851 3492 kunden im Zimmer nebenan. Die schöne
739 3489 2905 3681 Schwester ist auf ihrem Sessel eingeschlummert
