3304 4056
2673 259 2824 499 30
576 533 2778 742 Ehe gewiss nur günstig beeinflusst werden, doch
604 705 2861 875 trug ihre mütterliche Gewissenhaftigkeit am Ende
631 853 2766 1053 den Sieg davon. Schon Tags darauf empfing ich
591 1010 2824 1201 den Besuch eines älteren Herrn, der sich mir als
601 1189 2898 1346 Arzt der Familie vorstellte und nach einigen höf-
594 1368 3012 1481 lich-verlegenen Einleitungsworten mir nahelegte von
591 1485 2917 1660 meiner Bewerbung um Maria abzustehen.Er habe zwar
591 1648 2892 1789 weder der Mutter, die ihn gestern zu sich berufen,
604 1780 2904 1950 noch weniger Maria selbst, die er bei dieser Gele-
607 1922 2997 2116 genheit wieder einmal aufs Genaueste untersucht, die
598 2091 2914 2258 ganze Wahrheit offenbart; umso sicherer glaube er
601 2261 2880 2458 meinem Takt und meiner Einsicht, ja gerade meiner
604 2415 2797 2584 Neigung für die Kranke die wohl peinliche, aber
613 2581 2901 2729 leider unerlässliche Lösung des Verlöbnisses an-
644 2713 3012 2886 heimstellen zu dürfen. Unerlässlich,wiederholte er
610 2880 3080 3077 streng, denn Marias Zustand bedürfe der grössten Scho
607 3018 2975 3194 nung, wenn, die sie liebten sich noch ein paar Jahre
616 3197 2932 3366 an ihrer Gegenwart freuen wollten. Den Erregungen
610 3329 2880 3524 einer Ehe,insbesondere, wie er mit emporgezogenen
604 3490 3074 3721 Brauen bemerkte, einer Liebesehe, sei ihr krankes Herz
