3528 4216
2544 445 2673 612 17
638 597 2983 776 chelte zu ihr auf, sagte:“Mir ist wieder ganz wohl,
632 785 2728 951 Mutter" und dann, vollkommen beherrscht.ihren
638 910 2857 1101 dunklen Blick auf mich heftend, richtete sie die
635 1057 2916 1247 Worte, die ersten, seit wir einander zugehörten, an
644 1224 2948 1393 mich: “Haße ich Sie erschreckt?” Ich versicherte,
662 1411 2875 1563 dass das nicht der Fall gewesen sei und durfte
662 1555 2889 1733 es mit bestem Gewissen, denn tätlich war ich
665 1683 2936 1850 während des ganzen Vorfalls nicht nur vollkommen
667 1841 2963 2038 ruhig geblieben, sondern vielmehr mir einer gewis-
673 2023 2983 2158 sen nicht unangenehmen Spannung bewusst geworden.
679 2184 2892 2316 Ich küsste der Mutter zu verspäteter Begrüssung
685 2286 2857 2491 die Hand und bat um die Erlaubnis die Damen an
688 2468 2720 2670 einen Tisch geleiten und ihnen Gesellschaft
691 2641 2866 2799 leisten zu dürfen, bis das Fräulein sich völlig
700 2775 2775 2954 erholt hätte und zu einem nächsten Tanz Lust
700 2925 2796 3086 verspürte. “Ich denke”. sagte die Mutter,“vom
1250 3053 1648 3170 wohl fiir
706 3080 2995 3264 Tanzen wird Maria heute genug haben“ und wie neu-
714 3235 3068 3413 serdings zur Erkenntnis einer überstandenen Gefahr
711 3405 2928 3613 erwachend rief sie aus: "Was ist dir nur einge-
703 3583 2916 3791 fallen.Maria? Du weisst,wie strange es dir ver-
