6536 4120
844 334 2917 515 nähern sah. Unsere Augen grüssten einan-
825 518 2856 691 der ohne dass unsere Mienen sich beweg-
825 671 2781 825 ten. Da wir uns in Gesellschaft schon
825 833 2839 984 etliche Male begegnet waren, durfte ich
825 986 2926 1151 ohneweiters an sie herantreten, um sie zu
811 1126 2914 1326 einem Tanz aufzufordern. Sie hiäkte,ver-
825 1287 2800 1482 liess mit schweigendem Gruss ihren Be-
808 1432 2959 1622 gleiter und im nächsten Augenblick schweh-
814 1616 2998 1736 te sie mit mir dahin. Mir war als hielte
802 1747 2920 1936 ich eine Träumende, wenn nicht eine traum
802 1914 2937 2067 los Schlafende im Arm. Denn ihre Augen va
789 2065 2767 2240 ren geschlossen und ihre Züge blieben
808 2232 2644 2363 ohne Regung. Wir berührten einander
791 2366 2976 2533 kaum, auch ruhten unsere Hände nur ganz lo¬
797 2538 2900 2683 se ineinander, und doch wussten wir beide,
791 2678 2744 2878 schon in diesem Augenblick, dass unser
797 2825 2906 2970 Schicksal sich für alle Zeit entschieden
786 2981 2811 3140 hatte. Plötzlich sah ich, wie ihre Augen
786 3143 2747 3299 sich weit öffneten, ich spürte wie ihr
791 3302 2781 3455 Körper, der bisher gleichsam gewichtlos
786 3463 2873 3605 gewesen war, schwer und immer schwerer in
3904 446 6085 641 meinem Arm lastete,so dass ich alle Mühe
3917 627 6105 794 aufwenden musste ihn vor dem Hinsinken zu
3926 786 6107 950 bewahren; in einer mir selbst unbegreifli-
3917 945 6138 1106 chen Weise gelang es mir sie unter dem An-
3917 1114 6155 1243 schein des Weitertanzens mit mir fortzuzie-
3923 1271 6082 1410 hen bis ich sie an den pand des Saals ge¬
4280 1385 4469 1505 halle
3931 1443 6091 1577 bracht, wo mir nichts übrig blieb, als sie
3931 1560 6099 1708 auf die stufen niederzulassen und vorerst
3948 1739 6158 1884 ihren vopf zu stützen, indem ich meine Hand
3931 1892 6038 2028 unter ihren Nacken legte. Sie war toten-
3948 2056 5954 2173 blass, die Lider geschlossen, sie schien
3943 2140 6055 2352 völlig ohne Bewusstsein.Etliche Paare in
3948 2340 6010 2496 unserer Nähe hielten im Tanzen inne, ein
3940 2485 6158 2655 paar Herren und Damen im Logengang erhoben
3948 2647 6138 2797 sich, einer brachte ein Glas Wasser herbei,
3948 2767 6094 2962 das er der Ohnmächtigen vergeblich an die
3945 2956 5985 3107 Lippen führte, Rufe nach einem Arzt wurd
3943 3068 6160 3263 hörbar, aber ehe noch einer zur Stelle war,
3948 3232 5968 3402 hatte sich durchs Gewühl in fliegender
3943 3396 6018 3583 Eile eine Dame herangedrängt,in der ich
3954 3513 6052 3828 Marias Mutter erkannte. Ohne mich zu be-
