<?xml version="1.0" encoding="UTF-8" standalone="yes"?>
<PcGts xmlns="http://schema.primaresearch.org/PAGE/gts/pagecontent/2013-07-15" xmlns:xsi="http://www.w3.org/2001/XMLSchema-instance" xsi:schemaLocation="http://schema.primaresearch.org/PAGE/gts/pagecontent/2013-07-15 http://schema.primaresearch.org/PAGE/gts/pagecontent/2013-07-15/pagecontent.xsd">
    <Metadata>
        <Creator>prov=READ-COOP:name=TrHtr:version=2.1.0:model_id=51170:date=15_08_2023_00:03</Creator>
        <Created>2023-05-10T14:56:36.068+02:00</Created>
        <LastChange>2023-08-15T00:03:47.452+02:00</LastChange>
        <TranskribusMetadata docId="1428693" pageId="55427839" pageNr="58" tsid="132831633" status="IN_PROGRESS" userId="64420" imgUrl="https://files.transkribus.eu/Get?id=DWIHYTMWYRJXXMATAUDWVILF&amp;fileType=view" xmlUrl="https://files.transkribus.eu/Get?id=ZCKBGBJPIPEBJZPXNXVFODQU" imageId="44701912"/>
    </Metadata>
    <Page imageFilename="1428693_0058.jpg" imageWidth="3304" imageHeight="4088">
        <ReadingOrder>
            <OrderedGroup id="ro_1711808890483" caption="Regions reading order">
                <RegionRefIndexed index="0" regionRef="tr_1"/>
                <RegionRefIndexed index="1" regionRef="tr_2"/>
            </OrderedGroup>
        </ReadingOrder>
        <TextRegion id="tr_1" custom="readingOrder {index:0;}">
            <Coords points="662,403 3046,403 3046,2068 662,2068"/>
            <TextLine id="tr_1_tl_1" custom="readingOrder {index:0;}">
                <Coords points="2678,503 2696,503 2702,497 2727,503 2742,488 2758,494 2773,482 2801,485 2807,371 2791,368 2785,359 2764,368 2739,365 2733,359 2684,359"/>
                <Baseline points="2694,459 2721,459 2766,456 2810,453"/>
                <TextEquiv>
                    <Unicode>19</Unicode>
                </TextEquiv>
            </TextLine>
            <TextLine id="tr_1_tl_2" custom="readingOrder {index:1;}">
                <Coords points="672,638 975,626 1147,712 2402,647 2856,702 2856,564 2641,564 2515,460 2153,555 1577,567 1347,494 672,564"/>
                <Baseline points="689,611 734,611 778,611 823,611 868,611 913,611 957,614 1002,614 1047,614 1092,614 1136,614 1181,614 1226,614 1271,614 1315,614 1360,614 1405,611 1450,614 1494,614 1539,614 1584,617 1629,614 1673,614 1718,614 1763,614 1808,617 1853,614 1897,617 1942,614 1987,614 2032,614 2076,614 2121,614 2166,614 2211,614 2255,614 2300,611 2345,611 2390,611 2434,614 2479,614 2524,614 2569,614 2613,614 2658,614 2703,614 2748,614 2792,614 2837,617 2864,623"/>
                <TextEquiv>
                    <Unicode>Sie erhob sich, streifte mich mit einem raschen</Unicode>
                </TextEquiv>
            </TextLine>
            <TextLine id="tr_1_tl_3" custom="readingOrder {index:2;}">
                <Coords points="672,788 1494,770 1712,844 2617,782 2534,690 672,699"/>
                <Baseline points="689,769 701,766 745,769 790,766 835,766 880,769 925,769 969,769 1014,769 1059,769 1104,769 1148,769 1193,769 1238,769 1283,769 1327,769 1372,769 1417,769 1462,769 1506,769 1551,769 1596,769 1641,769 1685,769 1730,769 1775,772 1820,772 1864,772 1909,772 1954,769 1999,772 2044,769 2088,769 2133,769 2178,769 2223,766 2267,766 2312,766 2357,769 2402,766 2446,766 2491,766 2536,766 2581,766 2625,766"/>
                <TextEquiv>
                    <Unicode>doch ernsten Blick, dann klappte sie ihren</Unicode>
                </TextEquiv>
            </TextLine>
            <TextLine id="tr_1_tl_4" custom="readingOrder {index:3;}">
                <Coords points="745,917 2936,893 2936,807 2595,785 1064,853 745,801"/>
                <Baseline points="763,889 793,889 838,892 883,895 928,895 972,895 1017,898 1062,895 1107,895 1151,895 1196,895 1241,892 1286,892 1330,895 1375,895 1420,892 1465,892 1509,892 1554,889 1599,892 1644,889 1688,889 1733,889 1778,889 1823,889 1867,886 1912,886 1957,886 2002,886 2046,883 2091,883 2136,883 2181,883 2226,886 2270,883 2315,880 2360,880 2405,880 2449,877 2494,880 2539,880 2584,880 2628,877 2673,877 2718,877 2763,874 2807,874 2852,874 2897,874 2942,871"/>
                <TextEquiv>
                    <Unicode>Fächer zu, schaute an sich herab und strich ihr</Unicode>
                </TextEquiv>
            </TextLine>
            <TextLine id="tr_1_tl_5" custom="readingOrder {index:4;}">
                <Coords points="733,1015 840,1034 923,1006 1071,1043 1175,1012 1270,1049 1368,997 1408,1009 1408,933 1347,899 1206,926 1144,905 1049,942 939,908 733,911"/>
                <Baseline points="751,969 796,972 841,975 886,975 930,975 975,975 1020,975 1065,975 1110,972 1154,972 1199,972 1244,972 1289,972 1333,969 1378,969 1417,969"/>
                <TextEquiv>
                    <Unicode>Kleid zurecht.</Unicode>
                </TextEquiv>
            </TextLine>
            <TextLine id="tr_1_tl_6" custom="readingOrder {index:5;}">
                <Coords points="972,1172 1666,1209 2089,1126 2626,1193 2917,1160 2917,1009 2080,1061 1460,1009 1331,1080 1193,1018 972,1083"/>
                <Baseline points="990,1124 996,1124 1041,1124 1086,1124 1130,1121 1175,1121 1220,1121 1265,1121 1309,1121 1354,1124 1399,1124 1444,1124 1488,1124 1533,1121 1578,1121 1623,1124 1668,1121 1712,1118 1757,1121 1802,1118 1847,1118 1891,1118 1936,1115 1981,1115 2026,1115 2070,1115 2115,1115 2160,1113 2205,1113 2249,1110 2294,1110 2339,1113 2384,1110 2428,1110 2473,1110 2518,1107 2563,1107 2607,1107 2652,1107 2697,1107 2742,1107 2787,1107 2831,1107 2876,1104 2921,1101"/>
                <TextEquiv>
                    <Unicode>Der Geschwindigkeit, mit der eine Gedanken-</Unicode>
                </TextEquiv>
            </TextLine>
            <TextLine id="tr_1_tl_7" custom="readingOrder {index:6;}">
                <Coords points="650,1319 2635,1307 2920,1267 2920,1172 650,1248"/>
                <Baseline points="668,1283 689,1286 734,1286 778,1286 823,1283 868,1283 913,1283 957,1280 1002,1280 1047,1280 1092,1280 1136,1280 1181,1280 1226,1280 1271,1280 1315,1280 1360,1280 1405,1277 1450,1277 1494,1274 1539,1277 1584,1274 1629,1274 1673,1274 1718,1274 1763,1274 1808,1274 1853,1274 1897,1271 1942,1268 1987,1268 2032,1268 2076,1268 2121,1268 2166,1268 2211,1268 2255,1268 2300,1268 2345,1271 2390,1271 2434,1268 2479,1265 2524,1268 2569,1262 2613,1262 2658,1262 2703,1262 2748,1259 2792,1259 2837,1256 2882,1256 2927,1256"/>
                <TextEquiv>
                    <Unicode>reihe von schicksalsvoller Bedeutung im Hirn ab-</Unicode>
                </TextEquiv>
            </TextLine>
            <TextLine id="tr_1_tl_8" custom="readingOrder {index:7;}">
                <Coords points="641,1479 3009,1426 2966,1331 2319,1304 1696,1390 644,1368"/>
                <Baseline points="662,1438 689,1441 734,1438 778,1438 823,1438 868,1438 913,1438 957,1435 1002,1435 1047,1435 1092,1435 1136,1435 1181,1435 1226,1432 1271,1435 1315,1435 1360,1432 1405,1432 1450,1432 1494,1432 1539,1432 1584,1432 1629,1429 1673,1429 1718,1429 1763,1426 1808,1429 1853,1426 1897,1426 1942,1426 1987,1423 2032,1420 2076,1423 2121,1423 2166,1423 2211,1423 2255,1420 2300,1420 2345,1420 2390,1420 2434,1420 2479,1420 2524,1420 2569,1417 2613,1417 2658,1417 2703,1417 2748,1417 2792,1414 2837,1414 2882,1414 2927,1414 2972,1414 3016,1414"/>
                <TextEquiv>
                    <Unicode>rollt, vermag auch die gedrängteste Sprache niemals</Unicode>
                </TextEquiv>
            </TextLine>
            <TextLine id="tr_1_tl_9" custom="readingOrder {index:8;}">
                <Coords points="660,1653 2745,1620 2748,1509 663,1515"/>
                <Baseline points="677,1596 695,1593 740,1593 784,1596 829,1593 874,1593 919,1593 963,1593 1008,1593 1053,1593 1098,1593 1142,1593 1187,1593 1232,1590 1277,1590 1321,1587 1366,1587 1411,1587 1456,1584 1500,1584 1545,1587 1590,1584 1635,1584 1679,1584 1724,1584 1769,1584 1814,1581 1858,1578 1903,1578 1948,1581 1993,1578 2038,1578 2082,1578 2127,1578 2172,1575 2217,1575 2261,1575 2306,1575 2351,1575 2396,1575 2440,1575 2485,1575 2530,1575 2575,1572 2619,1569 2664,1572 2709,1569 2754,1569"/>
                <TextEquiv>
                    <Unicode>zu folgen. Was ich jetzt versuchen will, mein</Unicode>
                </TextEquiv>
            </TextLine>
            <TextLine id="tr_1_tl_10" custom="readingOrder {index:9;}">
                <Coords points="660,1804 2089,1822 2905,1755 3037,1644 663,1656"/>
                <Baseline points="677,1745 719,1748 763,1745 808,1748 853,1748 898,1748 942,1748 987,1745 1032,1745 1077,1748 1121,1745 1166,1745 1211,1742 1256,1742 1300,1742 1345,1742 1390,1739 1435,1742 1480,1739 1524,1739 1569,1739 1614,1739 1659,1736 1703,1736 1748,1733 1793,1733 1838,1736 1882,1733 1927,1733 1972,1733 2017,1733 2061,1733 2106,1733 2151,1730 2196,1730 2240,1730 2285,1730 2330,1730 2375,1727 2419,1730 2464,1730 2509,1730 2554,1730 2599,1727 2643,1727 2688,1727 2733,1724 2778,1724 2822,1724 2867,1724 2912,1724 2957,1721 3001,1721 3046,1715"/>
                <TextEquiv>
                    <Unicode>Freund, dir mit kurzen Worten deutlich zu machen.Er-</Unicode>
                </TextEquiv>
            </TextLine>
            <TextLine id="tr_1_tl_11" custom="readingOrder {index:10;}">
                <Coords points="669,1963 2273,1893 2650,1963 2966,1896 2969,1807 672,1840"/>
                <Baseline points="686,1903 695,1903 740,1903 784,1903 829,1903 874,1903 919,1903 963,1906 1008,1903 1053,1900 1098,1900 1142,1897 1187,1897 1232,1897 1277,1897 1321,1897 1366,1894 1411,1894 1456,1897 1500,1897 1545,1894 1590,1897 1635,1894 1679,1897 1724,1894 1769,1894 1814,1894 1858,1891 1903,1888 1948,1885 1993,1888 2038,1888 2082,1888 2127,1888 2172,1885 2217,1885 2261,1885 2306,1885 2351,1885 2396,1885 2440,1885 2485,1885 2530,1882 2575,1882 2619,1882 2664,1879 2709,1879 2754,1879 2798,1879 2843,1876 2888,1879 2933,1879 2977,1876"/>
                <TextEquiv>
                    <Unicode>leuchtung, Ueberlegung und Entschluss,all dies was</Unicode>
                </TextEquiv>
            </TextLine>
            <TextLine id="tr_1_tl_12" custom="readingOrder {index:11;}">
                <Coords points="696,2064 1003,2160 1663,2046 2196,2058 2331,2135 3000,2077 3000,1982 696,1997"/>
                <Baseline points="713,2052 725,2055 769,2058 814,2058 859,2055 904,2055 948,2055 993,2052 1038,2055 1083,2055 1127,2052 1172,2052 1217,2052 1262,2049 1306,2049 1351,2049 1396,2049 1441,2046 1486,2046 1530,2049 1575,2049 1620,2049 1665,2046 1709,2046 1754,2046 1799,2046 1844,2046 1888,2044 1933,2044 1978,2044 2023,2044 2067,2041 2112,2044 2157,2044 2202,2044 2246,2044 2291,2041 2336,2041 2381,2041 2425,2041 2470,2038 2515,2038 2560,2038 2604,2038 2649,2035 2694,2035 2739,2035 2784,2035 2828,2035 2873,2032 2918,2032 2963,2029 3007,2026"/>
                <TextEquiv>
                    <Unicode>sich in meiner Seele in den paar Augenblicken ab-</Unicode>
                </TextEquiv>
            </TextLine>
        </TextRegion>
        <TextRegion id="tr_2" custom="readingOrder {index:1;}">
            <Coords points="671,2134 3127,2134 3127,3629 671,3629"/>
            <TextLine id="tr_2_tl_1" custom="readingOrder {index:0;}">
                <Coords points="672,2242 1828,2276 2224,2202 2629,2276 2939,2255 2942,2104 675,2153"/>
                <Baseline points="689,2214 704,2220 748,2217 793,2217 838,2217 883,2217 928,2217 972,2214 1017,2214 1062,2211 1107,2208 1151,2211 1196,2211 1241,2208 1286,2208 1330,2208 1375,2208 1420,2208 1465,2205 1509,2205 1554,2205 1599,2205 1644,2205 1688,2205 1733,2205 1778,2202 1823,2202 1867,2199 1912,2199 1957,2199 2002,2199 2046,2199 2091,2199 2136,2196 2181,2196 2226,2196 2270,2193 2315,2193 2360,2196 2405,2196 2449,2193 2494,2193 2539,2193 2584,2193 2628,2193 2673,2190 2718,2193 2763,2190 2807,2190 2852,2190 2897,2187 2942,2184"/>
                <TextEquiv>
                    <Unicode>gespielt, während Maria ihren kleinen Fächer zuge-</Unicode>
                </TextEquiv>
            </TextLine>
            <TextLine id="tr_2_tl_2" custom="readingOrder {index:1;}">
                <Coords points="702,2396 2920,2393 2954,2258 702,2294"/>
                <Baseline points="719,2366 722,2366 766,2369 811,2369 856,2369 901,2369 945,2366 990,2366 1035,2366 1080,2363 1124,2363 1169,2363 1214,2366 1259,2360 1303,2363 1348,2363 1393,2363 1438,2360 1483,2360 1527,2360 1572,2360 1617,2360 1662,2360 1706,2360 1751,2357 1796,2357 1841,2357 1885,2357 1930,2357 1975,2354 2020,2354 2064,2351 2109,2354 2154,2354 2199,2354 2243,2351 2288,2351 2333,2351 2378,2351 2422,2348 2467,2351 2512,2348 2557,2345 2601,2348 2646,2345 2691,2348 2736,2345 2781,2345 2825,2345 2870,2345 2915,2342 2960,2342"/>
                <TextEquiv>
                    <Unicode>klagpt und ihr Kleid zurechtgestrichen, beschäf-</Unicode>
                </TextEquiv>
            </TextLine>
            <TextLine id="tr_2_tl_3" custom="readingOrder {index:2;}">
                <Coords points="660,2546 2755,2574 2926,2540 2929,2420 660,2469"/>
                <Baseline points="677,2521 692,2524 737,2524 781,2524 826,2524 871,2524 916,2524 960,2524 1005,2524 1050,2524 1095,2521 1139,2521 1184,2521 1229,2521 1274,2521 1318,2518 1363,2518 1408,2518 1453,2518 1497,2518 1542,2518 1587,2518 1632,2518 1676,2515 1721,2518 1766,2515 1811,2512 1856,2512 1900,2512 1945,2512 1990,2512 2035,2512 2079,2512 2124,2509 2169,2512 2214,2509 2258,2509 2303,2509 2348,2509 2393,2509 2437,2506 2482,2506 2527,2503 2572,2503 2616,2503 2661,2503 2706,2503 2751,2500 2795,2500 2840,2500 2885,2500 2930,2497"/>
                <TextEquiv>
                    <Unicode>tigte mich kaum mehr, als ich mit Maria und ihrer</Unicode>
                </TextEquiv>
            </TextLine>
            <TextLine id="tr_2_tl_4" custom="readingOrder {index:3;}">
                <Coords points="653,2739 2865,2693 3043,2663 3043,2577 653,2614"/>
                <Baseline points="671,2679 680,2676 725,2679 769,2679 814,2679 859,2679 904,2679 948,2679 993,2682 1038,2679 1083,2679 1127,2676 1172,2676 1217,2676 1262,2676 1306,2673 1351,2676 1396,2676 1441,2673 1486,2673 1530,2673 1575,2670 1620,2670 1665,2670 1709,2670 1754,2670 1799,2670 1844,2670 1888,2670 1933,2670 1978,2670 2023,2670 2067,2670 2112,2670 2157,2670 2202,2670 2246,2667 2291,2667 2336,2667 2381,2667 2425,2664 2470,2664 2515,2661 2560,2661 2604,2661 2649,2661 2694,2664 2739,2661 2784,2658 2828,2658 2873,2658 2918,2655 2963,2655 3007,2652 3052,2652"/>
                <TextEquiv>
                    <Unicode>Mutter an einem Tisch im Logengang sass und mit ih-</Unicode>
                </TextEquiv>
            </TextLine>
            <TextLine id="tr_2_tl_5" custom="readingOrder {index:4;}">
                <Coords points="660,2883 2494,2887 2887,2834 2887,2730 660,2785"/>
                <Baseline points="677,2834 701,2837 745,2834 790,2834 835,2837 880,2834 925,2834 969,2831 1014,2831 1059,2831 1104,2831 1148,2831 1193,2831 1238,2828 1283,2828 1327,2828 1372,2828 1417,2828 1462,2828 1506,2825 1551,2825 1596,2825 1641,2825 1685,2825 1730,2825 1775,2825 1820,2825 1864,2825 1909,2825 1954,2825 1999,2822 2044,2822 2088,2822 2133,2819 2178,2822 2223,2819 2267,2819 2312,2819 2357,2822 2402,2819 2446,2816 2491,2816 2536,2813 2581,2813 2625,2813 2670,2813 2715,2813 2760,2810 2804,2813 2849,2813 2894,2807"/>
                <TextEquiv>
                    <Unicode>nen wie mit oberflächlichen alten Bekannten, die</Unicode>
                </TextEquiv>
            </TextLine>
            <TextLine id="tr_2_tl_6" custom="readingOrder {index:5;}">
                <Coords points="666,3015 1040,3077 2245,3058 2564,2979 2917,3034 2966,2908 669,2939"/>
                <Baseline points="683,2992 692,2992 737,2992 781,2992 826,2992 871,2995 916,2992 960,2992 1005,2992 1050,2992 1095,2989 1139,2989 1184,2989 1229,2986 1274,2989 1318,2986 1363,2986 1408,2986 1453,2986 1497,2986 1542,2986 1587,2983 1632,2983 1676,2983 1721,2980 1766,2980 1811,2983 1856,2983 1900,2980 1945,2980 1990,2980 2035,2980 2079,2980 2124,2980 2169,2980 2214,2980 2258,2977 2303,2977 2348,2977 2393,2974 2437,2974 2482,2977 2527,2974 2572,2972 2616,2972 2661,2972 2706,2974 2751,2974 2795,2972 2840,2969 2885,2969 2930,2969 2974,2966"/>
                <TextEquiv>
                    <Unicode>sie ja übrigens waren,von allerlei gleichgültigen</Unicode>
                </TextEquiv>
            </TextLine>
            <TextLine id="tr_2_tl_7" custom="readingOrder {index:6;}">
                <Coords points="656,3233 1169,3169 1598,3236 2095,3147 2834,3209 2791,3031 660,3074"/>
                <Baseline points="677,3154 695,3154 740,3154 784,3154 829,3157 874,3154 919,3154 963,3151 1008,3151 1053,3151 1098,3148 1142,3148 1187,3148 1232,3148 1277,3145 1321,3145 1366,3145 1411,3142 1456,3145 1500,3142 1545,3145 1590,3145 1635,3145 1679,3142 1724,3142 1769,3139 1814,3139 1858,3139 1903,3136 1948,3139 1993,3139 2038,3136 2082,3136 2127,3136 2172,3136 2217,3136 2261,3136 2306,3136 2351,3133 2396,3133 2440,3133 2485,3133 2530,3130 2575,3130 2619,3130 2664,3130 2709,3127 2754,3127 2798,3127 2843,3130"/>
                <TextEquiv>
                    <Unicode>Dingen plauderte. Dies aber waren vorher meine</Unicode>
                </TextEquiv>
            </TextLine>
            <TextLine id="tr_2_tl_8" custom="readingOrder {index:7;}">
                <Coords points="669,3356 908,3393 1209,3328 1482,3362 1482,3221 1402,3184 1279,3230 1187,3187 985,3248 856,3196 669,3230"/>
                <Baseline points="686,3300 731,3300 775,3300 820,3303 865,3303 910,3306 954,3306 999,3303 1044,3303 1089,3303 1133,3297 1178,3297 1223,3297 1268,3297 1312,3297 1357,3297 1402,3297 1447,3300 1488,3303"/>
                <TextEquiv>
                    <Unicode>Gedanken gewesen:</Unicode>
                </TextEquiv>
            </TextLine>
            <TextLine id="tr_2_tl_9" custom="readingOrder {index:8;}">
                <Coords points="985,3506 2890,3503 2890,3362 985,3377"/>
                <Baseline points="1002,3455 1017,3458 1062,3458 1107,3458 1151,3458 1196,3455 1241,3458 1286,3458 1330,3455 1375,3455 1420,3452 1465,3452 1509,3452 1554,3452 1599,3449 1644,3452 1688,3449 1733,3449 1778,3449 1823,3452 1867,3449 1912,3449 1957,3449 2002,3446 2046,3446 2091,3446 2136,3446 2181,3446 2226,3446 2270,3446 2315,3443 2360,3443 2405,3443 2449,3443 2494,3443 2539,3440 2584,3440 2628,3440 2673,3440 2718,3440 2763,3437 2807,3437 2852,3434 2897,3437"/>
                <TextEquiv>
                    <Unicode>Maria hat einen Herzfehler (die Kühnheit</Unicode>
                </TextEquiv>
            </TextLine>
            <TextLine id="tr_2_tl_10" custom="readingOrder {index:9;}">
                <Coords points="656,3632 1479,3687 2745,3601 2936,3687 3123,3629 3126,3515 660,3506"/>
                <Baseline points="674,3619 710,3619 754,3616 799,3616 844,3613 889,3613 933,3616 978,3613 1023,3613 1068,3613 1113,3613 1157,3613 1202,3613 1247,3613 1292,3610 1336,3610 1381,3610 1426,3610 1471,3607 1515,3607 1560,3607 1605,3607 1650,3607 1694,3607 1739,3607 1784,3607 1829,3604 1873,3607 1918,3604 1963,3604 2008,3604 2052,3601 2097,3601 2142,3601 2187,3601 2231,3601 2276,3601 2321,3601 2366,3598 2411,3601 2455,3598 2500,3598 2545,3595 2590,3595 2634,3598 2679,3598 2724,3595 2769,3598 2813,3598 2858,3598 2903,3598 2948,3598 2992,3601 3037,3598 3082,3598 3127,3595"/>
                <TextEquiv>
                    <Unicode>meiner Diagnose bitte ich dich zweifach entschuldigt</Unicode>
                </TextEquiv>
            </TextLine>
        </TextRegion>
    </Page>
</PcGts>
