3320 4088
2473 300 2610 431 36
562 437 2965 630 oder Reue schüchtern in meiner Seele melden wollte,
575 562 2879 782 verblasste gegenüber der beglückenden Einbildung,
575 730 2836 944 dass gerade die Leidenschaftlichkeit unserer Be-
572 908 2757 1073 ziehungen Marias Herzleiden aufs Günstigste zu
562 1042 2760 1232 beeinflussen schien und zwar in so auffälliger
572 1186 2714 1384 Weise, dass ich mich manchmal fragen musste, ob
578 1348 2855 1571 der Doktor, den die Mutter mir ins Haus geschickt
581 1491 2861 1693 ein Ignorant, ein boshafter Narr oder gar ein Ei-
575 1653 2851 1861 fersüchtiger gewesen sei. Ich selbst aber fühlte
578 1803 2992 1993 mich besser und reiner werden. Aller Ehrgeiz meines
581 1956 2864 2173 Berufs,ja alle Eitelkeit des Menschentums schien
581 2115 2845 2323 damals von mir abzufallen. Da zu sein, zu lieben,
584 2268 2867 2460 geliebt zu werden, die Welt zu geniessen, ohne den
590 2430 2958 2622 lächerlichen Wahn sie nachbilden zu müssen,mich an
584 2607 3044 2778 dem zu freuen, was Grössere geschaffen,ohne den neid-
587 2741 2894 2931 vollen Gram, den wir Ehrgeiz nennen,war mir genug,
581 2894 2830 3114 mehr als genug, ward mir S eligkeit an sich. In
623 3032 2876 3246 jenen Tagen, so glaube ich heute, hätte ich irgend
605 3221 3007 3417 eine gute und opfervolle Tat begehen,mein Vermögen
602 3383 2916 3554 einem Bettler schenken, mein Leben für einen Unbe-
584 3548 2968 3771 kannten aufs Spiel setzen können, doch war es viel-
