3304 4088
2642 280 2768 425 35
636 479 3073 664 entfernten, umso mehrbschwand unser Beider Unrast, die
642 633 2859 781 sich allerdings erst von mir aus ihr mitgeteilt
630 743 2894 932 hatte. Fast ohne Ruhecause waren wir nach Neapel
636 929 2774 1105 gelangt, hier nahmen wir einen ersten kürzeren
627 1061 2850 1219 Aufenthalt, dann erst ging es nordwärts nach Rom
627 1231 3032 1385 und endlich nach Florenz, wo wir länger zu verweilen
645 1395 2897 1552 gedachten. Wunderbar war es mir nun mitzuerleben
630 1565 3161 1726 wie Maria, anfangs in all ihrem Glück, doch noch völlig
633 1703 3017 1870 ungelöst und in dem ihr eigentümlichen Ernst befan-
623 1870 2988 2037 gen, sich immer freier und heiterer zeigte, wie sich
627 2028 3095 2169 ihre Seele in jeder Weise hingab, dem Himmel, der Land-
623 2166 2891 2330 schaft, den Bildern, die wir sahen, den unbekannten
611 2317 2878 2494 Menschen, die uns begegneten,-wie sie fähig wurde
668 2484 2834 2620 vielerlei zu empfinden, wogegen sie sich früher
614 2591 2865 2777 verschlossen hatte,wahrzunehmen,woran sie früher
608 2755 3054 2944 achtlos vorbeigegangen war, Aber auch meiner eigenen
601 2957 2954 3083 Wandlung wohnen ich mit einer Art von Neugier bei.
598 3114 2982 3287 Die düster-grossartige Stimmung,in der ich, ein Lie-
592 3256 2938 3410 bender und Mörder zugleich, die Reise angetreten,
605 3382 2887 3640 verschwebte mehr und mehr, und was sich von Scham
