3288 4056
578 416 2925 657 einzig gerechten Abschluss meines Daseins bedeuten
572 627 2880 792 würde. Bin ich damals auch dieser Eingebung nicht
581 765 2787 940 gefolgt, so darf ich mich heute doch ihrer erin-
578 910 2808 1084 nern, ohne dass irgend jemand, auch du nicht, mein
572 1078 2805 1277 Freund,es wagen könnte an ihrer Unmittelbarkeit
590 1232 2799 1404 zu zweifeln. Denn was mich damals abhielt jener
599 1392 3022 1563 ersten Regung zu folgen, war keineswegs Feigheit,son-
590 1527 2955 1717 dern die sich sofort aufdrüngende Ueberlegung, dass
590 1705 2765 1886 Maria sich einem furchtbaren Reütsel gegenüber
599 1841 2997 2021 sehen und dass der Versuch es zu lösen oder gar die
593 2006 2997 2199 Lisung selbst sie zu einer Pein ohnegleichen verur-
602 2178 2874 2323 teilen würde.deren Auferlegung durch mich von al-
602 2305 2865 2470 len meinen Verbrechen das unsühnbarste bedeutet
602 2482 2826 2636 hätte. Und mit dieser Einsicht nun war ich wie-
609 2627 2871 2820 der ein Mensch wie ändere geworden, ein Liebender
602 2781 2913 2940 wie andere auch, dem Ewig-Alltäglichen verfallen;
599 2916 2823 3121 Hoffnungen und Aengste, die ich abgetan gewähnt,
609 3082 2922 3284 regten sich von neuem, die Ueberlegung, dass Aerzte
621 3229 2961 3416 sich irren, und dass auch der Florentiner nicht un-
612 3416 3025 3615 fehlbarn gewesen war, bot sich vor allem dar; und als
