<?xml version="1.0" encoding="UTF-8" standalone="yes"?>
<PcGts xmlns="http://schema.primaresearch.org/PAGE/gts/pagecontent/2013-07-15" xmlns:xsi="http://www.w3.org/2001/XMLSchema-instance" xsi:schemaLocation="http://schema.primaresearch.org/PAGE/gts/pagecontent/2013-07-15 http://schema.primaresearch.org/PAGE/gts/pagecontent/2013-07-15/pagecontent.xsd">
    <Metadata>
        <Creator>prov=READ-COOP:name=TrHtr:version=2.1.0:model_id=51170:date=15_08_2023_00:06</Creator>
        <Created>2023-05-10T14:56:59.880+02:00</Created>
        <LastChange>2023-08-15T00:06:41.848+02:00</LastChange>
        <TranskribusMetadata docId="1428693" pageId="55428880" pageNr="209" tsid="132831791" status="IN_PROGRESS" userId="64420" imgUrl="https://files.transkribus.eu/Get?id=YVBWSTROACRMVPDFHPGYQXOP&amp;fileType=view" xmlUrl="https://files.transkribus.eu/Get?id=DLEIJXMNYQEIFYHTADKQVOCF" imageId="44702953"/>
    </Metadata>
    <Page imageFilename="1428693_0209.jpg" imageWidth="3320" imageHeight="4072">
        <ReadingOrder>
            <OrderedGroup id="ro_1711809194945" caption="Regions reading order">
                <RegionRefIndexed index="0" regionRef="tr_1"/>
                <RegionRefIndexed index="1" regionRef="tr_2"/>
            </OrderedGroup>
        </ReadingOrder>
        <TextRegion id="tr_1" custom="readingOrder {index:0;}">
            <Coords points="743,385 3027,385 3027,1529 743,1529"/>
            <TextLine id="tr_1_tl_1" custom="readingOrder {index:0;}">
                <Coords points="2686,471 2715,471 2741,456 2806,500 2823,500 2820,298 2791,301 2768,289 2724,307 2683,298"/>
                <Baseline points="2701,435 2746,435 2791,435 2830,438"/>
                <TextEquiv>
                    <Unicode>39</Unicode>
                </TextEquiv>
            </TextLine>
            <TextLine id="tr_1_tl_2" custom="readingOrder {index:1;}">
                <Coords points="734,608 1572,672 1736,617 1976,690 2081,631 2820,637 2817,506 2505,462 1979,541 1762,473 1283,538 1026,462 731,491"/>
                <Baseline points="749,582 794,585 838,585 883,588 928,585 973,588 1018,588 1062,585 1107,588 1152,588 1197,585 1241,585 1286,585 1331,585 1376,585 1421,588 1465,588 1510,588 1555,588 1600,588 1644,591 1689,591 1734,591 1779,588 1824,588 1868,588 1913,591 1958,588 2003,588 2047,588 2092,591 2137,591 2182,594 2227,591 2271,591 2316,591 2361,591 2406,588 2450,588 2495,588 2540,588 2585,588 2630,591 2674,591 2719,591 2764,591 2809,591 2824,594"/>
                <TextEquiv>
                    <Unicode>völlige Bewusstlosigkeit sank. Ich hätte sie</Unicode>
                </TextEquiv>
            </TextLine>
            <TextLine id="tr_1_tl_3" custom="readingOrder {index:2;}">
                <Coords points="734,766 2864,795 2811,634 734,666"/>
                <Baseline points="749,737 794,740 838,740 883,740 928,740 973,737 1018,737 1062,737 1107,740 1152,737 1197,737 1241,737 1286,740 1331,740 1376,740 1421,740 1465,740 1510,740 1555,740 1600,743 1644,740 1689,740 1734,740 1779,740 1824,740 1868,740 1913,740 1958,740 2003,743 2047,740 2092,740 2137,740 2182,740 2227,740 2271,743 2316,746 2361,743 2406,740 2450,743 2495,743 2540,743 2585,743 2630,743 2674,743 2719,743 2764,743 2809,743 2853,743 2868,749"/>
                <TextEquiv>
                    <Unicode>für eine Schlafende halten können, hätten ihre</Unicode>
                </TextEquiv>
            </TextLine>
            <TextLine id="tr_1_tl_4" custom="readingOrder {index:3;}">
                <Coords points="731,915 1163,994 1666,906 2832,947 2832,830 2756,798 731,804"/>
                <Baseline points="746,892 791,889 835,889 880,892 925,892 970,892 1015,892 1059,892 1104,892 1149,892 1194,892 1238,895 1283,898 1328,895 1373,892 1418,895 1462,898 1507,895 1552,892 1597,892 1641,895 1686,895 1731,895 1776,895 1821,895 1865,895 1910,895 1955,898 2000,895 2044,895 2089,895 2134,895 2179,895 2224,895 2268,895 2313,901 2358,898 2403,898 2447,898 2492,898 2537,898 2582,898 2627,898 2671,901 2716,898 2761,898 2806,901 2836,907"/>
                <TextEquiv>
                    <Unicode>Züge nicht jene furchtbare Blüsse angenommen,</Unicode>
                </TextEquiv>
            </TextLine>
            <TextLine id="tr_1_tl_5" custom="readingOrder {index:4;}">
                <Coords points="728,1116 1713,1061 1967,1128 2081,1058 2949,1116 2949,979 728,982"/>
                <Baseline points="743,1047 788,1047 832,1047 877,1047 922,1047 967,1047 1012,1044 1056,1047 1101,1050 1146,1047 1191,1047 1235,1050 1280,1050 1325,1050 1370,1047 1415,1047 1459,1047 1504,1050 1549,1050 1594,1047 1638,1050 1683,1050 1728,1050 1773,1050 1818,1050 1862,1050 1907,1053 1952,1050 1997,1050 2041,1050 2086,1047 2131,1050 2176,1050 2221,1050 2265,1050 2310,1050 2355,1053 2400,1053 2444,1053 2489,1053 2534,1053 2579,1053 2624,1053 2668,1053 2713,1053 2758,1053 2803,1053 2848,1053 2892,1053 2937,1053 2955,1056"/>
                <TextEquiv>
                    <Unicode>die mir noch von dem Ballabend her in mahnender</Unicode>
                </TextEquiv>
            </TextLine>
            <TextLine id="tr_1_tl_6" custom="readingOrder {index:5;}">
                <Coords points="728,1257 3019,1286 3001,1093 728,1116"/>
                <Baseline points="743,1194 788,1194 832,1197 877,1197 922,1200 967,1200 1012,1197 1056,1200 1101,1200 1146,1200 1191,1203 1235,1203 1280,1203 1325,1203 1370,1206 1415,1209 1459,1209 1504,1206 1549,1206 1594,1203 1638,1203 1683,1206 1728,1206 1773,1206 1818,1206 1862,1206 1907,1206 1952,1203 1997,1206 2041,1206 2086,1206 2131,1203 2176,1203 2221,1203 2265,1206 2310,1206 2355,1206 2400,1206 2444,1206 2489,1206 2534,1206 2579,1206 2624,1209 2668,1209 2713,1209 2758,1209 2803,1209 2848,1209 2892,1209 2937,1206 2982,1206 3027,1206"/>
                <TextEquiv>
                    <Unicode>Erinnerung war. Als sie auf mein wiederholtes An-</Unicode>
                </TextEquiv>
            </TextLine>
            <TextLine id="tr_1_tl_7" custom="readingOrder {index:6;}">
                <Coords points="731,1420 2835,1414 2870,1292 731,1306"/>
                <Baseline points="746,1358 791,1355 835,1352 880,1355 925,1355 970,1352 1015,1355 1059,1355 1104,1355 1149,1355 1194,1355 1238,1358 1283,1358 1328,1358 1373,1355 1418,1358 1462,1358 1507,1358 1552,1355 1597,1355 1641,1358 1686,1355 1731,1355 1776,1358 1821,1358 1865,1361 1910,1364 1955,1361 2000,1358 2044,1358 2089,1358 2134,1358 2179,1358 2224,1361 2268,1358 2313,1358 2358,1358 2403,1358 2447,1361 2492,1361 2537,1361 2582,1361 2627,1364 2671,1364 2716,1364 2761,1361 2806,1361 2850,1361 2877,1361"/>
                <TextEquiv>
                    <Unicode>rufen die Augen aufschlug, behauptete sie, dass</Unicode>
                </TextEquiv>
            </TextLine>
            <TextLine id="tr_1_tl_8" custom="readingOrder {index:7;}">
                <Coords points="739,1596 2151,1520 2922,1572 2943,1397 2759,1461 739,1441"/>
                <Baseline points="755,1510 800,1507 844,1507 889,1507 934,1507 979,1507 1023,1507 1068,1507 1113,1507 1158,1510 1203,1510 1247,1510 1292,1510 1337,1510 1382,1510 1426,1510 1471,1510 1516,1510 1561,1510 1606,1510 1650,1510 1695,1510 1740,1510 1785,1510 1830,1510 1874,1513 1919,1513 1964,1510 2009,1510 2053,1510 2098,1510 2143,1513 2188,1513 2233,1513 2277,1513 2322,1516 2367,1513 2412,1513 2456,1513 2501,1513 2546,1513 2591,1513 2636,1513 2680,1516 2725,1519 2770,1519 2815,1516 2859,1516 2904,1513 2949,1519"/>
                <TextEquiv>
                    <Unicode>es nichts gewesen sei und sie sich schon wieder</Unicode>
                </TextEquiv>
            </TextLine>
        </TextRegion>
        <TextRegion id="tr_2" custom="readingOrder {index:1;}">
            <Coords points="728,1612 3068,1612 3068,3553 728,3553"/>
            <TextLine id="tr_2_tl_1" custom="readingOrder {index:0;}">
                <Coords points="742,1730 2785,1733 2858,1727 2858,1593 742,1599"/>
                <Baseline points="758,1674 803,1668 847,1665 892,1662 937,1665 982,1662 1026,1662 1071,1662 1116,1665 1161,1665 1206,1665 1250,1665 1295,1665 1340,1665 1385,1665 1429,1668 1474,1665 1519,1668 1564,1665 1609,1665 1653,1665 1698,1665 1743,1668 1788,1668 1832,1665 1877,1662 1922,1665 1967,1665 2012,1668 2056,1668 2101,1665 2146,1665 2191,1668 2236,1668 2280,1668 2325,1668 2370,1668 2415,1668 2459,1668 2504,1671 2549,1668 2594,1671 2639,1671 2683,1671 2728,1674 2773,1671 2818,1671 2862,1674 2865,1674"/>
                <TextEquiv>
                    <Unicode>ganz wohl fühle. Am selben Abend noch war sie</Unicode>
                </TextEquiv>
            </TextLine>
            <TextLine id="tr_2_tl_2" custom="readingOrder {index:1;}">
                <Coords points="734,1894 2475,1847 2847,1914 2864,1727 734,1756"/>
                <Baseline points="749,1821 794,1818 838,1818 883,1818 928,1818 973,1818 1018,1818 1062,1818 1107,1818 1152,1821 1197,1821 1241,1821 1286,1821 1331,1821 1376,1821 1421,1821 1465,1821 1510,1821 1555,1824 1600,1824 1644,1824 1689,1824 1734,1824 1779,1824 1824,1824 1868,1821 1913,1821 1958,1821 2003,1824 2047,1824 2092,1824 2137,1824 2182,1824 2227,1824 2271,1824 2316,1824 2361,1824 2406,1827 2450,1827 2495,1827 2540,1830 2585,1830 2630,1830 2674,1832 2719,1830 2764,1827 2809,1827 2853,1827 2871,1824"/>
                <TextEquiv>
                    <Unicode>imstande mit mir einen kleinen Spaziergang zu</Unicode>
                </TextEquiv>
            </TextLine>
            <TextLine id="tr_2_tl_3" custom="readingOrder {index:2;}">
                <Coords points="731,1996 1108,2063 3051,2011 2890,1891 731,1900"/>
                <Baseline points="746,1976 791,1973 835,1973 880,1973 925,1973 970,1973 1015,1973 1059,1973 1104,1973 1149,1976 1194,1976 1238,1976 1283,1976 1328,1973 1373,1976 1418,1976 1462,1976 1507,1979 1552,1976 1597,1976 1641,1979 1686,1979 1731,1979 1776,1979 1821,1979 1865,1976 1910,1979 1955,1979 2000,1979 2044,1979 2089,1982 2134,1979 2179,1979 2224,1982 2268,1982 2313,1982 2358,1982 2403,1982 2447,1982 2492,1982 2537,1979 2582,1979 2627,1982 2671,1979 2716,1979 2761,1979 2806,1979 2850,1979 2895,1979 2940,1979 2985,1982 3030,1985 3056,1988"/>
                <TextEquiv>
                    <Unicode>unternehmen, der sie nicht im Geringsten ermüdete.</Unicode>
                </TextEquiv>
            </TextLine>
            <TextLine id="tr_2_tl_4" custom="readingOrder {index:3;}">
                <Coords points="728,2204 2958,2168 2990,2072 725,2043"/>
                <Baseline points="743,2131 788,2131 832,2128 877,2128 922,2128 967,2128 1012,2125 1056,2128 1101,2128 1146,2128 1191,2128 1235,2131 1280,2128 1325,2131 1370,2128 1415,2131 1459,2131 1504,2131 1549,2131 1594,2131 1638,2128 1683,2131 1728,2131 1773,2134 1818,2134 1862,2134 1907,2134 1952,2134 1997,2134 2041,2134 2086,2134 2131,2134 2176,2137 2221,2137 2265,2137 2310,2137 2355,2137 2400,2137 2444,2137 2489,2137 2534,2137 2579,2137 2624,2137 2668,2137 2713,2137 2758,2134 2803,2134 2848,2134 2892,2137 2937,2137 2982,2137 2997,2140"/>
                <TextEquiv>
                    <Unicode>Trotzdem wiederholte sich der Anfall am nächsten</Unicode>
                </TextEquiv>
            </TextLine>
            <TextLine id="tr_2_tl_5" custom="readingOrder {index:4;}">
                <Coords points="716,2332 2581,2309 2905,2373 2905,2244 2659,2186 716,2227"/>
                <Baseline points="731,2286 776,2286 820,2286 865,2289 910,2286 955,2289 1000,2289 1044,2289 1089,2289 1134,2289 1179,2286 1223,2286 1268,2286 1313,2286 1358,2283 1403,2286 1447,2286 1492,2286 1537,2286 1582,2286 1627,2286 1671,2286 1716,2286 1761,2286 1806,2286 1850,2286 1895,2289 1940,2286 1985,2289 2030,2289 2074,2289 2119,2289 2164,2289 2209,2289 2253,2289 2298,2289 2343,2289 2388,2289 2433,2289 2477,2292 2522,2295 2567,2295 2612,2295 2656,2292 2701,2292 2746,2289 2791,2292 2836,2289 2880,2286 2910,2289"/>
                <TextEquiv>
                    <Unicode>Tag zur gleichen Stunde. Sie blieb eine Minute</Unicode>
                </TextEquiv>
            </TextLine>
            <TextLine id="tr_2_tl_6" custom="readingOrder {index:5;}">
                <Coords points="716,2472 2943,2525 2943,2350 2797,2332 2198,2394 716,2356"/>
                <Baseline points="731,2442 776,2436 820,2436 865,2439 910,2439 955,2442 1000,2442 1044,2442 1089,2442 1134,2442 1179,2442 1223,2444 1268,2442 1313,2442 1358,2442 1403,2442 1447,2444 1492,2444 1537,2444 1582,2444 1627,2444 1671,2444 1716,2442 1761,2444 1806,2444 1850,2444 1895,2444 1940,2444 1985,2444 2030,2444 2074,2444 2119,2444 2164,2444 2209,2444 2253,2444 2298,2444 2343,2447 2388,2447 2433,2447 2477,2447 2522,2450 2567,2447 2612,2447 2656,2447 2701,2444 2746,2444 2791,2444 2836,2444 2880,2447 2925,2447 2949,2450"/>
                <TextEquiv>
                    <Unicode>bewisstlos, ihr Puls war kaum zu fühlen, nach dem</Unicode>
                </TextEquiv>
            </TextLine>
            <TextLine id="tr_2_tl_7" custom="readingOrder {index:6;}">
                <Coords points="713,2651 2902,2639 2849,2508 713,2508"/>
                <Baseline points="728,2597 773,2591 817,2594 862,2594 907,2594 952,2594 997,2594 1041,2591 1086,2594 1131,2594 1176,2594 1221,2594 1265,2597 1310,2597 1355,2600 1400,2600 1444,2600 1489,2600 1534,2597 1579,2600 1624,2597 1668,2600 1713,2600 1758,2597 1803,2600 1847,2597 1892,2600 1937,2600 1982,2603 2027,2600 2071,2603 2116,2603 2161,2603 2206,2603 2250,2606 2295,2606 2340,2603 2385,2603 2430,2603 2474,2606 2519,2603 2564,2606 2609,2606 2653,2603 2698,2603 2743,2603 2788,2606 2833,2606 2877,2609 2907,2612"/>
                <TextEquiv>
                    <Unicode>Erwachen kehrte ihre Farbe nicht gleich zurück,</Unicode>
                </TextEquiv>
            </TextLine>
            <TextLine id="tr_2_tl_8" custom="readingOrder {index:7;}">
                <Coords points="719,2817 3007,2803 3025,2674 719,2686"/>
                <Baseline points="734,2755 779,2752 823,2752 868,2749 913,2749 958,2749 1003,2749 1047,2749 1092,2749 1137,2752 1182,2749 1226,2752 1271,2752 1316,2752 1361,2752 1406,2752 1450,2752 1495,2752 1540,2752 1585,2752 1629,2752 1674,2752 1719,2752 1764,2752 1809,2752 1853,2752 1898,2755 1943,2755 1988,2755 2033,2755 2077,2755 2122,2755 2167,2758 2212,2761 2256,2758 2301,2758 2346,2758 2391,2758 2436,2758 2480,2758 2525,2755 2570,2758 2615,2758 2659,2758 2704,2758 2749,2761 2794,2761 2839,2761 2883,2761 2928,2761 2973,2761 3018,2761 3030,2755"/>
                <TextEquiv>
                    <Unicode>auch das erwartete Lächeln blieb aus und in ihren</Unicode>
                </TextEquiv>
            </TextLine>
            <TextLine id="tr_2_tl_9" custom="readingOrder {index:8;}">
                <Coords points="719,2975 1447,3007 2122,2922 2928,2978 2928,2855 2817,2823 719,2849"/>
                <Baseline points="734,2907 779,2904 823,2907 868,2907 913,2907 958,2907 1003,2907 1047,2904 1092,2904 1137,2904 1182,2907 1226,2904 1271,2907 1316,2907 1361,2910 1406,2907 1450,2907 1495,2907 1540,2910 1585,2910 1629,2907 1674,2907 1719,2907 1764,2907 1809,2907 1853,2907 1898,2907 1943,2907 1988,2910 2033,2910 2077,2910 2122,2910 2167,2913 2212,2913 2256,2910 2301,2910 2346,2913 2391,2913 2436,2913 2480,2913 2525,2913 2570,2919 2615,2913 2659,2916 2704,2916 2749,2916 2794,2916 2839,2913 2883,2913 2928,2913 2937,2910"/>
                <TextEquiv>
                    <Unicode>Augen war ein Ausdruck der Verlorenheit, der mir</Unicode>
                </TextEquiv>
            </TextLine>
            <TextLine id="tr_2_tl_10" custom="readingOrder {index:9;}">
                <Coords points="719,3121 3025,3130 3001,2978 719,2975"/>
                <Baseline points="734,3056 779,3059 823,3059 868,3059 913,3059 958,3059 1003,3062 1047,3062 1092,3062 1137,3062 1182,3065 1226,3065 1271,3062 1316,3062 1361,3062 1406,3065 1450,3065 1495,3062 1540,3062 1585,3062 1629,3062 1674,3065 1719,3065 1764,3065 1809,3068 1853,3065 1898,3065 1943,3065 1988,3065 2033,3065 2077,3065 2122,3065 2167,3065 2212,3065 2256,3065 2301,3065 2346,3068 2391,3065 2436,3065 2480,3068 2525,3068 2570,3065 2615,3068 2659,3068 2704,3071 2749,3071 2794,3071 2839,3071 2883,3068 2928,3065 2973,3068 3018,3068 3030,3065"/>
                <TextEquiv>
                    <Unicode>völlig neu war. Sie bat mich dringend keinen Arzt</Unicode>
                </TextEquiv>
            </TextLine>
            <TextLine id="tr_2_tl_11" custom="readingOrder {index:10;}">
                <Coords points="719,3320 944,3256 2996,3259 2996,3159 1751,3165 1569,3086 1447,3162 716,3142"/>
                <Baseline points="731,3215 776,3212 820,3212 865,3215 910,3215 955,3212 1000,3212 1044,3212 1089,3215 1134,3215 1179,3212 1223,3215 1268,3215 1313,3215 1358,3215 1403,3215 1447,3218 1492,3218 1537,3221 1582,3218 1627,3218 1671,3218 1716,3221 1761,3218 1806,3218 1850,3218 1895,3218 1940,3221 1985,3218 2030,3218 2074,3218 2119,3218 2164,3218 2209,3218 2253,3221 2298,3221 2343,3218 2388,3221 2433,3221 2477,3221 2522,3221 2567,3221 2612,3221 2656,3224 2701,3224 2746,3224 2791,3227 2836,3227 2880,3227 2925,3227 2970,3224 3003,3227"/>
                <TextEquiv>
                    <Unicode>zu Rate zu ziehen, denn, da solche Anfälle sie in</Unicode>
                </TextEquiv>
            </TextLine>
            <TextLine id="tr_2_tl_12" custom="readingOrder {index:11;}">
                <Coords points="716,3460 1233,3396 2621,3466 2820,3431 2820,3329 877,3259 713,3323"/>
                <Baseline points="731,3370 776,3367 820,3367 865,3367 910,3367 955,3367 1000,3364 1044,3367 1089,3367 1134,3370 1179,3367 1223,3370 1268,3370 1313,3370 1358,3373 1403,3373 1447,3370 1492,3373 1537,3370 1582,3370 1627,3373 1671,3373 1716,3373 1761,3373 1806,3373 1850,3373 1895,3373 1940,3373 1985,3373 2030,3370 2074,3373 2119,3373 2164,3373 2209,3373 2253,3373 2298,3376 2343,3373 2388,3373 2433,3376 2477,3376 2522,3376 2567,3376 2612,3376 2656,3376 2701,3376 2746,3379 2791,3385 2827,3388"/>
                <TextEquiv>
                    <Unicode>früherer Zeit nicht selten überkommen hätten,</Unicode>
                </TextEquiv>
            </TextLine>
            <TextLine id="tr_2_tl_13" custom="readingOrder {index:12;}">
                <Coords points="716,3601 2072,3615 2224,3551 2835,3647 3060,3557 3060,3440 716,3457"/>
                <Baseline points="731,3528 776,3522 820,3522 865,3522 910,3519 955,3519 1000,3522 1044,3522 1089,3525 1134,3528 1179,3531 1223,3531 1268,3528 1313,3531 1358,3531 1403,3531 1447,3528 1492,3531 1537,3528 1582,3531 1627,3528 1671,3528 1716,3531 1761,3531 1806,3528 1850,3528 1895,3528 1940,3528 1985,3528 2030,3528 2074,3528 2119,3531 2164,3528 2209,3528 2253,3528 2298,3528 2343,3531 2388,3534 2433,3537 2477,3534 2522,3534 2567,3534 2612,3534 2656,3534 2701,3534 2746,3534 2791,3537 2836,3537 2880,3540 2925,3540 2970,3540 3015,3540 3059,3543 3068,3540"/>
                <TextEquiv>
                    <Unicode>ohne üble Folgen nach sich zu ziehen, weifelte sie</Unicode>
                </TextEquiv>
            </TextLine>
        </TextRegion>
    </Page>
</PcGts>
