3320 4056
2687 299 2852 474 52
695 483 3015 730 so glücklich, als wollte das Schicksal selbst mich
707 692 2934 884 seines Einverständnisses, seines Wohlwollens, sei-
707 878 2908 1044 ner Gnade versichern und auch Maria sah der An-
704 1000 2876 1169 kunft des Arztes mit freudiger Hoffnung entge-
712 1178 2916 1340 gen. Am nächsten Morgen stand ich am Tor, als er
707 1300 2858 1462 mit Frau und Kindern angefahren kam und schon
712 1477 2934 1649 die Fröhlichkeit seines Erscheinens stärkte mei-
721 1602 2844 1800 ne Zuversicht. Da ihm mein Name bekannt war,
715 1771 2893 1963 nahm er mein Ansuchen, obwohl er solche auf dem
721 1916 2934 2093 Lande sonst abzulehnen gewohnt war, entgegenkom-
721 2090 2893 2262 mend auf und noch am gleichen Vormittag durfte
741 2221 2986 2413 ich seinen Besuch erwarten. Doch schon der erste
724 2375 2980 2556 Blick.mit dem er eintretend Maria ins Auge fass-
744 2535 3088 2742 te, die auf den D lvan hingestreckt lag, drückte für
733 2704 2989 2916 mich wenigstens ein so untrügliches und erschüt-
747 2841 2989 3073 terndes Erkennen ihres Zustandes aus, dass alles,
736 2974 2908 3192 was ich nach erfolgter Untersuchung aus seinem
730 3149 2910 3361 Munde vernahm, mir keine Ueberraschung bereiten
741 3332 2835 3509 konnte. Zwar versuchte er auch mir gegenüber
750 3442 2980 3710 suerst mit der Wahrheit zurückzuhalten, und riet
