<?xml version="1.0" encoding="UTF-8" standalone="yes"?>
<PcGts xmlns="http://schema.primaresearch.org/PAGE/gts/pagecontent/2013-07-15" xmlns:xsi="http://www.w3.org/2001/XMLSchema-instance" xsi:schemaLocation="http://schema.primaresearch.org/PAGE/gts/pagecontent/2013-07-15 http://schema.primaresearch.org/PAGE/gts/pagecontent/2013-07-15/pagecontent.xsd">
    <Metadata>
        <Creator>prov=READ-COOP:name=TrHtr:version=2.1.0:model_id=51170:date=15_08_2023_00:06</Creator>
        <Created>2023-05-10T14:56:57.389+02:00</Created>
        <LastChange>2023-08-15T00:06:25.300+02:00</LastChange>
        <TranskribusMetadata docId="1428693" pageId="55428765" pageNr="193" tsid="132831775" status="IN_PROGRESS" userId="64420" imgUrl="https://files.transkribus.eu/Get?id=UOXDOYENYTIROETTKCELVZIQ&amp;fileType=view" xmlUrl="https://files.transkribus.eu/Get?id=RBJZAKALDXTGVCBPAQIDSCUY" imageId="44702838"/>
    </Metadata>
    <Page imageFilename="1428693_0193.jpg" imageWidth="3304" imageHeight="4120">
        <ReadingOrder>
            <OrderedGroup id="ro_1711809161561" caption="Regions reading order">
                <RegionRefIndexed index="0" regionRef="tr_1"/>
                <RegionRefIndexed index="1" regionRef="tr_2"/>
            </OrderedGroup>
        </ReadingOrder>
        <TextRegion id="tr_1" custom="readingOrder {index:0;}">
            <Coords points="749,430 3063,430 3063,1768 749,1768"/>
            <TextLine id="tr_1_tl_1" custom="readingOrder {index:0;}">
                <Coords points="2588,517 2626,517 2673,502 2700,523 2720,523 2720,350 2673,355 2656,341 2626,347 2603,332 2585,332"/>
                <Baseline points="2603,480 2648,480 2692,480 2728,483"/>
                <TextEquiv>
                    <Unicode>23</Unicode>
                </TextEquiv>
            </TextLine>
            <TextLine id="tr_1_tl_2" custom="readingOrder {index:1;}">
                <Coords points="731,690 2770,684 2867,646 2870,540 2285,526 1986,602 1668,517 734,555"/>
                <Baseline points="749,677 770,677 815,674 859,674 904,674 949,674 994,671 1038,674 1083,674 1128,671 1173,668 1218,665 1262,665 1307,662 1352,665 1397,662 1442,659 1486,662 1531,659 1576,659 1621,659 1665,656 1710,653 1755,653 1800,653 1845,653 1889,653 1934,650 1979,650 2024,650 2068,650 2113,650 2158,650 2203,650 2248,647 2292,653 2337,647 2382,644 2427,644 2472,641 2516,641 2561,638 2606,638 2651,638 2695,638 2740,635 2785,635 2830,635 2875,638"/>
                <TextEquiv>
                    <Unicode>blasse, dahinsterbende Frau ruht.O,was für ein</Unicode>
                </TextEquiv>
            </TextLine>
            <TextLine id="tr_1_tl_3" custom="readingOrder {index:2;}">
                <Coords points="737,773 2259,755 2300,673 737,687"/>
                <Baseline points="752,755 782,752 826,752 871,749 916,752 961,746 1006,746 1050,749 1095,749 1140,746 1185,746 1230,746 1274,746 1319,743 1364,743 1409,743 1453,740 1498,740 1543,737 1588,737 1633,740 1677,737 1722,734 1767,734 1812,731 1856,731 1901,731 1946,731 1991,728 2036,728 2080,731 2125,728 2170,725 2215,722 2260,722 2304,719"/>
                <TextEquiv>
                    <Unicode>und es ist am Ende noch ein Glück</Unicode>
                </TextEquiv>
            </TextLine>
            <TextLine id="tr_1_tl_4" custom="readingOrder {index:3;}">
                <Coords points="737,843 2747,843 2820,825 2823,723 737,776"/>
                <Baseline points="752,829 767,829 812,829 856,829 901,826 946,829 991,832 1035,832 1080,829 1125,829 1170,829 1215,824 1259,824 1304,821 1349,821 1394,821 1439,818 1483,818 1528,815 1573,815 1618,815 1662,812 1707,812 1752,809 1797,809 1842,809 1886,809 1931,806 1976,806 2021,806 2065,806 2110,806 2155,806 2200,806 2245,803 2289,800 2334,797 2379,797 2424,797 2469,794 2513,794 2558,797 2603,794 2648,791 2692,791 2737,791 2782,788 2827,785"/>
                <TextEquiv>
                    <Unicode>Bild, dass ich nicht zudem noch ein Maler</Unicode>
                </TextEquiv>
            </TextLine>
            <TextLine id="tr_1_tl_5" custom="readingOrder {index:4;}">
                <Coords points="740,993 767,990 778,1002 805,993 825,1010 834,1002 861,1025 890,1025 937,1055 955,1055 958,905 922,908 905,922 840,911 740,922"/>
                <Baseline points="755,985 800,985 844,982 889,982 934,982 964,988"/>
                <TextEquiv>
                    <Unicode>bin!</Unicode>
                </TextEquiv>
            </TextLine>
            <TextLine id="tr_1_tl_6" custom="readingOrder {index:5;}">
                <Coords points="1058,1149 2973,1152 3002,949 2691,1034 1595,978 1058,1025"/>
                <Baseline points="1074,1128 1080,1131 1125,1128 1170,1128 1215,1125 1259,1125 1304,1125 1349,1125 1394,1125 1439,1128 1483,1122 1528,1122 1573,1119 1618,1119 1662,1116 1707,1116 1752,1116 1797,1116 1842,1116 1886,1113 1931,1113 1976,1116 2021,1113 2065,1113 2110,1110 2155,1113 2200,1110 2245,1110 2289,1107 2334,1107 2379,1104 2424,1101 2469,1101 2513,1104 2558,1101 2603,1101 2648,1098 2692,1098 2737,1098 2782,1098 2827,1098 2872,1095 2916,1092 2961,1092 3006,1095"/>
                <TextEquiv>
                    <Unicode>Zwei Tage nach dem Ball hielt ich es für</Unicode>
                </TextEquiv>
            </TextLine>
            <TextLine id="tr_1_tl_7" custom="readingOrder {index:6;}">
                <Coords points="734,1345 2958,1310 2958,1207 2614,1134 737,1207"/>
                <Baseline points="752,1295 770,1295 815,1289 859,1289 904,1289 949,1286 994,1286 1038,1289 1083,1289 1128,1289 1173,1286 1218,1283 1262,1280 1307,1280 1352,1280 1397,1277 1442,1277 1486,1277 1531,1274 1576,1274 1621,1271 1665,1271 1710,1271 1755,1271 1800,1271 1845,1268 1889,1268 1934,1268 1979,1265 2024,1265 2068,1265 2113,1262 2158,1262 2203,1262 2248,1262 2292,1262 2337,1259 2382,1259 2427,1256 2472,1256 2516,1256 2561,1253 2606,1253 2651,1253 2695,1250 2740,1250 2785,1250 2830,1247 2875,1247 2919,1244 2964,1244"/>
                <TextEquiv>
                    <Unicode>richtig, mich nach dem Befinden Marias zu erkun-</Unicode>
                </TextEquiv>
            </TextLine>
            <TextLine id="tr_1_tl_8" custom="readingOrder {index:7;}">
                <Coords points="752,1472 2773,1489 3055,1448 3058,1301 755,1342"/>
                <Baseline points="767,1447 779,1444 824,1444 868,1447 913,1444 958,1442 1003,1442 1047,1442 1092,1442 1137,1439 1182,1439 1227,1439 1271,1436 1316,1436 1361,1433 1406,1430 1450,1430 1495,1427 1540,1427 1585,1427 1630,1427 1674,1424 1719,1427 1764,1427 1809,1424 1854,1424 1898,1421 1943,1421 1988,1421 2033,1421 2077,1418 2122,1415 2167,1415 2212,1418 2257,1415 2301,1412 2346,1412 2391,1412 2436,1412 2480,1412 2525,1409 2570,1409 2615,1406 2660,1406 2704,1406 2749,1406 2794,1406 2839,1406 2884,1403 2928,1403 2973,1400 3018,1400 3063,1400"/>
                <TextEquiv>
                    <Unicode>digen. Sie wohnte mit ihrer Mutter in einem alten</Unicode>
                </TextEquiv>
            </TextLine>
            <TextLine id="tr_1_tl_9" custom="readingOrder {index:8;}">
                <Coords points="743,1604 1154,1668 1351,1595 2805,1619 2987,1586 2990,1451 743,1528"/>
                <Baseline points="758,1603 800,1600 844,1597 889,1597 934,1597 979,1594 1024,1594 1068,1591 1113,1591 1158,1591 1203,1591 1247,1591 1292,1588 1337,1588 1382,1585 1427,1585 1471,1585 1516,1582 1561,1582 1606,1582 1650,1582 1695,1582 1740,1579 1785,1579 1830,1579 1874,1579 1919,1579 1964,1579 2009,1579 2054,1576 2098,1573 2143,1573 2188,1570 2233,1567 2277,1567 2322,1567 2367,1564 2412,1564 2457,1564 2501,1564 2546,1564 2591,1564 2636,1561 2680,1561 2725,1561 2770,1561 2815,1561 2860,1561 2904,1558 2949,1558 2994,1570"/>
                <TextEquiv>
                    <Unicode>Haus der inneren Stadt.einigermassen beschränkt,</Unicode>
                </TextEquiv>
            </TextLine>
            <TextLine id="tr_1_tl_10" custom="readingOrder {index:9;}">
                <Coords points="758,1762 2964,1774 2967,1651 2520,1595 2230,1686 761,1648"/>
                <Baseline points="773,1758 776,1755 821,1752 865,1752 910,1749 955,1749 1000,1749 1044,1749 1089,1749 1134,1746 1179,1746 1224,1743 1268,1743 1313,1743 1358,1740 1403,1740 1447,1740 1492,1737 1537,1737 1582,1737 1627,1737 1671,1734 1716,1734 1761,1734 1806,1734 1851,1734 1895,1731 1940,1731 1985,1731 2030,1728 2074,1728 2119,1728 2164,1725 2209,1725 2254,1725 2298,1722 2343,1722 2388,1722 2433,1719 2477,1716 2522,1719 2567,1719 2612,1716 2657,1713 2701,1713 2746,1713 2791,1713 2836,1713 2881,1710 2925,1710 2970,1707"/>
                <TextEquiv>
                    <Unicode>wie leicht zu bemerken war, aber nicht ganz ohne</Unicode>
                </TextEquiv>
            </TextLine>
        </TextRegion>
        <TextRegion id="tr_2" custom="readingOrder {index:1;}">
            <Coords points="767,1818 3146,1818 3146,3628 767,3628"/>
            <TextLine id="tr_2_tl_1" custom="readingOrder {index:0;}">
                <Coords points="755,1918 2917,1927 2920,1786 758,1833"/>
                <Baseline points="770,1907 779,1907 824,1904 868,1904 913,1907 958,1907 1003,1907 1047,1904 1092,1904 1137,1901 1182,1898 1227,1898 1271,1895 1316,1895 1361,1895 1406,1895 1450,1895 1495,1895 1540,1892 1585,1895 1630,1892 1674,1892 1719,1889 1764,1889 1809,1886 1854,1886 1898,1883 1943,1886 1988,1883 2033,1883 2077,1883 2122,1883 2167,1883 2212,1883 2257,1880 2301,1880 2346,1877 2391,1874 2436,1871 2480,1871 2525,1871 2570,1871 2615,1871 2660,1868 2704,1868 2749,1868 2794,1868 2839,1868 2884,1868 2928,1868"/>
                <TextEquiv>
                    <Unicode>Behaglichkeit, mit alten Möbeln, die auf mässige</Unicode>
                </TextEquiv>
            </TextLine>
            <TextLine id="tr_2_tl_2" custom="readingOrder {index:1;}">
                <Coords points="755,2062 2350,2112 3073,2030 3073,1945 755,1995"/>
                <Baseline points="770,2051 794,2051 838,2057 883,2057 928,2060 973,2060 1018,2060 1062,2057 1107,2057 1152,2054 1197,2054 1241,2051 1286,2051 1331,2051 1376,2051 1421,2051 1465,2051 1510,2048 1555,2045 1600,2048 1645,2045 1689,2045 1734,2042 1779,2042 1824,2042 1868,2039 1913,2039 1958,2039 2003,2039 2048,2039 2092,2036 2137,2039 2182,2036 2227,2036 2271,2033 2316,2030 2361,2027 2406,2027 2451,2027 2495,2027 2540,2027 2585,2027 2630,2027 2675,2027 2719,2024 2764,2024 2809,2024 2854,2021 2898,2021 2943,2018 2988,2018 3033,2015 3078,2015"/>
                <TextEquiv>
                    <Unicode>Wohlhabenheit und einen erträglichen bürgerlichen</Unicode>
                </TextEquiv>
            </TextLine>
            <TextLine id="tr_2_tl_3" custom="readingOrder {index:2;}">
                <Coords points="761,2250 2726,2253 2873,2232 2876,2097 764,2147"/>
                <Baseline points="776,2215 779,2218 824,2215 868,2215 913,2215 958,2215 1003,2215 1047,2212 1092,2212 1137,2209 1182,2212 1227,2209 1271,2209 1316,2206 1361,2206 1406,2206 1450,2206 1495,2203 1540,2203 1585,2203 1630,2200 1674,2200 1719,2200 1764,2200 1809,2200 1854,2197 1898,2197 1943,2197 1988,2194 2033,2194 2077,2191 2122,2191 2167,2191 2212,2188 2257,2188 2301,2188 2346,2188 2391,2185 2436,2185 2480,2185 2525,2182 2570,2182 2615,2185 2660,2182 2704,2182 2749,2179 2794,2176 2839,2176 2884,2176"/>
                <TextEquiv>
                    <Unicode>Geschmack hindeuteten, wie man beides in einer</Unicode>
                </TextEquiv>
            </TextLine>
            <TextLine id="tr_2_tl_4" custom="readingOrder {index:3;}">
                <Coords points="749,2403 2750,2397 2952,2359 2955,2265 752,2271"/>
                <Baseline points="767,2376 809,2370 853,2373 898,2373 943,2370 988,2370 1032,2370 1077,2370 1122,2370 1167,2370 1212,2367 1256,2364 1301,2361 1346,2361 1391,2361 1436,2361 1480,2358 1525,2358 1570,2358 1615,2355 1659,2355 1704,2355 1749,2355 1794,2352 1839,2352 1883,2352 1928,2352 1973,2349 2018,2349 2062,2346 2107,2346 2152,2346 2197,2343 2242,2343 2286,2346 2331,2343 2376,2343 2421,2340 2466,2337 2510,2337 2555,2337 2600,2334 2645,2334 2689,2331 2734,2331 2779,2331 2824,2331 2869,2331 2913,2328 2958,2331"/>
                <TextEquiv>
                    <Unicode>Familie guten österreichischen Beamtenadels er-</Unicode>
                </TextEquiv>
            </TextLine>
            <TextLine id="tr_2_tl_5" custom="readingOrder {index:4;}">
                <Coords points="764,2544 2873,2553 2896,2379 767,2426"/>
                <Baseline points="779,2531 797,2531 841,2528 886,2528 931,2525 976,2525 1021,2525 1065,2522 1110,2522 1155,2522 1200,2522 1244,2519 1289,2519 1334,2516 1379,2516 1424,2519 1468,2519 1513,2516 1558,2516 1603,2516 1648,2513 1692,2513 1737,2513 1782,2510 1827,2510 1871,2507 1916,2507 1961,2504 2006,2504 2051,2501 2095,2501 2140,2501 2185,2501 2230,2501 2274,2501 2319,2498 2364,2498 2409,2495 2454,2495 2498,2492 2543,2492 2588,2492 2633,2492 2678,2489 2722,2492 2767,2489 2812,2489 2857,2486 2901,2492"/>
                <TextEquiv>
                    <Unicode>warten durfte,wo die Witwe ausser den Pension</Unicode>
                </TextEquiv>
            </TextLine>
            <TextLine id="tr_2_tl_6" custom="readingOrder {index:5;}">
                <Coords points="761,2714 2562,2717 3037,2650 3040,2497 2896,2570 2506,2526 1604,2617 764,2541"/>
                <Baseline points="776,2692 806,2689 850,2686 895,2683 940,2683 985,2680 1030,2680 1074,2680 1119,2678 1164,2678 1209,2675 1253,2675 1298,2675 1343,2675 1388,2675 1433,2675 1477,2672 1522,2672 1567,2672 1612,2669 1656,2669 1701,2666 1746,2666 1791,2666 1836,2666 1880,2663 1925,2663 1970,2663 2015,2663 2060,2660 2104,2660 2149,2657 2194,2657 2239,2657 2283,2654 2328,2654 2373,2654 2418,2654 2463,2651 2507,2651 2552,2651 2597,2651 2642,2648 2686,2648 2731,2651 2776,2648 2821,2645 2866,2645 2910,2642 2955,2642 3000,2645 3045,2645"/>
                <TextEquiv>
                    <Unicode>auch noch über eine kleine Rente zu verfügen hat</Unicode>
                </TextEquiv>
            </TextLine>
            <TextLine id="tr_2_tl_7" custom="readingOrder {index:6;}">
                <Coords points="755,2855 2541,2835 2682,2893 2858,2829 2858,2711 2788,2702 2679,2758 1765,2679 1395,2770 1263,2702 943,2773 758,2720"/>
                <Baseline points="773,2842 806,2839 850,2839 895,2839 940,2839 985,2839 1030,2836 1074,2836 1119,2833 1164,2833 1209,2830 1253,2830 1298,2833 1343,2830 1388,2833 1433,2833 1477,2830 1522,2827 1567,2827 1612,2827 1656,2830 1701,2830 1746,2827 1791,2824 1836,2824 1880,2821 1925,2821 1970,2818 2015,2815 2060,2812 2104,2815 2149,2815 2194,2812 2239,2812 2283,2815 2328,2812 2373,2812 2418,2812 2463,2815 2507,2815 2552,2818 2597,2818 2642,2815 2686,2812 2731,2806 2776,2803 2821,2800 2866,2800"/>
                <TextEquiv>
                    <Unicode>Die Mutter empfing mich liebenswürdig, ja ein</Unicode>
                </TextEquiv>
            </TextLine>
            <TextLine id="tr_2_tl_8" custom="readingOrder {index:7;}">
                <Coords points="767,3008 1912,2987 2191,3061 2550,2976 2688,3034 2984,2990 2987,2873 2321,2932 770,2882"/>
                <Baseline points="782,2997 797,2997 841,2997 886,2994 931,2994 976,2997 1021,3000 1065,2997 1110,2994 1155,2991 1200,2991 1244,2988 1289,2988 1334,2988 1379,2988 1424,2985 1468,2982 1513,2982 1558,2982 1603,2979 1648,2979 1692,2979 1737,2979 1782,2976 1827,2976 1871,2976 1916,2976 1961,2973 2006,2970 2051,2970 2095,2970 2140,2970 2185,2967 2230,2967 2274,2967 2319,2967 2364,2964 2409,2964 2454,2964 2498,2964 2543,2961 2588,2961 2633,2958 2678,2958 2722,2955 2767,2955 2812,2958 2857,2955 2901,2952 2946,2952 2991,2949"/>
                <TextEquiv>
                    <Unicode>wenig geschmeichelt und wenn ihr auch nicht nur</Unicode>
                </TextEquiv>
            </TextLine>
            <TextLine id="tr_2_tl_9" custom="readingOrder {index:8;}">
                <Coords points="773,3193 2861,3178 2935,3161 2938,3011 2638,3073 776,3049"/>
                <Baseline points="788,3158 797,3155 841,3152 886,3152 931,3152 976,3149 1021,3149 1065,3146 1110,3146 1155,3143 1200,3143 1244,3143 1289,3143 1334,3143 1379,3146 1424,3143 1468,3140 1513,3140 1558,3137 1603,3137 1648,3134 1692,3134 1737,3134 1782,3134 1827,3134 1871,3134 1916,3131 1961,3131 2006,3131 2051,3128 2095,3125 2140,3125 2185,3125 2230,3125 2274,3122 2319,3122 2364,3122 2409,3119 2454,3119 2498,3116 2543,3116 2588,3116 2633,3116 2678,3113 2722,3113 2767,3110 2812,3110 2857,3110 2901,3107 2946,3107"/>
                <TextEquiv>
                    <Unicode>meine Person, sondern auch mein Name als der ei-</Unicode>
                </TextEquiv>
            </TextLine>
            <TextLine id="tr_2_tl_10" custom="readingOrder {index:9;}">
                <Coords points="776,3334 2908,3337 2932,3155 778,3225"/>
                <Baseline points="791,3313 832,3307 877,3304 922,3304 967,3304 1012,3301 1056,3301 1101,3301 1146,3301 1191,3298 1236,3298 1280,3296 1325,3296 1370,3293 1415,3293 1459,3293 1504,3293 1549,3290 1594,3290 1639,3287 1683,3287 1728,3287 1773,3284 1818,3284 1862,3284 1907,3284 1952,3284 1997,3284 2042,3281 2086,3281 2131,3281 2176,3281 2221,3278 2266,3278 2310,3278 2355,3275 2400,3278 2445,3278 2489,3278 2534,3278 2579,3275 2624,3275 2669,3272 2713,3272 2758,3269 2803,3269 2848,3266 2892,3266 2937,3263"/>
                <TextEquiv>
                    <Unicode>nes bekannten Bähnenschriftstellers schon frü-</Unicode>
                </TextEquiv>
            </TextLine>
            <TextLine id="tr_2_tl_11" custom="readingOrder {index:10;}">
                <Coords points="767,3475 2623,3510 2885,3446 2999,3507 3002,3334 767,3384"/>
                <Baseline points="782,3463 812,3460 856,3460 901,3460 946,3463 991,3460 1035,3460 1080,3457 1125,3457 1170,3454 1215,3454 1259,3454 1304,3454 1349,3454 1394,3451 1439,3451 1483,3451 1528,3451 1573,3451 1618,3448 1662,3448 1707,3448 1752,3448 1797,3445 1842,3445 1886,3445 1931,3445 1976,3442 2021,3442 2065,3445 2110,3442 2155,3442 2200,3442 2245,3442 2289,3439 2334,3436 2379,3439 2424,3439 2469,3433 2513,3430 2558,3430 2603,3433 2648,3430 2692,3430 2737,3430 2782,3430 2827,3430 2872,3430 2916,3430 2961,3427 3006,3424"/>
                <TextEquiv>
                    <Unicode>her ni iht fremd gewesen war, sohien sie indessen</Unicode>
                </TextEquiv>
            </TextLine>
            <TextLine id="tr_2_tl_12" custom="readingOrder {index:11;}">
                <Coords points="781,3642 3076,3654 3140,3510 784,3537"/>
                <Baseline points="797,3618 818,3618 862,3618 907,3618 952,3618 997,3618 1041,3615 1086,3612 1131,3612 1176,3615 1221,3618 1265,3615 1310,3615 1355,3615 1400,3615 1444,3612 1489,3612 1534,3612 1579,3612 1624,3612 1668,3612 1713,3606 1758,3606 1803,3603 1848,3603 1892,3603 1937,3603 1982,3603 2027,3603 2071,3600 2116,3600 2161,3600 2206,3600 2251,3597 2295,3597 2340,3597 2385,3597 2430,3597 2474,3597 2519,3600 2564,3597 2609,3594 2654,3594 2698,3594 2743,3591 2788,3591 2833,3594 2878,3594 2922,3597 2967,3594 3012,3594 3057,3594 3101,3591 3146,3591"/>
                <TextEquiv>
                    <Unicode>in ihrer Umgebung weitere Erkundigungen über mich</Unicode>
                </TextEquiv>
            </TextLine>
        </TextRegion>
    </Page>
</PcGts>
