3288 4168
2396 378 2543 528 54
687 635 2904 860 lung zu erwarten. Ein Uebriges tat noch der er-
684 802 2904 1010 mutigende Blick des Professors, der warme Hände-
696 947 2782 1178 druck, mit dem er sich von mir verabschiedete
698 1114 2823 1273 als ich mit Maria schon in dem Wagen sass, der
710 1258 2779 1449 uns ins Tal, dem Süden zu, bringen sollte. Und
704 1368 2702 1590 während im Hinunterfahren Maria an meiner
707 1547 2785 1769 Brust schlummerte, und ich die Hand auf ihrer
716 1723 2921 1928 Stirn ruhen liess, konnte ich die gleichnishafte
710 1885 2794 2093 Empfindung nicht abwehren, dass ich aus einer
710 2035 2829 2217 Höhenluft, für deren überirdische Reinheit ich
730 2188 2987 2367 nicht geschaffen war, talabwärts, einem holden und
724 2367 2661 2589 bescheidenen Alltagsglück entgegenreiste.
1180 2494 2808 2681 Es sind noch keine drei Wochen,wie
727 2626 3048 2880 du weisst, dass wir hier unseren Aufenthalt nahmen
730 2774 3007 2987 an dem wunderbaren See, über den jetzt die ersten
722 2970 2961 3163 Morgendünste hinschweben. Bis es ganz helle ist
733 3129 2768 3296 wird es wohl noch eine Stunde dauern, und so
748 3287 2904 3458 lange habe ich Zeit. Eben war ich ein paar Se-
742 3446 2880 3637 kunden im Zimmer nebenan. Die schöne
748 3553 2938 3784 Schwester ist auf ihrem Sessel eingeschlummert
