3400 4136
2219 298 2355 570 29
629 460 2919 820 oft in meinem Leben hatte ich böse, verbrecherisch
635 649 2836 959 teuflische Einfälle und nicht minder edle und
661 826 2969 1136 opforvolle nach Dichter- und Narrenart ungehindert
661 959 3034 1263 ihre Bahn laufen lassen; es waren Spiele der Gedan
649 1157 2998 1431 ken, für die ich mich, weder im Bösen noch im Guten
2721 1307 2839 1449 G.F.P.
655 1304 2641 1588 als verantwortlich empfinden konnte.
1228 1411 3010 1691 Wir betrachteten uns als verlobt. aber
702 1576 3060 1898 einigten uns dahin, dass jede Mitteilung an Freunde
708 1768 2987 1998 und Verwandte zu unterbleiben habe. Doch brachte
711 1921 3060 2160 ich bei der Mutter, der wir unseren Entschluss
705 2084 3001 2326 weder verschweigen konnten noch wollten, in aller
723 2246 2928 2482 Form meine Werbung an. Diese aber erklärte mir
738 2382 3057 2662 unter vier Augen, dass sie sich ausser Stande sehe
720 2544 3007 2795 ohne vorherige Rücksprache mit dem Hausarzt ihre
744 2683 3049 2939 Ein illigung zu erteilen. Zwar war ihr leicht an-
723 2851 3019 3131 zumerken, dass sie einen sovorteilhaften Antrag,
764 2993 3010 3240 ihr der meine zu sein schien, lieber ohneweltere
764 3128 2898 3444 genommen und sich durch meine in aller Aufric¬
779 3338 2597 3562 keit vorgebrachte Meinung gern hätte
2621 3474 2754 3683 glü
826 3494 2343 3754 lassen, Mariaa Zustand wurde durch
