3240 3976
730 389 2848 667 dargebracht wurde. Ich lösche mich aus, eh ich
716 656 2845 870 mich vollende. Darum habe ich mich entschlos-
733 810 1380 1022 sen ###x — — —
1088 1116 2905 1297 Hier bricht der Brief ab. Der deutsche,
727 1254 2874 1457 in Malland praktizierende Arzt, in dessen Nach-
721 1411 2925 1620 lass er gefunden wurde, hat einige Zeilen beige-
721 1517 2808 1738 fügt, die seiner Absicht nach gewiss zugleich
721 1740 2831 1924 mit dem Manuscript der Veröffentlichung über-
724 1901 2422 2070 geben werden sollten. Hier sind sie:
1091 2032 2934 2230 Den beigeschlossenen Brief fand der Un-
739 2187 2940 2324 terzeichnete am Morgen des elften Oktober acht-
724 2344 2854 2528 zehnhundertsiebenundachtzig unbeendet auf dem
724 2499 2845 2682 Schreibtisch des Dichters liegen, der ihn ver-
1695 2591 1969 2722 Namen
727 2588 3031 2854 fasst hat und dessen xxxx zu verschweigen ich für
724 2797 2840 2977 angemessen halte. Er hat in der Tat - was man
710 2968 2903 3157 nach dem Inhalt und mehr noch nach dem Ton des
718 3080 2662 3309 Brieffragments wirklich nicht ohneweiters
727 3269 2971 3449 schliessen könnte, seinem Leben durch einen wohl-
730 3441 3003 3624 gezielten Schuss in die Schläfe ein Ende gemacht.
