3288 3992
2801 252 2927 408 53
710 496 2924 683 nur, wie beiläufig, vor Eintritt der herbstlichen
710 642 2827 836 Witterung heimzureisen, da ja Leidende zuhause
710 798 3009 988 immer am besten aufgehoben seien; aber meine Mit-
718 947 2930 1150 teilungen über die Aeusserungen früherer Aerzte
704 1132 3035 1296 meine Fragestellung,meine ganze Haltung veranlass-
718 1264 3009 1457 te ihn bald sich ohne alle Umschweife zu äussern.
716 1416 2789 1616 Immerhin versuchte er es noch mit dem matten
710 1528 3023 1768 Trost, dass es gerade bei dieser Art von Leidenden
710 1727 2847 1933 absolute Gewissheiten nicht gebe, und erklärte
716 1871 2883 2073 dass er selbst, so wenig das eigentlich mit dem
710 1977 3053 2246 Wesen seines Berufs übereinstimme,von Jahr zu Jahr
710 2155 3062 2369 mehr an Wunder zu glauben gelernt habe. So töricht
718 2328 2886 2540 es erscheinen mag,an diese Bemerkung klammerte
716 2516 2930 2692 ich mich nicht wie an Trost, sondern fast wie am
718 2660 2974 2859 ein Versprechen. Und da in der Tat einige ruhige
716 2824 2906 3015 Tage folgten,und Maria sich in dem geschwister-
713 2997 2927 3170 lichen Zusammenleben, zu dem ich mich nach einer
718 3150 2821 3308 leisen Mahnung des Professors hatte verstehen
704 3284 2874 3475 müssen, sichtlich erholte, glaubte ich mich mehr
713 3454 3056 3630 und mehr berechtigt, das Wunder einer völligen Hei-
