<?xml version="1.0" encoding="UTF-8" standalone="yes"?>
<PcGts xmlns="http://schema.primaresearch.org/PAGE/gts/pagecontent/2013-07-15" xmlns:xsi="http://www.w3.org/2001/XMLSchema-instance" xsi:schemaLocation="http://schema.primaresearch.org/PAGE/gts/pagecontent/2013-07-15 http://schema.primaresearch.org/PAGE/gts/pagecontent/2013-07-15/pagecontent.xsd">
    <Metadata>
        <Creator>prov=READ-COOP:name=TrHtr:version=2.1.0:model_id=51170:date=15_08_2023_00:03</Creator>
        <Created>2023-05-10T14:56:28.450+02:00</Created>
        <LastChange>2023-08-15T00:03:11.072+02:00</LastChange>
        <TranskribusMetadata docId="1428693" pageId="55427472" pageNr="14" tsid="132831587" status="IN_PROGRESS" userId="64420" imgUrl="https://files.transkribus.eu/Get?id=HMQIHPSCMWTYLWEXEAGPURFI&amp;fileType=view" xmlUrl="https://files.transkribus.eu/Get?id=GEAUHQHAWKBDSJQAYSTZXGZP" imageId="44701545"/>
    </Metadata>
    <Page imageFilename="1428693_0014.jpg" imageWidth="6536" imageHeight="4120">
        <ReadingOrder>
            <OrderedGroup id="ro_1711808767047" caption="Regions reading order">
                <RegionRefIndexed index="0" regionRef="tr_1"/>
            </OrderedGroup>
        </ReadingOrder>
        <TextRegion id="tr_1" custom="readingOrder {index:0;}">
            <Coords points="214,350 6377,350 6377,3831 214,3831"/>
            <TextLine id="tr_1_tl_1" custom="readingOrder {index:0;}">
                <Coords points="584,506 1260,398 3112,496 3112,347 2997,326 584,313"/>
                <Baseline points="603,441 692,435 782,429 871,423 961,417 1050,417 1140,417 1230,412 1319,406 1409,406 1498,412 1588,406 1677,406 1767,406 1856,412 1946,400 2036,400 2125,400 2215,400 2304,406 2394,406 2483,400 2573,406 2663,412 2752,417 2842,417 2931,429 3021,441 3110,453 3122,453"/>
                <TextEquiv>
                    <Unicode>Wien kann, das jetzt'il das einer auswustellt</Unicode>
                </TextEquiv>
            </TextLine>
            <TextLine id="tr_1_tl_2" custom="readingOrder {index:1;}">
                <Coords points="2518,499 2552,496 2585,520 2613,499 2657,520 2674,510 2708,510 2704,425 2677,421 2670,428 2630,411 2613,425 2599,418 2575,418 2569,425 2548,418 2531,431 2514,431"/>
                <Baseline points="2537,495 2627,501 2716,501 2722,495"/>
                <TextEquiv>
                    <Unicode>2 8</Unicode>
                </TextEquiv>
            </TextLine>
            <TextLine id="tr_1_tl_3" custom="readingOrder {index:2;}">
                <Coords points="717,584 982,608 1226,527 1903,605 2052,533 2117,581 2412,550 2354,465 2147,496 1831,411 1413,489 924,421 717,489"/>
                <Baseline points="734,519 824,531 913,531 1003,519 1092,519 1182,519 1271,513 1361,513 1450,513 1540,513 1630,519 1719,519 1809,525 1898,525 1988,525 2077,525 2167,525 2257,531 2346,531 2418,531"/>
                <TextEquiv>
                    <Unicode>heblig beid an dehl erfasst wurde.</Unicode>
                </TextEquiv>
            </TextLine>
            <TextLine id="tr_1_tl_4" custom="readingOrder {index:3;}">
                <Coords points="3911,656 5844,629 6122,598 6126,469 3914,530"/>
                <Baseline points="3934,620 3982,620 4072,615 4161,609 4251,609 4340,609 4430,609 4520,609 4609,603 4699,603 4788,603 4878,603 4967,597 5057,597 5147,591 5236,591 5326,591 5415,591 5505,585 5594,585 5684,585 5773,579 5863,579 5953,579 6042,573 6132,573"/>
                <TextEquiv>
                    <Unicode>ner Kunst. Darum fehlt allem, was ich bisher</Unicode>
                </TextEquiv>
            </TextLine>
            <TextLine id="tr_1_tl_5" custom="readingOrder {index:4;}">
                <Coords points="751,805 1094,741 2721,775 2759,649 2151,608 2032,676 1485,683 982,605 754,666"/>
                <Baseline points="770,740 794,734 883,734 973,734 1062,734 1152,734 1241,734 1331,728 1421,728 1510,728 1600,728 1689,728 1779,728 1868,728 1958,728 2048,728 2137,722 2227,722 2316,722 2406,722 2495,722 2585,722 2675,722 2764,722"/>
                <TextEquiv>
                    <Unicode>liebt mich also) ich habe Machtüber sie</Unicode>
                </TextEquiv>
            </TextLine>
            <TextLine id="tr_1_tl_6" custom="readingOrder {index:5;}">
                <Coords points="3917,792 6092,795 6085,646 5565,598 3921,676"/>
                <Baseline points="3940,770 3946,770 4036,770 4125,764 4215,764 4305,764 4394,764 4484,764 4573,758 4663,758 4752,752 4842,752 4932,752 5021,752 5111,752 5200,746 5290,746 5379,746 5469,740 5559,734 5648,734 5738,734 5827,728 5917,728 6006,728 6096,734"/>
                <TextEquiv>
                    <Unicode>versucht,allem, was mir bisherbis zu einem</Unicode>
                </TextEquiv>
            </TextLine>
            <TextLine id="tr_1_tl_7" custom="readingOrder {index:6;}">
                <Coords points="741,914 1610,883 2123,978 2409,880 2742,900 2742,795 741,809"/>
                <Baseline points="758,889 776,889 865,889 955,889 1044,889 1134,889 1224,889 1313,889 1403,889 1492,889 1582,883 1671,883 1761,883 1851,883 1940,883 2030,877 2119,877 2209,883 2298,877 2388,877 2477,877 2567,877 2657,877 2746,877"/>
                <TextEquiv>
                    <Unicode>und Sie wird mir auch ihre Hand nicht</Unicode>
                </TextEquiv>
            </TextLine>
            <TextLine id="tr_1_tl_8" custom="readingOrder {index:7;}">
                <Coords points="3928,951 5986,904 5986,798 5664,751 5168,829 4311,775 3931,836"/>
                <Baseline points="3946,931 4024,925 4114,925 4203,919 4293,919 4382,913 4472,913 4561,913 4651,913 4740,907 4830,907 4920,907 5009,901 5099,901 5188,901 5278,895 5367,895 5457,895 5547,889 5636,889 5726,889 5815,883 5905,883 5994,889"/>
                <TextEquiv>
                    <Unicode>gewissen Grad gelungen, Leidenschaft und</Unicode>
                </TextEquiv>
            </TextLine>
            <TextLine id="tr_1_tl_9" custom="readingOrder {index:8;}">
                <Coords points="768,1067 2239,1036 2558,1097 2898,1040 2898,911 2558,978 768,948"/>
                <Baseline points="788,1044 847,1044 937,1038 1027,1038 1116,1038 1206,1038 1295,1044 1385,1038 1474,1038 1564,1038 1653,1038 1743,1038 1833,1032 1922,1032 2012,1032 2101,1032 2191,1032 2280,1032 2370,1032 2460,1032 2549,1032 2639,1032 2728,1032 2818,1027 2907,1021"/>
                <TextEquiv>
                    <Unicode>verweigern, selbst wenn die Futter und die</Unicode>
                </TextEquiv>
            </TextLine>
            <TextLine id="tr_1_tl_10" custom="readingOrder {index:9;}">
                <Coords points="3928,1087 5392,1114 5606,1050 5993,1121 6088,1067 6092,883 5769,978 5371,914 3931,982"/>
                <Baseline points="3946,1074 4036,1074 4125,1074 4215,1074 4305,1068 4394,1068 4484,1068 4573,1068 4663,1062 4752,1062 4842,1062 4932,1056 5021,1056 5111,1056 5200,1056 5290,1050 5379,1050 5469,1050 5559,1044 5648,1050 5738,1044 5827,1044 5917,1044 6006,1038 6096,1032"/>
                <TextEquiv>
                    <Unicode>Tiefe. Darum ist alles so kühl,so glatt,so</Unicode>
                </TextEquiv>
            </TextLine>
            <TextLine id="tr_1_tl_11" custom="readingOrder {index:10;}">
                <Coords points="744,1230 1512,1206 1807,1274 2388,1189 2647,1247 2830,1199 2834,1121 1746,1138 1488,1070 1305,1152 744,1142"/>
                <Baseline points="764,1206 776,1206 865,1200 955,1194 1044,1194 1134,1194 1224,1194 1313,1194 1403,1194 1492,1194 1582,1188 1671,1188 1761,1188 1851,1188 1940,1188 2030,1182 2119,1182 2209,1182 2298,1188 2388,1188 2477,1182 2567,1188 2657,1188 2746,1182 2836,1188"/>
                <TextEquiv>
                    <Unicode>Aerzte das Heiraten widerraten oder gar</Unicode>
                </TextEquiv>
            </TextLine>
            <TextLine id="tr_1_tl_12" custom="readingOrder {index:11;}">
                <Coords points="3928,1240 6027,1233 6068,1111 4831,1084 4206,1182 3931,1128"/>
                <Baseline points="3946,1230 4018,1230 4108,1230 4197,1224 4287,1224 4376,1218 4466,1218 4555,1218 4645,1212 4735,1218 4824,1212 4914,1212 5003,1212 5093,1212 5182,1212 5272,1206 5361,1206 5451,1200 5541,1200 5630,1200 5720,1194 5809,1194 5899,1194 5988,1188 6078,1188"/>
                <TextEquiv>
                    <Unicode>leer wie meine Feinde sagen. Und wer sind</Unicode>
                </TextEquiv>
            </TextLine>
            <TextLine id="tr_1_tl_13" custom="readingOrder {index:12;}">
                <Coords points="751,1417 992,1356 2786,1379 2871,1369 2871,1267 751,1294"/>
                <Baseline points="770,1355 818,1355 907,1349 997,1349 1086,1343 1176,1349 1265,1343 1355,1343 1444,1343 1534,1343 1624,1343 1713,1343 1803,1337 1892,1343 1982,1337 2071,1337 2161,1337 2251,1337 2340,1337 2430,1337 2519,1337 2609,1337 2698,1337 2788,1337 2878,1331"/>
                <TextEquiv>
                    <Unicode>untersagen sollten. Sie wird also binnen</Unicode>
                </TextEquiv>
            </TextLine>
            <TextLine id="tr_1_tl_14" custom="readingOrder {index:13;}">
                <Coords points="3934,1410 5976,1407 6031,1240 3938,1298"/>
                <Baseline points="3952,1385 3976,1385 4066,1379 4155,1373 4245,1373 4334,1373 4424,1373 4514,1373 4603,1367 4693,1367 4782,1367 4872,1361 4961,1361 5051,1355 5141,1361 5230,1361 5320,1355 5409,1355 5499,1355 5588,1355 5678,1355 5768,1349 5857,1343 5947,1343 6036,1343"/>
                <TextEquiv>
                    <Unicode>unsere Feinde? Die immer Recht gegen uns</Unicode>
                </TextEquiv>
            </TextLine>
            <TextLine id="tr_1_tl_15" custom="readingOrder {index:14;}">
                <Coords points="4763,1471 4804,1468 4821,1451 4865,1458 4886,1441 4916,1451 4998,1441 5015,1451 5035,1430 5072,1437 5076,1373 5055,1373 5035,1390 4998,1379 4981,1393 4964,1393 4943,1369 4896,1373 4852,1393 4828,1379 4763,1410"/>
                <Baseline points="4782,1439 4812,1433 4902,1433 4991,1433 5081,1427"/>
                <TextEquiv>
                    <Unicode>ment.</Unicode>
                </TextEquiv>
            </TextLine>
            <TextLine id="tr_1_tl_16" custom="readingOrder {index:15;}">
                <Coords points="744,1505 849,1566 2786,1512 2755,1407 744,1424"/>
                <Baseline points="764,1504 824,1504 913,1504 1003,1498 1092,1498 1182,1498 1271,1498 1361,1492 1450,1492 1540,1492 1630,1492 1719,1492 1809,1492 1898,1492 1988,1492 2077,1492 2167,1492 2257,1486 2346,1486 2436,1486 2525,1486 2615,1486 2704,1486 2794,1486"/>
                <TextEquiv>
                    <Unicode>kurzem meine Frau sein. Wir werden sehr</Unicode>
                </TextEquiv>
            </TextLine>
            <TextLine id="tr_1_tl_17" custom="readingOrder {index:16;}">
                <Coords points="3928,1566 5935,1532 6000,1447 5535,1393 5351,1454 3928,1454"/>
                <Baseline points="3946,1534 4036,1534 4125,1522 4215,1528 4305,1528 4394,1522 4484,1522 4573,1522 4663,1522 4752,1522 4842,1516 4932,1516 5021,1516 5111,1510 5200,1510 5290,1504 5379,1504 5469,1498 5559,1498 5648,1498 5738,1498 5827,1498 5917,1492 6006,1486"/>
                <TextEquiv>
                    <Unicode>haben, wenn auch aus unlauteren Gründen.</Unicode>
                </TextEquiv>
            </TextLine>
            <TextLine id="tr_1_tl_18" custom="readingOrder {index:17;}">
                <Coords points="4070,1610 5789,1621 6343,1570 6347,1468 5939,1542 4070,1556"/>
                <Baseline points="4090,1594 4149,1594 4239,1594 4328,1594 4418,1594 4508,1594 4597,1594 4687,1588 4776,1582 4866,1582 4955,1588 5045,1588 5135,1576 5224,1570 5314,1570 5403,1570 5493,1570 5582,1570 5672,1564 5762,1564 5851,1564 5941,1564 6030,1558 6060,1552 6084,1552 6174,1540 6263,1534 6353,1546"/>
                <TextEquiv>
                    <Unicode>und weil ich, bei aller Leiblichkeit in Begehren. so kundt</Unicode>
                </TextEquiv>
            </TextLine>
            <TextLine id="tr_1_tl_19" custom="readingOrder {index:18;}">
                <Coords points="6075,1702 6099,1695 6129,1716 6170,1706 6194,1716 6228,1689 6258,1709 6316,1706 6306,1576 6262,1587 6207,1542 6170,1539 6136,1566 6095,1563 6078,1583 6061,1583"/>
                <Baseline points="6084,1612 6174,1618 6263,1630 6317,1630"/>
                <TextEquiv>
                    <Unicode>que le</Unicode>
                </TextEquiv>
            </TextLine>
            <TextLine id="tr_1_tl_20" custom="readingOrder {index:19;}">
                <Coords points="744,1699 2103,1655 2650,1726 2949,1658 2949,1556 744,1587"/>
                <Baseline points="764,1659 806,1659 895,1653 985,1653 1074,1653 1164,1653 1253,1653 1343,1653 1433,1653 1522,1653 1612,1653 1701,1653 1791,1653 1880,1648 1970,1648 2060,1648 2149,1648 2239,1642 2328,1648 2418,1648 2507,1642 2597,1648 2686,1648 2776,1648 2866,1642 2955,1642"/>
                <TextEquiv>
                    <Unicode>glücklich sein... ein paar Jahre,vielleicht</Unicode>
                </TextEquiv>
            </TextLine>
            <TextLine id="tr_1_tl_21" custom="readingOrder {index:20;}">
                <Coords points="3934,1753 4257,1682 4563,1736 5990,1689 5990,1583 5925,1576 3938,1607"/>
                <Baseline points="3952,1689 4024,1683 4114,1683 4203,1677 4293,1683 4382,1677 4472,1677 4561,1677 4651,1671 4740,1671 4830,1671 4920,1671 5009,1665 5099,1665 5188,1659 5278,1665 5367,1659 5457,1659 5547,1653 5636,1653 5726,1653 5815,1648 5905,1648 5994,1642"/>
                <TextEquiv>
                    <Unicode>Daher entbehrt auch meine Laune, die man</Unicode>
                </TextEquiv>
            </TextLine>
            <TextLine id="tr_1_tl_22" custom="readingOrder {index:21;}">
                <Coords points="751,1821 2738,1862 2837,1835 2837,1672 2589,1753 1322,1699 751,1770"/>
                <Baseline points="770,1809 782,1809 871,1809 961,1803 1050,1803 1140,1809 1230,1803 1319,1803 1409,1803 1498,1809 1588,1809 1677,1803 1767,1803 1856,1803 1946,1803 2036,1803 2125,1797 2215,1797 2304,1797 2394,1797 2483,1797 2573,1797 2663,1791 2752,1791 2842,1797"/>
                <TextEquiv>
                    <Unicode>nur ein Jahr lang oder gar nus ein paar</Unicode>
                </TextEquiv>
            </TextLine>
            <TextLine id="tr_1_tl_23" custom="readingOrder {index:22;}">
                <Coords points="3934,1882 6003,1838 6027,1716 3938,1780"/>
                <Baseline points="3952,1845 3976,1839 4066,1845 4155,1839 4245,1833 4334,1839 4424,1833 4514,1833 4603,1827 4693,1827 4782,1827 4872,1821 4961,1821 5051,1821 5141,1821 5230,1821 5320,1815 5409,1815 5499,1809 5588,1809 5678,1809 5768,1803 5857,1803 5947,1803 6036,1803"/>
                <TextEquiv>
                    <Unicode>mir wohl zugestehen mag, jener Heiterkeit</Unicode>
                </TextEquiv>
            </TextLine>
            <TextLine id="tr_1_tl_24" custom="readingOrder {index:23;}">
                <Coords points="751,1988 2956,1967 2956,1903 2711,1831 2548,1899 2229,1828 1869,1903 751,1886"/>
                <Baseline points="770,1958 812,1964 901,1958 991,1958 1080,1958 1170,1958 1259,1958 1349,1958 1439,1958 1528,1958 1618,1958 1707,1958 1797,1958 1886,1952 1976,1952 2065,1952 2155,1952 2245,1952 2334,1952 2424,1952 2513,1952 2603,1952 2692,1952 2782,1952 2872,1946 2961,1946"/>
                <TextEquiv>
                    <Unicode>Monate, und dann wird sie von mir scheiden.</Unicode>
                </TextEquiv>
            </TextLine>
            <TextLine id="tr_1_tl_25" custom="readingOrder {index:24;}">
                <Coords points="3934,1991 6075,2011 6024,1852 4988,1930 3938,1862"/>
                <Baseline points="3952,1988 4024,1994 4114,1988 4203,1988 4293,1988 4382,1988 4472,1988 4561,1988 4651,1982 4740,1976 4830,1976 4920,1970 5009,1970 5099,1970 5188,1970 5278,1970 5367,1970 5457,1964 5547,1964 5636,1958 5726,1958 5815,1958 5905,1958 5994,1958 6084,1952"/>
                <TextEquiv>
                    <Unicode>des Herzens, die nur aus dem Leid erblüht.</Unicode>
                </TextEquiv>
            </TextLine>
            <TextLine id="tr_1_tl_26" custom="readingOrder {index:25;}">
                <Coords points="744,2140 2185,2110 2558,2198 2834,2127 2834,2052 2674,2005 744,2032"/>
                <Baseline points="764,2107 853,2113 943,2113 1032,2113 1122,2107 1212,2113 1301,2107 1391,2107 1480,2107 1570,2107 1659,2107 1749,2107 1839,2107 1928,2107 2018,2107 2107,2107 2197,2101 2286,2101 2376,2101 2466,2107 2555,2107 2645,2107 2734,2107 2824,2101 2842,2107"/>
                <TextEquiv>
                    <Unicode>Ich aber werde zurückbleiben, albein, mit</Unicode>
                </TextEquiv>
            </TextLine>
            <TextLine id="tr_1_tl_27" custom="readingOrder {index:26;}">
                <Coords points="3931,2178 5837,2168 6082,2127 6085,2022 4644,1994 3934,2076"/>
                <Baseline points="3952,2149 4030,2149 4120,2149 4209,2143 4299,2137 4388,2137 4478,2137 4567,2137 4657,2137 4746,2131 4836,2131 4926,2131 5015,2125 5105,2131 5194,2125 5284,2125 5373,2119 5463,2119 5553,2119 5642,2113 5732,2113 5821,2113 5911,2107 6000,2107 6090,2107"/>
                <TextEquiv>
                    <Unicode>Erst wenn ich mein Schicksal mit dem Ma¬</Unicode>
                </TextEquiv>
            </TextLine>
            <TextLine id="tr_1_tl_28" custom="readingOrder {index:27;}">
                <Coords points="4940,2259 4957,2263 4998,2229 5049,2236 5076,2208 5093,2222 5144,2205 5164,2222 5195,2225 5225,2208 5259,2229 5276,2215 5320,2225 5324,2157 5283,2171 5225,2154 5195,2168 5168,2147 5147,2157 5120,2140 5079,2157 5011,2144 4947,2154"/>
                <Baseline points="4961,2221 5051,2215 5141,2203 5182,2203 5272,2203 5332,2203"/>
                <TextEquiv>
                    <Unicode>wazt in</Unicode>
                </TextEquiv>
            </TextLine>
            <TextLine id="tr_1_tl_29" custom="readingOrder {index:28;}">
                <Coords points="744,2293 2670,2317 2905,2283 2952,2202 744,2208"/>
                <Baseline points="764,2263 812,2268 901,2268 991,2268 1080,2268 1170,2268 1259,2268 1349,2268 1439,2263 1528,2263 1618,2263 1707,2257 1797,2263 1886,2263 1976,2257 2065,2257 2155,2257 2245,2257 2334,2257 2424,2257 2513,2257 2603,2257 2692,2257 2782,2251 2872,2251 2961,2251"/>
                <TextEquiv>
                    <Unicode>einem grossen Schmerz, mit dem ersten wahr-</Unicode>
                </TextEquiv>
            </TextLine>
            <TextLine id="tr_1_tl_30" custom="readingOrder {index:29;}">
                <Coords points="3944,2334 6061,2304 6102,2198 3944,2208"/>
                <Baseline points="3964,2298 4048,2304 4137,2298 4227,2298 4317,2292 4406,2292 4496,2292 4585,2292 4675,2292 4764,2286 4854,2286 4944,2286 5033,2286 5123,2280 5212,2274 5302,2274 5391,2274 5481,2274 5570,2274 5660,2268 5750,2268 5839,2263 5929,2263 6018,2263 6108,2257"/>
                <TextEquiv>
                    <Unicode>rias verbunden habe, mit unserer Liebe,mit</Unicode>
                </TextEquiv>
            </TextLine>
            <TextLine id="tr_1_tl_31" custom="readingOrder {index:30;}">
                <Coords points="734,2429 2569,2450 2864,2433 2864,2334 734,2351"/>
                <Baseline points="752,2424 812,2424 901,2418 991,2418 1080,2418 1170,2418 1259,2418 1349,2412 1439,2412 1528,2412 1618,2412 1707,2418 1797,2412 1886,2418 1976,2418 2065,2412 2155,2412 2245,2412 2334,2412 2424,2412 2513,2412 2603,2412 2692,2412 2782,2406 2872,2400"/>
                <TextEquiv>
                    <Unicode>haften Schmerz meines Lebens, den ich mir</Unicode>
                </TextEquiv>
            </TextLine>
            <TextLine id="tr_1_tl_32" custom="readingOrder {index:31;}">
                <Coords points="3934,2494 5952,2450 5980,2348 5518,2300 4889,2388 4590,2314 3938,2365"/>
                <Baseline points="3952,2460 4018,2460 4108,2454 4197,2460 4287,2454 4376,2454 4466,2454 4555,2448 4645,2448 4735,2442 4824,2442 4914,2442 5003,2442 5093,2436 5182,2436 5272,2430 5361,2430 5451,2424 5541,2430 5630,2424 5720,2418 5809,2418 5899,2412 5988,2418"/>
                <TextEquiv>
                    <Unicode>ihrem Tod, mit meinem Schmerz wird meine</Unicode>
                </TextEquiv>
            </TextLine>
            <TextLine id="tr_1_tl_33" custom="readingOrder {index:32;}">
                <Coords points="5684,2504 5884,2487 5990,2518 6075,2473 6149,2490 6265,2470 6272,2382 6139,2412 6116,2392 6014,2395 5952,2450 5891,2426 5776,2463 5687,2436"/>
                <Baseline points="5702,2489 5738,2489 5827,2483 5917,2483 6006,2477 6096,2460 6185,2460 6275,2454"/>
                <TextEquiv>
                    <Unicode>nur nicht in der</Unicode>
                </TextEquiv>
            </TextLine>
            <TextLine id="tr_1_tl_34" custom="readingOrder {index:33;}">
                <Coords points="741,2585 873,2647 1267,2575 2443,2633 2776,2589 2834,2484 741,2511"/>
                <Baseline points="758,2573 782,2573 871,2573 961,2573 1050,2573 1140,2573 1230,2567 1319,2567 1409,2567 1498,2567 1588,2567 1677,2567 1767,2567 1856,2567 1946,2567 2036,2567 2125,2567 2215,2567 2304,2567 2394,2567 2483,2567 2573,2561 2663,2561 2752,2561 2842,2561"/>
                <TextEquiv>
                    <Unicode>in dieser Stunde schon in seiner ganzen</Unicode>
                </TextEquiv>
            </TextLine>
            <TextLine id="tr_1_tl_35" custom="readingOrder {index:34;}">
                <Coords points="3934,2643 6068,2640 6183,2606 6187,2484 3938,2524"/>
                <Baseline points="3958,2609 4042,2615 4131,2609 4221,2609 4311,2615 4400,2609 4490,2609 4579,2603 4669,2603 4758,2597 4848,2597 4938,2597 5027,2591 5117,2591 5206,2591 5296,2585 5385,2585 5475,2585 5564,2585 5654,2579 5744,2579 5833,2579 5923,2573 6012,2567 6102,2567 6191,2573"/>
                <TextEquiv>
                    <Unicode> Sendung sich erfüllen können.- So/dachte ich</Unicode>
                </TextEquiv>
            </TextLine>
            <TextLine id="tr_1_tl_36" custom="readingOrder {index:35;}">
                <Coords points="737,2779 2874,2755 2878,2630 741,2653"/>
                <Baseline points="758,2728 824,2728 913,2728 1003,2728 1092,2728 1182,2728 1271,2728 1361,2728 1450,2722 1540,2722 1630,2722 1719,2722 1809,2722 1898,2722 1988,2722 2077,2722 2167,2722 2257,2722 2346,2716 2436,2722 2525,2722 2615,2722 2704,2716 2794,2716 2884,2716"/>
                <TextEquiv>
                    <Unicode>Furchtbarkeit vorzustellen fähig bin.Und</Unicode>
                </TextEquiv>
            </TextLine>
            <TextLine id="tr_1_tl_37" custom="readingOrder {index:36;}">
                <Coords points="3938,2789 6088,2779 6139,2626 5198,2616 4651,2701 3941,2650"/>
                <Baseline points="3958,2770 3994,2770 4084,2770 4173,2764 4263,2764 4352,2758 4442,2758 4532,2758 4621,2758 4711,2752 4800,2752 4890,2752 4979,2746 5069,2746 5158,2746 5248,2746 5338,2746 5427,2740 5517,2740 5606,2740 5696,2734 5785,2728 5875,2728 5965,2728 6054,2722 6144,2722"/>
                <TextEquiv>
                    <Unicode>während ich neben ihr sass, mit ihrem klei-</Unicode>
                </TextEquiv>
            </TextLine>
            <TextLine id="tr_1_tl_38" custom="readingOrder {index:37;}">
                <Coords points="5599,2820 5647,2817 5674,2840 5738,2813 5800,2830 5820,2817 5861,2834 5959,2820 5993,2834 5993,2766 5929,2752 5881,2766 5810,2745 5769,2783 5738,2762 5674,2786 5647,2762 5599,2789"/>
                <Baseline points="5618,2812 5642,2812 5732,2812 5821,2812 5911,2812 6000,2806"/>
                <TextEquiv>
                    <Unicode>as ihrem</Unicode>
                </TextEquiv>
            </TextLine>
            <TextLine id="tr_1_tl_39" custom="readingOrder {index:38;}">
                <Coords points="4920,2834 5545,2827 5545,2779 5429,2779 5395,2749 5341,2776 5317,2752 5239,2769 5093,2755 5062,2783 5025,2762 4977,2786 4920,2776"/>
                <Baseline points="4938,2830 5015,2830 5105,2824 5194,2824 5284,2818 5373,2812 5463,2812 5553,2818"/>
                <TextEquiv>
                    <Unicode>will de noule</Unicode>
                </TextEquiv>
            </TextLine>
            <TextLine id="tr_1_tl_40" custom="readingOrder {index:39;}">
                <Coords points="744,2895 2813,2901 2990,2881 2990,2779 744,2817"/>
                <Baseline points="764,2889 847,2884 937,2884 1027,2884 1116,2878 1206,2884 1295,2878 1385,2878 1474,2878 1564,2878 1653,2878 1743,2878 1833,2878 1922,2878 2012,2872 2101,2878 2191,2878 2280,2872 2370,2878 2460,2878 2549,2872 2639,2872 2728,2872 2818,2866 2907,2872 2997,2872"/>
                <TextEquiv>
                    <Unicode>dann erst wenn ich diesen Schmerz durchfüh¬</Unicode>
                </TextEquiv>
            </TextLine>
            <TextLine id="tr_1_tl_41" custom="readingOrder {index:40;}">
                <Coords points="3941,2959 6075,2912 6075,2823 4706,2851 4512,2786 3944,2878"/>
                <Baseline points="3964,2931 4024,2925 4114,2925 4203,2913 4293,2913 4382,2919 4472,2919 4561,2913 4651,2913 4740,2907 4830,2907 4920,2907 5009,2907 5099,2901 5188,2901 5278,2901 5367,2901 5457,2895 5547,2895 5636,2889 5726,2884 5815,2884 5905,2884 5994,2884 6084,2889"/>
                <TextEquiv>
                    <Unicode>nen weissen Fächer spielte,und ihr zusah,</Unicode>
                </TextEquiv>
            </TextLine>
            <TextLine id="tr_1_tl_42" custom="readingOrder {index:41;}">
                <Coords points="4012,3014 5528,3003 5898,2980 5966,2915 4012,2952"/>
                <Baseline points="4030,3003 4060,2997 4149,2997 4239,2997 4328,2997 4418,2997 4508,2991 4597,2991 4687,2985 4776,2979 4866,2979 4955,2973 5045,2973 5135,2979 5224,2967 5314,2967 5403,2955 5493,2955 5582,2961 5630,2949 5720,2949 5809,2955 5899,2955 5971,2955"/>
                <TextEquiv>
                    <Unicode>blaper lein bebevende Fippen könig, wie in</Unicode>
                </TextEquiv>
            </TextLine>
            <TextLine id="tr_1_tl_43" custom="readingOrder {index:42;}">
                <Coords points="6024,2969 6217,2959 6265,3003 6309,3010 6350,2986 6370,2990 6367,2918 6316,2929 6217,2901 6194,2918 6156,2901 6122,2922 6088,2898 6068,2918 6048,2901 6020,2912"/>
                <Baseline points="6042,2949 6132,2949 6221,2949 6311,2961 6377,2967"/>
                <TextEquiv>
                    <Unicode>mind.</Unicode>
                </TextEquiv>
            </TextLine>
            <TextLine id="tr_1_tl_44" custom="readingOrder {index:43;}">
                <Coords points="744,3048 2959,3078 2959,2952 2762,2929 2344,2993 744,2949"/>
                <Baseline points="764,3045 818,3039 907,3039 997,3039 1086,3039 1176,3039 1265,3033 1355,3033 1444,3033 1534,3027 1624,3033 1713,3033 1803,3033 1892,3033 1982,3033 2071,3033 2161,3033 2251,3033 2340,3033 2430,3027 2519,3027 2609,3027 2698,3027 2788,3021 2878,3021 2967,3027"/>
                <TextEquiv>
                    <Unicode>le, werde ich der geworden sein, zu dem Gott</Unicode>
                </TextEquiv>
            </TextLine>
            <TextLine id="tr_1_tl_45" custom="readingOrder {index:44;}">
                <Coords points="3951,3095 6248,3095 6217,2959 3955,2997"/>
                <Baseline points="3970,3081 4018,3081 4108,3075 4197,3075 4287,3075 4376,3069 4466,3069 4555,3069 4645,3069 4735,3063 4824,3063 4914,3057 5003,3057 5093,3057 5182,3057 5272,3051 5361,3051 5451,3057 5541,3051 5630,3045 5720,3039 5809,3045 5899,3039 5988,3039 6078,3039 6168,3033 6257,3027"/>
                <TextEquiv>
                    <Unicode>wie sie ihre Limonade trank. Ich liebte sie -</Unicode>
                </TextEquiv>
            </TextLine>
            <TextLine id="tr_1_tl_46" custom="readingOrder {index:45;}">
                <Coords points="3367,3105 3462,3109 3496,3085 3700,3122 3761,3088 3853,3116 3883,3109 3883,2993 3815,2997 3768,2959 3472,3051 3367,3044"/>
                <Baseline points="3385,3081 3475,3087 3564,3087 3654,3087 3743,3087 3833,3087 3893,3081"/>
                <TextEquiv>
                    <Unicode>an wollen und</Unicode>
                </TextEquiv>
            </TextLine>
            <TextLine id="tr_1_tl_47" custom="readingOrder {index:46;}">
                <Coords points="1322,3129 1437,3132 1485,3109 1597,3146 1726,3109 2005,3119 2001,3058 1903,3034 1835,3082 1743,3051 1644,3078 1498,3048 1464,3068 1318,3061"/>
                <Baseline points="1337,3104 1427,3104 1516,3098 1606,3104 1695,3098 1785,3104 1874,3104 1964,3104 2012,3110"/>
                <TextEquiv>
                    <Unicode>reschaffen h als</Unicode>
                </TextEquiv>
            </TextLine>
            <TextLine id="tr_1_tl_48" custom="readingOrder {index:47;}">
                <Coords points="4026,3177 5664,3139 5742,3129 5742,3058 4029,3105"/>
                <Baseline points="4048,3152 4137,3140 4227,3146 4317,3140 4406,3140 4496,3140 4585,3134 4675,3134 4764,3134 4854,3140 4944,3134 5033,3128 5123,3122 5212,3122 5302,3122 5391,3116 5481,3116 5570,3110 5660,3110 5750,3116"/>
                <TextEquiv>
                    <Unicode>ne un d-e cet stich- dudt liebt</Unicode>
                </TextEquiv>
            </TextLine>
            <TextLine id="tr_1_tl_49" custom="readingOrder {index:48;}">
                <Coords points="744,3211 2857,3221 2976,3200 2976,3102 744,3116"/>
                <Baseline points="764,3200 835,3194 925,3194 1015,3194 1104,3188 1194,3188 1283,3188 1373,3188 1462,3188 1552,3188 1642,3188 1731,3188 1821,3188 1910,3188 2000,3188 2089,3182 2179,3176 2268,3182 2358,3182 2448,3182 2537,3182 2627,3182 2716,3182 2806,3176 2895,3176 2985,3182"/>
                <TextEquiv>
                    <Unicode>mich hat schaffen wollen. (Neune mich nicht</Unicode>
                </TextEquiv>
            </TextLine>
            <TextLine id="tr_1_tl_50" custom="readingOrder {index:49;}">
                <Coords points="3384,3234 4230,3316 4519,3228 5871,3268 6116,3217 6116,3105 3384,3132"/>
                <Baseline points="3403,3194 3493,3188 3582,3194 3672,3200 3761,3200 3851,3206 3940,3212 4030,3230 4120,3230 4209,3230 4299,3230 4388,3224 4478,3224 4567,3224 4657,3218 4746,3218 4836,3218 4926,3218 5015,3218 5105,3212 5194,3212 5284,3206 5373,3206 5463,3206 5553,3206 5642,3206 5732,3200 5821,3194 5911,3194 6000,3194 6090,3188 6120,3194"/>
                <TextEquiv>
                    <Unicode>und dachte an ihren, nein, ich rechnete mit</Unicode>
                </TextEquiv>
            </TextLine>
            <TextLine id="tr_1_tl_51" custom="readingOrder {index:50;}">
                <Coords points="187,3343 265,3350 377,3279 418,3285 445,3265 469,3285 530,3251 574,3296 683,3268 690,3153 652,3139 612,3156 574,3119 513,3105 408,3156 350,3160 204,3085"/>
                <Baseline points="214,3254 244,3254 334,3242 423,3242 513,3236 603,3230 692,3218"/>
                <TextEquiv>
                    <Unicode>(evt get hoff)</Unicode>
                </TextEquiv>
            </TextLine>
            <TextLine id="tr_1_tl_52" custom="readingOrder {index:51;}">
                <Coords points="2089,3275 2106,3275 2117,3285 2151,3282 2157,3275 2174,3282 2188,3275 2202,3282 2212,3275 2225,3285 2242,3275 2249,3282 2266,3279 2263,3194 2222,3200 2185,3194 2171,3183 2154,3200 2127,3197 2106,3221 2089,3221"/>
                <Baseline points="2107,3260 2197,3260 2274,3266"/>
                <TextEquiv>
                    <Unicode>bin</Unicode>
                </TextEquiv>
            </TextLine>
            <TextLine id="tr_1_tl_53" custom="readingOrder {index:52;}">
                <Coords points="3374,3333 3455,3330 3482,3302 3591,3350 3635,3319 3676,3340 3744,3309 3809,3360 3938,3353 3934,3241 3900,3262 3826,3228 3744,3245 3591,3204 3523,3221 3486,3197 3370,3248"/>
                <Baseline points="3391,3290 3481,3284 3570,3284 3660,3290 3749,3296 3839,3296 3928,3296 3946,3296"/>
                <TextEquiv>
                    <Unicode>cout de même</Unicode>
                </TextEquiv>
            </TextLine>
            <TextLine id="tr_1_tl_54" custom="readingOrder {index:53;}">
                <Coords points="741,3391 2093,3340 2395,3435 2531,3350 3156,3350 3156,3241 2501,3194 2229,3289 741,3302"/>
                <Baseline points="758,3349 835,3349 925,3349 1015,3349 1104,3343 1194,3343 1283,3343 1373,3349 1462,3349 1552,3343 1642,3343 1731,3343 1821,3343 1910,3343 2000,3337 2089,3337 2179,3337 2268,3337 2358,3337 2448,3337 2537,3337 2627,3331 2716,3331 2806,3331 2895,3325 2985,3319 3075,3319 3164,3325"/>
                <TextEquiv>
                    <Unicode>einen Gotteslästerer, nie war ich frommergeweren</Unicode>
                </TextEquiv>
            </TextLine>
            <TextLine id="tr_1_tl_55" custom="readingOrder {index:54;}">
                <Coords points="340,3438 370,3438 428,3486 448,3476 462,3482 476,3469 523,3472 561,3279 533,3275 499,3292 486,3272 462,3285 445,3262 414,3285 370,3285"/>
                <Baseline points="370,3385 376,3385 465,3367 555,3349"/>
                <TextEquiv>
                    <Unicode>bei</Unicode>
                </TextEquiv>
            </TextLine>
            <TextLine id="tr_1_tl_56" custom="readingOrder {index:55;}">
                <Coords points="3955,3414 5429,3374 6109,3442 6116,3258 4519,3231 4271,3326 3958,3272"/>
                <Baseline points="3976,3391 4060,3391 4149,3385 4239,3385 4328,3379 4418,3379 4508,3379 4597,3373 4687,3373 4776,3373 4866,3373 4955,3367 5045,3367 5135,3367 5224,3361 5314,3361 5403,3361 5493,3355 5582,3355 5672,3355 5762,3349 5851,3349 5941,3349 6030,3349 6120,3349"/>
                <TextEquiv>
                    <Unicode>ihrem Tod und liebte sie gerade darumnoch</Unicode>
                </TextEquiv>
            </TextLine>
            <TextLine id="tr_1_tl_57" custom="readingOrder {index:56;}">
                <Coords points="3391,3469 3445,3448 3523,3469 3622,3428 3676,3435 3696,3418 3724,3428 3761,3414 3785,3438 3805,3421 3829,3428 3829,3360 3768,3360 3741,3343 3693,3364 3635,3340 3581,3350 3513,3306 3452,3330 3428,3313 3387,3319"/>
                <Baseline points="3409,3391 3481,3379 3570,3385 3660,3385 3749,3391 3839,3385"/>
                <TextEquiv>
                    <Unicode>gehängen im</Unicode>
                </TextEquiv>
            </TextLine>
            <TextLine id="tr_1_tl_58" custom="readingOrder {index:57;}">
                <Coords points="744,3533 2694,3506 2694,3350 2395,3435 2086,3343 1607,3367 1434,3455 1213,3367 1067,3442 744,3442"/>
                <Baseline points="764,3510 818,3510 907,3510 997,3504 1086,3504 1176,3499 1265,3504 1355,3504 1444,3504 1534,3504 1624,3499 1713,3499 1803,3499 1892,3499 1982,3499 2071,3499 2161,3493 2251,3493 2340,3493 2430,3493 2519,3487 2609,3487 2698,3487"/>
                <TextEquiv>
                    <Unicode>als in jenem Augenblick). Dass ich den</Unicode>
                </TextEquiv>
            </TextLine>
            <TextLine id="tr_1_tl_59" custom="readingOrder {index:58;}">
                <Coords points="3958,3561 4308,3578 4345,3550 4458,3574 4641,3544 4740,3584 4855,3571 4855,3431 4716,3455 4597,3411 4339,3442 4250,3414 4182,3452 4087,3418 3958,3465"/>
                <Baseline points="3976,3540 4054,3540 4143,3540 4233,3540 4323,3534 4412,3534 4502,3534 4591,3534 4681,3528 4770,3528 4860,3528"/>
                <TextEquiv>
                    <Unicode>tausend Mal mehr.</Unicode>
                </TextEquiv>
            </TextLine>
            <TextLine id="tr_1_tl_60" custom="readingOrder {index:59;}">
                <Coords points="741,3696 2891,3693 2918,3561 741,3584"/>
                <Baseline points="758,3660 776,3666 865,3666 955,3666 1044,3660 1134,3660 1224,3660 1313,3660 1403,3654 1492,3660 1582,3660 1671,3654 1761,3654 1851,3654 1940,3654 2030,3654 2119,3654 2209,3648 2298,3648 2388,3648 2477,3648 2567,3648 2657,3648 2746,3648 2836,3642 2925,3642"/>
                <TextEquiv>
                    <Unicode>Schmerz bisher nicht gekannt habe, das ist</Unicode>
                </TextEquiv>
            </TextLine>
            <TextLine id="tr_1_tl_61" custom="readingOrder {index:60;}">
                <Coords points="4373,3724 5820,3686 5993,3744 6061,3717 6065,3588 5800,3523 5416,3598 4376,3574"/>
                <Baseline points="4394,3690 4460,3690 4549,3690 4639,3684 4729,3684 4818,3684 4908,3678 4997,3678 5087,3678 5176,3678 5266,3672 5356,3672 5445,3672 5535,3666 5624,3666 5714,3666 5803,3660 5893,3660 5982,3660 6072,3660"/>
                <TextEquiv>
                    <Unicode>Und nun ist die Schwester wieder</Unicode>
                </TextEquiv>
            </TextLine>
            <TextLine id="tr_1_tl_62" custom="readingOrder {index:61;}">
                <Coords points="2266,3741 2365,3741 2392,3713 2463,3741 2575,3724 2623,3737 2650,3710 2783,3734 2806,3727 2806,3652 2769,3663 2745,3642 2694,3666 2640,3652 2572,3676 2429,3646 2327,3676 2266,3669"/>
                <Baseline points="2286,3719 2364,3719 2454,3708 2543,3713 2633,3708 2722,3702 2812,3708"/>
                <TextEquiv>
                    <Unicode>le générable.</Unicode>
                </TextEquiv>
            </TextLine>
            <TextLine id="tr_1_tl_63" custom="readingOrder {index:62;}">
                <Coords points="734,3832 2681,3849 2956,3812 2956,3717 2066,3751 1699,3666 1508,3751 734,3744"/>
                <Baseline points="752,3815 812,3815 901,3815 991,3815 1080,3815 1170,3821 1259,3815 1349,3809 1439,3809 1528,3803 1618,3803 1707,3803 1797,3803 1886,3803 1976,3803 2065,3803 2155,3797 2245,3797 2334,3797 2424,3797 2513,3797 2603,3797 2692,3797 2782,3797 2872,3791 2961,3791"/>
                <TextEquiv>
                    <Unicode>die Schläche meines Wesens, der Mangel mei-</Unicode>
                </TextEquiv>
            </TextLine>
        </TextRegion>
    </Page>
</PcGts>
