3336 4056
2548 362 2674 528 18
675 467 2937 690 boten ist. Hätte ich geshnt, dass mein kluges Kind
669 639 2900 847 imstande wäre, so unvorsichtig und ungehorsam zu
678 856 2698 980 sein, nie hätte ich die Billets angenommen.“
672 965 2867 1137 Maria lächelte: “Das hätte E duard zu sehr ver
678 1116 2946 1309 letzt." Und zu mir gewandt, erklärend: "Mein Vet-
684 1305 2982 1459 ter Eduard ist nämlich Mitglied, ja sogar Vizeprä-
669 1468 2991 1598 sident des Ballkomitess." Immer noch sass sie auf
681 1619 2988 1779 den Stufen, mit ihrem kleinen, weissen Fächer spie-
684 1758 2873 1912 lend, in einer wunderbar freien Haltung und das
696 1908 2825 2095 Lächeln blieb um ihren Mund. Die Mutter aber
696 2020 3124 2228 sprach erregt zu mir weiter: "Der Arzt, was sage ich,
693 2240 2870 2370 alle Aerzte haben es ihr verboten,-sie bekommt
681 2367 3102 2557 nämlich Herzklopfen durch jede rasche Bewegung. Wenn
702 2521 2985 2704 es auch nichts Ernstes zu bedeuten hat,-man muss
699 2732 2946 2885 doch vorsichtig sein! Sie ist ja sonst ganz ver-
693 2837 3045 2994 nünftig. In den letzten Wochen waren wir drei oder
696 3000 3078 3151 viel Mal in Gesellschaften und nie fiel es ihr ein
702 3148 2888 3353 sich am Tanz zu beteiligen.“ - "Es war ja auch
696 3298 3066 3470 heute nur eine einzige Runde, Mutter“, sagte
684 3488 2994 3663 Maria,"und es soll auch die letzte gewesen sein."
