3368 4104
2426 452 2679 626 jener
700 481 2332 754 nicht, dass auch diese spurlos glei
714 626 2636 893 ren vergehen würden. Ich gab ihrer Bitte
719 805 2992 1049 nach, ohne mir Rechenschaft zu geben warum; denn
2451 916 2980 1103 gute in meiner
731 947 2383 1206 bis zu einem gewissen Grad war es an
725 1103 2929 1362 Belieben gestanden. Gedanken, die mir aus irgend
756 1248 2992 1513 einem Grunde unbequem waren, keine Macht über mich
754 1396 3029 1675 gewinnen zu lassen. Heute aber weiss ich, was ich
765 1556 3026 1837 damals noch nicht wissen wollte, dass ich mir kei
756 1706 3048 2008 neswegs Marias Auffassung zu eigen machte, sonder
813 1854 3054 2138 dass mir die Entwicklung der Dinge, wie sie sich
771 2030 3017 2318 in den Anfällen Marias neuerdings ankündigte, in
791 2161 2812 2454 einem tieferen Sinne erwünscht sein musste.
1246 2329 3046 2537 Der Zustand aber, in dem ich Maria zwei
867 2471 998 2619 G.H.F.P.
793 2468 2915 2767 Tage darauf antraf, als ich von einem meiner ein=
805 2642 2784 2932 samen Spaziergänge heimkehrte, auf die ich
808 2804 2682 3085 damals nicht verzichten wollte und konnte
816 2943 2466 3236 Anblick, den sie, einer Toten ähnlich
819 3108 2170 3381 Fussboden hingestreckt. meinen
830 3273 2124 3532 bot, wirkte so unmittelbar am
2687 3418 2869 3589 che
958 3438 2016 3725 ein gelang eine natürlich
