3320 4056
2755 279 2893 458 53
679 461 2908 773 nur, wie beiläufig, vor Eintritt der herbetlichen
676 714 2817 955 Witterung heimzureisen, da ja Leidende zuhause
684 843 2973 1031 immer am besten aufgehoben seien; aber meine Mit-
699 1034 2932 1219 teilungen über die Aeusserungen früherer Aerzte,
690 1163 3017 1345 meine Fragestellung,meine ganze Haltung veranlass-
717 1328 2996 1495 te ihn bald sich ohne alle Umschweife zu äussern.
705 1504 2782 1698 Immerhin versuchte er es noch mit dem mitten
708 1624 3020 1862 Trost, dass es gerade bei dieser Art von Leidenden
717 1812 2867 1948 absolute Gewissheiten nicht gebe, und erklärte,
723 1948 2905 2144 dass er selbst, so wenig das eigentlich mit dem
717 2071 3070 2271 Wesen seines Berufs übereinstimme, von Jahr zu Jahr
720 2241 3084 2476 mehr an Wunder zu glauben gelernt habe. So töricht
740 2423 2905 2626 es erscheinen mag, an diese Bemerkung klammerte
737 2564 2964 2750 ich mich nicht wie an Trost, sondern fast wie a
746 2720 2993 2935 ein Versprechen. Und da in der Tat einige ruhige
737 2855 2946 3055 Tage folgten, und Maria sich in dem geschwister-
749 3014 2952 3249 lichen Zusammenleben, zu dem ich mich nach einer
752 3199 2873 3390 leisen Mahnung des Professors hatte verstehen
746 3346 2926 3560 müssen, sichtlich erholte, glaubte ich mich mehr
758 3493 3090 3763 und mehr berechtigt, das Wunder einer völligen Hei¬
