3304 4088
2617 358 2706 538 4
608 703 3016 839 sen bin, noch ehe Maria, deren Tod du für morgen oder
601 829 2969 997 für übermorgen mit solcher Sicherheit vorhergesagt
586 1025 2500 1196 hast, Zeit gefunden hat mir voranzugehen.
978 1177 3016 1332 Sie schläft, Dank deiner wundertätigen Mor
601 1310 2785 1459 phiumspritze, mein Freund, schläft sie ruhig und
595 1465 3051 1655 tief, und die Krankenschwester, die du selbst vor drei
595 1608 3007 1791 Tagen aus Mailand uns mitzubringen die Güte hattest
586 1722 2867 1927 wacht an ihrem Bette. Die Türe ist nur angelehnt
579 1953 2994 2102 ich höre den ruhigen Atem der Schlafenden und spüre
589 2089 3076 2291 zugleich die Nähe der Andern, der Wachenden,Gesunden,
579 2257 2905 2402 Lebenden, obwohl sie sich nicht regt und ichnicht
579 2412 3121 2576 einmal die Spitzen ihrer kleinen schwarzen Schuhe sehe
579 2551 2893 2738 (die für eine Krankenschwester auffallend elegant
617 2712 3032 2918 sind). Uebrigens habe ich seither die Gabe die Nähe
567 2848 3035 3070 von Menschen zu fühlen, mit denen sich eine seelische
560 3004 2792 3209 Verbindung angeknüpft hat. Ob ich die Schwester
548 3178 3013 3352 nicht ablösen sollte? Ob es mir nicht ziemte in die-
548 3355 2874 3516 ser Stunde in eigener Person und allein an Marias
538 3504 2921 3722 Lager zu weilen, ihre Hand in der meinen oder meine
