6552 4488
815 629 2783 835 mich zu nehmen, dieses Ungeheure-würde
835 808 2823 1038 mich zum Dichter machen und ich bliebe
842 1001 2884 1167 auf Erden, um meine Sendung zu erfüllen.
835 1106 2806 1315 Und das Werk ohnegleichen, das, mit dem
842 1285 2938 1478 Ich gerechtfertigt wäre vor Gott, vor mir
845 1396 2948 1640 selbst und vor der welt würde geschaffen
852 1606 2901 1792 werden.-Und das soll nicht sein. Gerade
1937 1691 2759 1819 es wird wiss ers
825 1758 2955 1948 Was soll nicht sein Maria ist ein Toten¬
1751 1897 3023 2049 noch keinem sterblichen
869 1937 1765 2127 opfer wert,wie es
1751 1975 3168 2134 into nnhöre et est un tresd.
859 2086 2918 2276 Wesen dargebracht wurde. Darum habe ich
852 2242 1856 2414 mich entschlossen -
761 2495 2833 2678 Hier bricht der Brief ab. Der
876 2688 2962 2854 deutsche,in Mai land praktizierende Arzt,
883 2857 3003 3013 in dessen Nachlass er gefunden wurde, hat
883 2962 2881 3172 einige Zeilen beigefügt, die seiner Ah-
883 3141 3050 3307 sicht nahh gewiss zu-gleich mit dem Manu-
896 3273 2921 3503 script der Veröffentlichkung übergeben
903 3462 2512 3686 werden sollten. Hier sind sie:
1305 3564 2965 3804 Den beigeschlossenen Brief fand
899 3716 2965 4007 der Unterzeichnete am Morgen des elften
906 3899 2925 4129 Oktober unbeendet auf dem Schreibtisch
3493 521 6157 700 sen, und des Dichters liegen, der ihn verfasst hat
3574 686 6164 872 eln Ihm und dessen Namen zu verschweigen ich für
4010 852 4504 981 Anzemessen
3794 859 4020 1018 G.C.H.
4068 842 6208 1028 richtig halte. Er hat in der Tat - was man
3581 1001 6079 1167 mich dem Inhalt und mehr noch nach dem
3567 1156 6286 1329 nied se Ton des Brieffragments wirklich nicht ohne-
3635 1336 6073 1511 welters schliessen könnte, seinem Leben
3533 1461 3915 1606 Claasme
4058 1451 6120 1640 durch einen wohlgezielten Schuss in die
3510 1643 6205 1812 Schläfe ein Ende gemacht. Er wurde in sei-
3496 1741 3983 1988 dolltren
4051 1755 6096 1965 nem Schreibtischsessel tot gefunden,die
3638 1904 3946 2073 6 [2]8 je
4051 1941 6164 2100 Pistole noch krampfhaft in der Hand. Dass
3635 2076 6167 2238 ###or xxx Brief nicht abgeschlossen ist je-
3682 2218 6215 2411 bhaamt denfalls so zu erklären, dass er plötzlich
3527 2377 6215 2533 -7s" xxx von der Schwester Ins Nebenzimmer gerufen
3638 2549 6174 2719 us ani- wurde, wo er seine Geliebte bewüsstlos, in
3652 2708 6208 2881 rdt og hään iot2tön’2ugaa tändä“.kr“wartote,wie mir
5643 2803 6150 2948 so lange
4693 2837 4896 2921 am a
3706 2813 6019 3047 die Schwester selbst erzählte bis der
3537 3013 6059 3199 -rev etc. übrigens völlig schmerzlose Todeskampf
3533 3161 6073 3351 ten nen! Heen et war, sondern begab sich in sein
3659 3317 6140 3483 .osno" tkimmerzurüok, wo er es fur geräken hielt
3706 3456 6171 3621 -reinä Stök nöglichstetelinde, jonsölts zu be-
3807 3621 6079 3811 nots fordorn, um nicht doch an Ende genötigt
3760 3777 5748 3956 A saalweg eniä.tadlea nov aiffaldolel3
