3320 4088
2590 250 2736 481 37
565 509 2846 753 leicht gut,wie du dir wohl denken magst, dass das
562 693 2886 878 Schicksal darauf verzichtet hat mich auf die Pro-
578 881 1262 1071 be zu stellen.
1087 943 2908 1196 Es war mir kaum aufgefallen, dass Maria
578 1137 2899 1368 über meine dichterischen Bestrebungen und Erfolge
594 1271 2918 1531 bisher noch kaum ein Wort geäussert hatte. Leicht
603 1478 2946 1693 zu merken war freilich, dass meine Stücke, ohne dass
615 1643 3127 1834 sie es geradezu aussprach,ihr alle ziemlich widerwär-
612 1721 2977 1980 tig gewesen waren. Und es überraschte sie kaum, als
612 1937 2980 2184 sie mich von dieser Erkenntnis, aus der ich ja kein
622 2093 2974 2312 Hehl machte, nicht nur nicht verletzt, sondern sogar
640 2246 2946 2430 belustigt sah. Aber seltsam und freudig berührte
637 2408 2911 2649 es mich, als sie mir nun eingestand, dass sie auch
637 2502 2914 2768 in jenen ihr peinlichen Produkten zuweilen einen
643 2668 2918 2914 anderen und besseren Menschen geehnt als den, der
656 2886 2918 3049 sich darin kundgegegen;- ob auch eine höhere Art
662 3018 2889 3211 von Dichter als die Menge bisher in mir erkannt
662 3152 2924 3367 darüber masste sie sich freilich kein Urteil an.
662 3311 3018 3542 Doch keineswegs war sie zufrieden, als ich sie mei-
675 3461 3071 3733 nen Entschluss vernehmen liess, die Schriftstellerei
