3352 4088
2393 429 2531 541 28
735 500 2864 732 ten Lustigkeit mit einem Male fremd, ja meines
726 750 2996 906 inneren Zustandes im eigentlichen Sinne unwürdig
735 858 2831 1114 erschienen war, ins F Feuer geworfen hatte.
709 1053 2752 1217 Maria schien mir heute wunderbar verändert.
714 1173 2840 1341 Ihre dunkle, wie von Schvermut unwitterte Er-
723 1361 2931 1496 scheinung hatte sich aufgeheilt, sie war gesprä-
723 1485 2805 1685 chig, von einer heiteren Bewegtheit,und gern
717 1655 2840 1793 lies sie sich mit ihrer Mutter zum Abschluss
714 1838 2755 1952 des Besuchs durch alle Räume meines kleinen
720 1952 2940 2099 Hauses geleiten, in das sie, woran weder sie noch
714 2134 2937 2278 ich mehr zweifeln konnten, bald als meine Gattin
723 2278 2849 2478 einziehen sollte. Im übrigen gelangte ich an
711 2449 3075 2581 diesem Tag zur Ueberzeugung, dass Marias Herzleiden
706 2555 2884 2740 nicht so gefährlich war, als ich neulich unter
700 2737 3055 2896 dem Eindruck ihres Ohnmachtsanfalles mir eingebil-
700 2916 2922 3075 det und, man kann es wohl nicht anders sagen, ge-
700 3069 3019 3196 hofft hatte. Doch vermochte ich nicht mir die Ge-
697 3193 2840 3349 dankenfolge, die jener Unfall in mir ausgelöst
697 3340 2899 3507 so ungeheuerlich sie dir und vielen Anderen er-
703 3531 2881 3699 scheinen dürfte, im Grunde übel zu nehmen: Wie
