3352 4072
2492 300 2631 472 36
596 487 2976 615 oder Reue schüchtern in meiner Seele melden wollte,
599 615 2897 787 verblasste gegenüber der beglückenden Einbildung,
596 769 2843 939 dass gerade die Leidenschaftlichkeit unserer Be-
593 914 2770 1090 ziehungen Marias Herzleiden aufs Günstigste zu
593 1066 2758 1259 beeinflussen schien und zwar in so auffälliger
593 1232 2719 1384 Weise, dass ich mich manchmal fragen musste, ob
593 1399 2849 1559 der Doktor, den die Mutter mir ins Haus geschiokt
590 1529 2843 1714 ein Ignorant, ein boshafter Nurr oder gar ein Ei-
593 1677 2852 1877 fersüchtiger gewesen sei. Ich selbst aber fühlte
575 1862 2985 2034 mich bessere und reiner worden. Aller Ehrgeiz meines
578 2028 2846 2186 Berufs, ja alle Eitelkeit des Menschentums schien
578 2162 2813 2325 damals von mir abzufallen. Da zu sein, zu lieben,
581 2310 2849 2492 geliebt zu werden, die Welt zu geniessen,ohne den
569 2464 2937 2631 lächerlichen Wahn sie nachbilden zu müssen,mich an
569 2604 2994 2831 dem zu freuen.was Grössere geschaffen,ohne den neid-
560 2767 2861 2949 vollen Gram, den wir Ehrgeiz nennen,war mir genug,
560 2922 2803 3109 mehr als genug, ward mir  S obligkeit an sich. In
575 3082 2843 3276 jenen Tagen, so glaube ich heute, hätte ich irgend
560 3227 2979 3439 eine gute und opfervolle Tat begehen,mein Vermögen
566 3409 2885 3594 einem Bettler schenken, mein Leben für einen Unbe-
548 3545 2906 3727 kannten aufs Spiel sotzen können, doch war es viel-
