3352 4120
569 416 2969 610 zu müssen.- Also, erkläre mir wie es kommt, dass auch
566 534 3072 767 heute noch, dass schon bei unserer ersteh Wiederbegeg¬
566 729 2880 901 nung, mitten in der automatisch freudigen Ueberra-
579 841 2966 1064 schung des Erkennens, jener verräterisch-feindselige
623 1016 3040 1243 Strahl in deinem Auge aufzuckte, der mich als Knaben
588 1163 2813 1371 schon befremdete, als du, selbst beinahe noch ein
579 1298 2947 1547 Knabe, über die Schwelle meines Eltenhhuses tratest
588 1502 3027 1678 um dich als neuer Hauslehrer vorzustellen? Und war
598 1627 2998 1835 es nicht derselbe Blick, der mich zehn Jahre später
601 1806 2886 1994 traf, als es sich fügte, dass du auf dem Mediziner-
598 1931 2966 2132 kränzchen in einem etwas unglücklich geschnittenen
598 2090 2966 2304 Frank einsam an mir vorüberstreiftest, der eben den
598 2244 3107 2477 Vorzug hatte mit einem sehr hübschen blinden Fräulein
617 2400 3065 2631 vorbeizutanzen. Und xx war es nicht wieder derselbe
614 2599 3190 2768 etwas tückische Schimmer in deinem Aug, als du fünf oder
620 2726 3120 2918 sieben Jahre später, schon Sekundararzt im allgemeinen
614 2867 3065 3123 Krankenhause,an einer Strasseneoke mit mir zusammen-
630 3040 3081 3238 treffend. nicht umhin konntest,mich zu meinem ersten
636 3171 3171 3378 Theatererfolg zu beglückwünschen, der mich, wie man sich
626 3324 3136 3577 auszudrücken pflegt über Nacht berühmt gemacht hatte?
