3320 4088
2782 358 2925 574 41
705 525 3007 711 gung in mir auszulösen. Im Innersten erschüttert
693 699 2822 884 hob ich Maria vom Boden auf, trug sie ins Bett
693 878 2773 1054 und sandte nach dem bekanntesten Florentiner
696 1011 3001 1182 Arzt, den ich mir übrigens schon vor einigen Tagen
693 1148 3086 1349 vorsichtsweise hatte nennen lassen. Er erschien so-
686 1318 2949 1510 fort;die milde und doch eindringliche Art seiner
677 1479 3086 1646 Fragestellung veranlasste Maria zu Eingeständnissen
677 1649 3123 1819 zu denen ich selbst sie bisher noch niemals vermocht
674 1786 3019 1987 hatte, und ich efuhr so, dass sie auch in den Pausen
674 1956 2949 2132 zwischen den Ohnmachtsanfällen manchen argen Be
674 2108 2846 2257 schwerden unterworfen war, die sie mir in einem
662 2242 3022 2415 Uebermasse von Liebe verborgen,und die ich,wie ich
647 2384 2889 2585 mir nun nicht länger verhehlen konnte, nur darum
653 2576 2931 2737 übersehen hatte,weil ich sie hatte übergehen
650 2712 3038 2873 wollen. Der Arzt verordnete das Nötige und richtete
650 2858 2965 3050 an Maria so freundliche, ja ermutigende Worte, dass
644 3031 2989 3186 ich nahe daran war mich von ihnen täuschen zu las-
647 3183 2858 3356 sen. Unter vier Augen aber äusserte er sich mir
629 3338 2983 3524 mit vollkommener Rückhaltlosigkeit. Maria war ver-
626 3490 3044 3672 loren,ein Ende,ob nun binnen weniger Tage oder erst
635 3678 3028 3852 in Monaten, unausbleiblich, Linderung konnte freilich
