3336 4120
2702 321 2838 488 30
612 516 2788 723 Ehe gewiss nur günstig beeinflasst werden.doch
624 680 2878 878 trug ihre mütterliche Gewissenhaftigkeit am Ende
658 872 2791 1039 den Sieg davon. Schon Tags darauf empfing ich
612 1005 2841 1202 den Besuch eines Eltern Herrn, der sich mir als
606 1150 2915 1323 Arzt der Familie vorstellte und nach einigen höf-
609 1301 3017 1509 lich-vorlegenen Einleitungsworten mir nahelegte von
594 1468 2912 1663 meiner Bewerbung um Maria abzustehen. Er habe zwar
597 1645 2897 1833 weder der Mutter, die ihn gestern zu sich berufen,
600 1830 2918 1947 noch weniger Maria selbst, die er bei dieser Gele-
603 1929 2995 2121 genheit wieder einmal aufs Genaueste untersucht, die
603 2108 2912 2250 ganze Wahrheit offenbart; umso sicherer glaube er
587 2260 2872 2414 meinem Takt und meiner Einsicht, ja gerade meiner
584 2390 2779 2600 Neigung für die Kranke die wohl peinliche, aber
1119 2522 1255 2594 le reste de ses
600 2553 2909 2751 leider unerlässliche Lösung des Verlöbnisses an-
637 2705 3002 2869 heimstellen zu dürfen. Unerlässlich, wiederholte er
594 2844 3082 3029 streng, denn Marias Zustand bedürfe der grössten Scho-
575 3026 2946 3178 nung, wenn die sie liebten sich noch ein paar Jahre
578 3193 2909 3348 an ihrer Gegenwart freuen wollten. Den Erregungen
590 3317 2862 3515 einer Ehe, insbesondere, wie er mit emporgezogenen
578 3468 3042 3722 Brauen bemerkte, einer Liebesche, sei ihr krankes Herz
