6584 4296
1336 566 1517 708 die
286 639 2488 829 negant auf eine solche Probe zu stellen.
352 836 2992 948 Es war mir kaum aufgefallen, dass Ma¬
457 968 2909 1099 Ihr über meine dichterischen Bestrebungen
750 1083 2896 1267 und Erfolge bisher noch kaum ein Wort ge¬
2465 1208 2919 1313 war freilich
747 1244 1122 1366 äussert
418 1241 668 1419 amie
750 1231 3054 1422 hatte. Es ward leicht zu merken, dass
741 1372 3005 1567 meine Stücke, ohne dass sie es geradezu aus-
741 1530 3067 1748 sprach, ihr alle ziemlich widerwärtig gewesen
754 1702 2962 1902 waren. Und es überraschte sie kaum, als sie
757 1843 2919 2050 mich von dieser Erkenntnis, aus der ich ja
750 2050 2949 2199 kein Hehl machte, nicht nur nicht verletzt,
2409 2152 2574 2255 to the
750 2166 2916 2343 sondern sogar belustigt sah. Aber seltsam
770 2357 2880 2534 und freudig berührte es mich, als sie mir
2004 2472 2195 2564 am
398 2515 714 2669 même
760 2465 3051 2702 nun eingestand, dass sie/in jenen ihr peinli-
359 2646 550 2798 -17
764 2636 3018 2811 chen Brodukten zuweilen ein andern und bes-
757 2801 3067 2969 seren Menschen geshnt als den, der sich darin
770 2972 2982 3160 kundgegeben; - ob auch eine höhere Art von
770 3120 3081 3278 Dichter als die Menge bisher in mir erkannt,
773 3219 2929 3410 darüber masste sie sich freilich kein Ur-
773 3426 3028 3568 teil an. Doch keineswegs war sie zufrieden,
777 3535 2847 3742 als ich sie meinen Entschluss vernehmen
764 3680 3084 3907 liess, die Schriftst ellerei vollkommen aufzu-
5934 323 6099 497 42
3591 510 6145 694 -endorgehen, denn, so fenn es ihrem wahnhaft neinen
3699 609 6089 843 Herzen lag fün ihren Geliebten äussere Eh-
3864 823 6197 997 ren und puhm zu erstreben,es war noch weniger
3867 951 6086 1149 nach ihrem Sinn sich ihn für die Dauer als
3867 1103 5993 1310 ohne eine nach einem bestimmten Ziel ge-
3874 1231 6267 1425 richtete Tätigkeit vorzustellen, und dass eine
4581 1379 5510 1484 zu dabei frühlen
3953 1422 4568 1514 auprésent.
3880 1428 6188 1613 eigentliche Tätigkeit für mich f wie für je-
3880 1606 6056 1754 den Menschen doch nur innerhalb eines ihm
3897 1767 5993 1912 von seiner Begabung angewiesenen Kreises
3884 1896 6049 2073 denkbar war, fühlte sie und sprach sie mit
3887 2037 6237 2241 aller Klarheit aus. Aber von all dem war doch
3871 2185 6148 2360 nur nebenhind die Rede. Denn was ist Zukunft
3897 2360 6105 2508 für ein leeres Wort-in einer Gegenwart, die
4901 2468 5250 2567 dacrim
3890 2485 5941 2689 unerschöpflich und so. auch unaufhörbar
3884 2705 4335 2880 scheint.
4308 2811 6023 3008 Der Sommer kam heran mit heissen
3903 2949 6237 3123 Tagen und schwülen Nächten. Maria hatte leich
3894 3114 6250 3281 te Anwandlungen von Mattigkeit, denen ich umso
3917 3258 6230 3443 weniger Bedeutung beilegte, als sie selbst sie
3907 3413 6132 3614 gar nicht zu beachten schien, bis sie eines
3890 3584 6132 3818 Tag vor Sonnenuntergang während dir beide
3920 3739 6099 3900 auf dem kleinen Balkon unserer Wohnung am
