3272 4024
2493 344 2609 480 63
716 482 2889 711 schiedsbriefes mit aller wünschonswerten Deut-
719 682 2802 875 lichkeit heraus. So dürfte man alles Weitere
719 751 2765 1017 auf sich beruhen lassen, wenn nicht einzelne
725 890 2918 1196 Partien des Briefes dringend einer Richtigstel-
737 1147 2736 1309 lung bedürften. Die Verdächtigung, dass ich
748 1277 2765 1462 der Kranken eine zu starke Injektion verab-
740 1375 2871 1623 reicht und so ihr Leben leichtfertig verkürzt
751 1514 3077 1762 hätte, verdient freilich keine Erwiderung. Die ver-
757 1710 3016 1941 steckten Anwürfe gegen mich als einen neidischen
760 1901 2889 2077 Philister (ich setze die Worte, die der Brief-
763 1982 2999 2242 schrieber mit Mühe unterdrückt ohneweiteres her
763 2181 2975 2421 erledigen sich gleichfalls von selbst. Eine ge-
777 2346 3004 2568 wisse Antipathie gegen den Schreiber zu leugnen,
771 2481 2909 2707 fällt mir umso weniger ein, als sie den Lesern
783 2689 2938 2848 seines Briefes nicht ganz ungerechtfertigt er-
792 2744 3094 3007 scheinen dürfte. Der Vollständigkeit halber führe
792 2926 2929 3178 ich ferner an, dass ich ein ziemlich reichlich
794 3088 3111 3319 bemessenes Honorar, das der Selbstmörder in einem
803 3308 2814 3504 versiegelten Couvert für mich hinterlassen,
867 3472 2799 3698 einem wohltätigen Zwecke zugeführt habe.
