3304 4040
2583 275 2716 469 51
686 506 2858 749 Beflissenheit auf ihren Zustand acht haben und
691 688 2861 856 es durch gelegentliche Fragen zu verraten. Da-
709 839 2907 1024 raufhin begann sie selbst, was früher nicht ihre
1686 992 2109 1088 grösserer
700 1001 2812 1195 Art gewesen, sich mit  Sorgfalt zu be-
706 1140 2916 1348 obachten, und eines Tages fragte sie mich gerade
697 1310 2910 1475 heraus,ob sie nicht doch gefährlicher krank sei
712 1472 2736 1660 als man es ihr bisher zugestanden habe. Ich
709 1655 2878 1831 leughete es natürlich mit Entscheidenheit, doch
717 1764 2921 1996 schlug ich ihr vor nicht etwa zu meiner, sondern
717 1912 2832 2088 zu ihrer Beruhigung den  Ruf eines Neuheimer
717 2054 2872 2268 Arztes ei zuholen, der durch seine Behandlungs-
712 2207 2875 2427 methoden einen Weltruf erworben hatte. Sie war
729 2389 2826 2603 einverstanden, ich traf Vorbereitungen zur Ab-
720 2519 2803 2733 reise und wollte eben eine Depesche an jenen
717 2687 2898 2861 Arzt absenden, um mich zu vergewissern,ob er an
686 2829 2884 3040 seinem gewöhnlichen Wohnort anzutreffen sei, als
738 2973 3063 3188 der Portier, dem ich mein Telegramm zur Beförderung
700 3133 3023 3329 übergab.mir erklärte, ein Arzt dieses Namens habe
723 3271 2892 3471 für morgen seine Ankunft angekündigt, um hier E
723 3471 2982 3682 holungsurlaub zu nehmen. Diese Fügung sohien mir
