3384 4104
774 445 2774 707 völlige Bewusstlosigkeit sank. Ich hätte so
777 623 2806 827 für eine Schlafende halten können, hätten ihnen
774 792 2873 984 Züge nicht jene furchtbare Blüsse angenommen
766 937 3010 1173 die mir noch von dem Ballabend her in mahnender
769 1089 3103 1342 Erinnerung war. Als sie auf mein wiederholtes An-
774 1266 2920 1499 rufen die Augen aufschlug, behauptete sie, dass
789 1360 3016 1619 es nichts gewesen sei und sie sich schon wieder
789 1560 2917 1770 ganz wohl fühle. Am selben Abend noch war sie
798 1718 2946 1927 imstande mit mir einen kleinen Spaziergang zu
798 1866 3138 2128 unternehmen, der sie nicht im Geringsten ermüdete.
798 2044 3063 2233 Trotzdem wiederholte sich der Anfall am nächsten
801 2195 2990 2437 Tag zur gleichen Stunde. Sie blieb eine Minute
804 2329 3019 2547 bewisstlos, ihr Puls war kaum zu fühlen, nach den
798 2509 2999 2722 Erwachen kehrte ihre Farbe nicht gleich zurück
812 2655 3121 2879 auch das erwartete Lächeln blieb aus und in ihrem
815 2789 2870 2990 Augen war ein Ausdruck der Verlorenheit, der
815 2958 3036 3179 völlig neu war. Sie bat mich dringend keinen Arbeit.
818 3106 2911 3371 zu Rate zu ziehen, denn, da solche Aufälle sie
812 3296 2731 3511 früherer Zeit nicht selten überkommen hä-
2801 3406 2917 3592 et
911 3429 2405 3662 eine üble Folgen nach sich zu ziehen.
