3304 4168
2598 353 2739 550 51
686 562 2866 765 Beflissenheit auf ihren Zustand acht zu haben und
694 780 2863 959 es durch gelegentliche Fragen zu verraten. Da-
694 915 2913 1133 raufhin begann sie selbst, was früher nicht ihre
1683 1048 2119 1153 grösserer
700 1065 2801 1242 Art gewesen, sich mit  Sorgfalt zu be-
697 1192 2916 1395 obachten, und eines Tages fragte sie mich gerade
694 1365 2919 1554 heraus,ob sie nicht doch gefährlicher krank sei
697 1524 2734 1689 als man es ihr bisher zugestanden habe. Ich
694 1674 2869 1868 leughete es natürlich mit Entschiedenheit, doch
697 1848 2922 2007 schlug ich ihr vor nicht etwa zu meiner, sondern
691 2001 2825 2189 zu ihrer Beruhigung den Rat eines Nauheimer
691 2172 2842 2336 Arztes einzuholen, der durch seine Behandlungs-
683 2322 2845 2475 methoden einen Weltruf erworben hatte. Sie war
697 2454 2816 2634 einverstanden, ich traf Vorbereitungen zur Ab-
686 2604 2787 2784 reise und wollte eben eine Depasche an jenen
691 2763 2884 2940 Arzt absenden,um mich zu vergewissern,ob er an
656 2940 2875 3101 seinem gewöhnlichen Wohnort anzutreffen sei, als
697 3101 3057 3231 der Portier, dem ich mein Telegramm zur Beförderung
697 3210 3013 3410 übergab mir erklärte, ein Arzt dieses Namens habe
689 3372 2954 3587 für morgen seine Ankunft angekündigt, um hier Er-
686 3528 2948 3755 holungsurlaub zu nehmen. Diese Fügung schien mir
