6536 4136
5766 258 5926 421 14
2669 314 2820 464 13
3970 384 6064 606 Zeit so karg zugemessen ist wie mir. Da-
3499 486 3921 621 - i am so
1510 529 2389 673 ddoiaflei tneufe
581 544 886 710 tadde
919 566 2780 790 ruhig wie vorher. Ueber ihrem nack-
3635 566 6049 787 her sei nach der Art gewiegter Novellis-
932 750 2749 904 ten Arm, der auf der Decke lag, fiel
3982 713 5966 910 ten bei der Stunde der Anfang gemacht,
3628 772 3921 901 - omtb
919 895 2890 1052 ein silberblauer Strahl und von ihrer
3595 886 6070 1042 In der wir einander begegneten Maria und
913 1046 2927 1224 Stirn ging ein blasser, wie unirdischer
3964 1009 5941 1236 ich; vielmehr bef der, da wir einander
916 1202 2847 1362 Schimmer aus; sonst war alles dunkel
3552 1221 6027 1353 Schicksal wurde, ich und Marla im Gewirr
929 1399 2878 1593 im Raum. Und nun schreibe ich weiter
3718 1325 6082 1544 dahinschwebender Paare unter Flüten- und
932 1519 2995 1719 und will dir endlich erzählen, warum ich
3979 1525 5944 1691 Geigenklang. Doch war es trotz alledem
941 1670 3004 1910 entschlossen bin nach eigenem Ratschluss
3988 1639 6027 1830 keine sehr fröhliche Stunde; wenigstens
3659 1704 3887 1820 -- R.8
932 1823 2943 2057 zu sterben,und noch vor Maria, die nach
3979 1811 6079 1996 liess sie sich nicht so an; denn vorerst
3613 1820 3933 1993 tors les
929 1986 2903 2189 einem unerforschlichen dahingeht. Oder
3985 1962 5901 2165 wandelte an meinem Arm noch Fräulein
3718 1953 3921 2168 l'ab:
554 2079 710 2254 peu
944 2122 2934 2288 sollte das am Ende auf das Gleiche hi-
3982 2100 6033 2312 Syringe, ein Name, den du mit Recht etwas
1660 2232 2522 2383 Il neaauaih hui
474 2242 796 2445 Iadrey
3988 2251 5959 2448 heidnis ch und sonderbar finden wirst,
929 2322 1667 2454 nauslaufen -?
2257 2365 2500 2485 erste.
1740 2340 2045 2506 A.M.D.
710 2420 1018 2605 . redin
1307 2448 2955 2641 Aber wo beginne ich? Alswäre es
3979 2398 5947 2623 aber kann man sich anders nennen, wenn
3770 2466 3930 2586 ud
1916 2546 2211 2654 derende.
501 2555 753 2709 -hold
929 2580 2912 2758 so leicht zu sagen,wo eine Geschichte
3982 2577 6039 2789 man berufen ist auf dem Theater schwer¬
1953 2706 2263 2814 e.J.sewd
729 2703 904 2857 o i o :
947 2721 3004 2918 anfängt. Bei unserer Geburt -? Bei un-
3982 2715 5941 2921 mütige und interessante Frauen darzu-
950 2909 2924 3047 seren Eltern -? Unseren Grosseltern—?
3979 2881 5864 3081 stellen und bei der Taufe den Namen
3715 2921 3890 3044 ben:
738 3041 2823 3287 Bei Ahnen, von denen wir nichts wissen--?
3985 3026 5996 3296 Josefine erhalten hat7, und dem zufolge
1756 3161 2054 3272 peinster
941 3201 3014 3422 Urahnen, die im Dunkel der Vergangenheit
3988 3170 6104 3373 als Fräulein Papi durchs bürgerliche Le-
947 3386 2998 3521 verschwinden_? Es hätte seine Schwierig-
3994 3327 6009 3582 benwandeln musste. Trotzdem wir einan-
670 3496 889 3659 Wm.
962 3512 3014 3733 keit so weit auszuholen, als man eigent-
3998 3536 6061 3742 der zärtlich liebten, schon ein Viertel-
941 3675 2980 3878 lich müsste,- besonders, wenn einem die
