6536 4120
2615 377 2791 511 29
1956 398 2171 571 me
3386 412 3866 634 mod slet
4035 423 6068 631 in meinem kleinen Gätrchen herumführte,
599 539 2992 701 selbstabisher nicht geglaubt hat.
4045 585 6145 789 die Rosenstöcke waren in Stroh gebunden,
3474 592 3788 765 -llos
525 722 2918 881 te; -die Sache schien ihr keineswegs merk-
3457 733 4003 913 egst masei¬
4045 729 6096 937 auf dem Rasen Zerfloss der Schnee, unter
1061 803 1233 899 er de
444 832 2872 990 würdiger, weil sie sie nun an sich selbst
3580 899 3992 1096 ne bieis¬
4052 923 6114 1096 einem kahlen Jasminstrauch zeigten sich
687 955 2678 1184 menfahren hatte, xxx nesettauA nen
3700 1075 3985 1209 tisen
4045 1071 6071 1258 schon ein paar Vellchen. Später, nachdem
416 1163 2967 1307 Sie wunderte sich auch nicht, als ich
4056 1240 6191 1399 ich meine bescheidenen Kostbarkeiten hae-
3439 1219 3799 1395 a e 1 a 3 :
659 1328 2911 1498 schen an Tag darauf meinen Besuch wieder-
3439 1364 3954 1540 id ds Idos
4045 1381 6198 1554 te bewundern lassen, sassen wir eine Weile
599 1473 2756 1653 holte; und dass in der ersten Minute
3492 1505 3929 1698 ejdborav
4063 1508 6202 1688 im Arbeitszimmer am Kamin, in dem übrigens
733 1631 2865 1765 eines zufälligen Alleinseins unsere Lip¬
3527 1649 4021 1871 snej eib.
4070 1698 6152 1871 die Tagekascho eines Werks verglimmte,
620 1741 2981 1910 sich zu einem langen Kusse fanden,ergab
4073 1857 6244 2026 das ich erst vor ein paar Mochen begonnen
3534 1825 4028 2012 deliaauo
733 1913 2953 2072 sich ohne Vorsatz, ohne eigentliche Leiden-
4324 1963 4997 2097 an dien Morsion
1875 2023 2121 2111 Ceick.
4059 1973 6026 2192 und heute morgens, da es mir in seiner
726 2083 2942 2220 schaft, ja mit einem besiegelnden Ernst als
3538 2104 3936 2283 J to s W
4070 2118 6149 2305 frechen und kalten Lustigkeit mit einem
733 2199 2949 2350 die reinste und natürlichste Angelegenheit
3415 2319 6241 2460 Nale fremd, ja meines inneren zustandes im
726 2379 2953 2541 von der Welt. Von der Mutter erbat ich mir
4084 2438 4799 2558 eigentlichen
3517 2463 3795 2590 nabri
4077 2435 6128 2636 sinne unwürdig erschie nen war,
733 2527 2971 2696 die erlaubnis die Damen am nächsten Tag ab-
4088 2608 6223 2791 ins Feuer geworfen hatte. Maria schien mir
691 2685 2837 2805 holenazu dürfen um ihnen die paar Bilder
4095 2770 6068 2925 heute wunderbar verändert. Ihr dunkle,
722 2844 2791 2985 und Kunstgegenstände zu zeigen, die mir,
4084 2918 6188 3108 wie von Schwermut umwitterte Erscheinung
571 2981 2858 3182 zum Teil als Erbstücke von meinen Eltern
3978 3041 6237 3256 hatte sich aufgehellt, sie war gesprächig,
423 3140 2963 3309 her,zum andern als von mir salbst gesammelt
3880 3224 4362 3383 t x x x a x x
1032 3252 1434 3355 werke ihr
4102 3214 6128 3418 gon einer heiteren Bewegthelt, und gern
701 3259 2833 3474 einen anspruchslosen aber xxx Schmuck
4095 3348 6160 3538 liess sie sich mit ihrer Mutter zum Ab
701 3432 2928 3619 meiner Villa bedeuteten. Es war ein kühler
4105 3520 6255 3703 schluss des Besuchs durch alle Räume mei-
3513 3506 4091 3725 — i e t t i r a
701 3598 2900 3834 Vorfrühlingstag, als ich Mutter, und Tochter
433 3601 617 3746 dei
3429 3622 3629 3855 te
4119 3675 6198 3869 nes kleinen Hauses geleiten,in das sie
