3336 4088
2575 305 2710 569 20
681 529 2684 744 zu halten; einmal damit, dass ich kein Arzt
678 693 2842 868 bin und weitens damit, dass die Diagnose rich-
695 865 2917 1029 tig war). Sie weiss von ihrer Krankheit und von
687 1012 2776 1204 der Gefahr,die jede rasche Bewegung für sie
701 1141 2831 1325 zur Folge haben kann und hat mir trotzdem den
695 1322 2747 1512 erbetenen Tanz nicht verweigert, ja sich in
698 1443 2782 1658 diesem Tanze so völlig hingegeben. wie es nur
713 1624 2701 1805 ein Wesen tun kann, das plötzlich von einer
710 1756 2828 1957 unwiderstehlich heftigen Leidenschaft erfasst
704 1931 2963 2095 wurde. Sie wird mir auch ihre Hand nicht verwei-
718 2118 2879 2250 gern, selbst wenn die Mutter und die Aerzte das
704 2221 2969 2379 Heiraten widerraten oder gar untersagen sollten.
707 2397 2951 2566 Wir werden sehr glücklich sein...ein paar Jahre,
718 2563 2905 2730 vielleicht nur ein Jahr lang oder gar nur en
741 2698 2928 2888 paar Monate,und dann wird sie von mir scheiden.
721 2831 2854 3020 Ich aber werde zurückbleiben. allein, mit einem
730 2986 3035 3198 grosse Schmerz, mit dem ersten wahrhaften Schmer¬
721 3161 3006 3342 meines Lebens, den ich mir in dieser Stunde schon
733 3339 3038 3492 in seiner ganzen Furchtbarkeit vorzustellen fähig
