3288 4072
2474 336 2605 523 13
560 501 2867 710 Pepi die dämonischeste Syringe dargestellt hatte,
563 716 2839 868 die sich träumen liessen, blickten wir doch beide
554 884 2920 1005 auf diesem Balle nach anderen neuen Gesichtern und
563 1036 2745 1180 wohl auch, unbewusst natürlich, nach einem neuen
570 1170 2985 1326 echteren Glücke aus. So war mein Auge schon manchen
566 1341 2954 1488 blauen, braunen, bekannten, unbekannten in flüchtigem,
566 1457 2901 1618 fragendem, lockendem Gruss begegnet.-als plötzlich
566 1615 2997 1793 ein Blick sich in den meinen senkte, so dunkel leuch-
610 1827 2935 1948 tend und ernst, dass ich ihn noch immer in Aug und
566 1939 3069 2095 Sinn unverlöscht weitertrug, als schon die ganze Länge
570 2116 2957 2263 des Saals sich zwischen uns dehnte und tausend Men-
563 2269 2988 2400 schen,- nein, Schatten waren es - zwischen uns einher
570 2409 3063 2580 schwebten. Wo war Syringe? Meinem Arm entglitten, ohne
573 2549 2935 2727 dass ich es nur gemerkt hätte. Irgendwer hatte sie
563 2699 3050 2867 mir entführt, da tanzte sie schon mit ihm an mir vorü-
613 2913 3032 3056 ber und lachte mich spöttisch-vergnügt an; aber ihr
563 3022 2926 3159 Mund blieb halb offen und sie sah kostbar dumm er-
566 3178 2920 3340 schrocken aus, als ich ihr das Lächeln nicht einmal
563 3358 2941 3530 zurückgab, sondern an ihr vorbei, vielmehr durch sie
563 3498 2948 3657 hindurchsah wie durch ein Gespenst. Sie schüttelte
