3496 4200
2564 451 2694 638 18
698 596 2975 835 boten ist. Hätte ich geehnt, dass mein kluges Kind
705 829 2948 1022 imstande wäre, so unvorsichtig und ungehorsam zu
714 956 2779 1143 sein, nie hätte ich die Billets angenommen."
714 1073 2936 1279 Ma in lächelte: "Das hatte E duard zu sehr ver¬
729 1300 2997 1476 letzt." Und zu mir gewandt, erklärend: "Mein Vet-
729 1385 3021 1621 ter Eduard ist nämlich Mitglied, ja sogar Vizeprä-
735 1569 3057 1763 sident des Ballkomitess." Immer noch aass sie auf
738 1766 3045 1953 den Stufen, mit ihrem kleinen, weissen Fächer spie-
747 1893 2930 2080 lend, in einer wunderbar freien Haltung und das
747 2068 2891 2232 Lächeln blieb um ihren Mund. Die Mutter aber
753 2201 3184 2431 sprach erregt zu mir weiter: "Der Arzt, was sage ich,
765 2343 2948 2528 alle Aerzte haben es ihr verboten,-sie bekommt
768 2482 3193 2694 nämlich Herzklopfen durch jede rasche Bewegung. Wenn
762 2625 3057 2842 es auch nichts Ernstes zu bedenten hat,-man muss
768 2842 3045 3000 doch vorsichtig sein! Sie ist ja sonst ganz ver-
777 3000 3139 3169 nünftig. In den letzten Wochen waren wir drei oder
786 3151 3163 3290 viel Mal in Gesellschaften und nie fiel es ihr ein
789 3290 2984 3462 sich am Tanz zu beteiligen.“ - „Es war ja auch
783 3390 3160 3601 heute nur eine einzige Runde,Mutter“, sagte
780 3616 3084 3792 Maria,"und es soll auch die letzte gewesen sein.'
