3304 4024
2537 246 2671 435 48
559 410 2619 647 tigen Besitzergreifung verschuldet war. Aber
556 593 3002 799 gerade diese Erwägung, die mich retten sollte, stürzte
550 738 2914 966 mich in die hilfloseste Verzweiflung.Denn traf sie
577 896 2790 1158 zu, so war ich, so waren wir beide - Menschen
565 1064 2872 1301 wie andere auch und was uns zusammenknüpfte wurde
586 1206 2981 1416 ein Band,wie es schon zwischen Millionen von Paaren
590 1383 2893 1565 sich geschlungen, gelockert, gelöst hatte. War aber
586 1516 2993 1732 meine Liebe nicht etwas völlig Neues und Unerhörtes
596 1674 2938 1884 und musste demzufolge auch der Schmerz, der mir be-
605 1881 2890 2033 vorstand, schon von anderen Liebenden gefühlt wor-
611 2003 2945 2194 den sein, die ein geliebtes Wesen an den Tod verlo-
611 2112 2963 2343 ren,-so war auch meine hohe Sendung nichts als ein
623 2312 2969 2574 Spiel meiner Eitelkeit und Einbildung, ja, schlimmer
620 2480 2981 2644 als das, ein ausgeklügeltes Rechenexempel,das nicht
617 2583 3060 2805 mehr stimmen konnte, wenn es zur Probe kam. In dieser
626 2750 2911 2963 Erkenntnis oder in dem Geisteszustand, den ich da-
638 2923 2869 3124 für hielt, erschien ich mir so elend und schmach-
632 3075 2817 3261 bedeckt, dass sich mir nur eine mögliche Lösung
638 3230 2978 3428 darbot; und mein Auge richtete sich zu einem Fels-
650 3406 2872 3592 grat empor, von dem ein Absturz in die Tiefe den
