3352 4152
672 561 3016 726 Hand auf ihrer Stirne. Und obes nicht den triftig-
675 708 2905 909 sten Beweis gegen und in einem andern Sinn
660 843 2869 1014 für mich bedeutet, dass ich statt dessen beim
675 1017 2821 1161 Schein von zwei Kerzen einen Brief - oh, ist's
666 1182 2992 1315 möglich! an dich einen Brief verfasse, dessen Ein-
675 1345 3058 1462 leitung ich vielleicht nur darum so lang hinausdeh-
669 1477 2809 1648 ne.um für mein Geständnis Z eit zu gewinnen.
1044 1615 3046 1783 Welch ein merkwürdiger Zufall übrigens, der
681 1732 3049 1951 als den Arzt, um den ich nach Mailand sandte, gerade
687 1939 2929 2095 dieh an das Krankenbett meiner Geliebten führen
678 2104 2980 2251 musste. (Wir sind nämlich nicht verheiratet, mein
684 2239 2965 2398 Freund). Ich hatte nicht einmal nach einem deut-
690 2380 2926 2572 schen Arzt verlangt, aber der Apotheker des Orts
690 2557 2977 2752 hier dachte mir offenbar einen Gefallen damit zu
693 2719 3022 2872 erweisen, dass er mich an einen Landsmann wies. Und
696 2872 3082 3025 nun war es gar ein Schulkamerad, ein Jugendfreund! I
690 3037 2986 3229 man sah sich, nachdem man einander so gut wie ver-
696 3175 3106 3343 gessen. nach zehn Jahren zum ersten Mal wieder. Aber
696 3307 2845 3502 sag mir doch, mein Freund, warum magst du mich
696 3505 2932 3689 noch immer nicht leiden? - Ich kann dich leicht
