3400 4168
2587 327 2717 550 61.
726 663 2871 862 dargebracht wurde. Ich lösche mich aus,eh ich
718 822 2865 998 mich vollende. Darum habe ich mich entschlos-
741 1021 1340 1212 sen ###x - -
1103 1270 2943 1470 Hier bricht der Brief ab. Der deutsche,
749 1412 2923 1606 in Mailand praktizierende Arzt, in dessen Nach-
755 1554 2989 1774 lass er gefunden wurde, hat einige Zeilen beige-
755 1730 2859 1907 fügt, die seiner Absicht nach gewiss zugleich
764 1861 2876 2112 mit dem Manuscript der Veröffentlichung über-
773 2049 2497 2251 geben werden sollten. Hier sind sie:
1134 2228 2998 2379 Den beigeschlossenen Brief fand der Un-
787 2367 2995 2520 terzeichnete am Morgen des elften Oktober acht-
781 2520 2934 2761 zehnhundertsiebenundachtzig unbeendet auf dem
790 2685 2908 2850 Schreibtisch des Dichters liegen, der ihn ver-
1771 2795 2040 2920 Namen
168 2764 718 2955 S. 65 heißt es:
790 2830 3117 3021 fasst hat und dessen xxxx zu verschweigen ich für
272 2934 518 3082 1876.
793 2998 2940 3157 angemessen halte. Er hat in der Tat - was man
790 3148 2992 3313 nach dem Inhalt und mehr noch nach dem Ton des
796 3273 2761 3472 Brieffragments wirklich nicht ohneweiters
804 3438 3070 3658 schliessen könnte, seinem Leben durch einen wohl-
804 3646 3122 3797 gezielten Schuss in die Schläfe ein Ende gemacht.
