3320 4088
2191 287 2331 510 29
642 501 2985 690 oft in meinem Leben hatte ich böse, verbrecherische
633 684 2791 854 teuflische Einfülle und nicht minder edle und
642 848 2943 1015 opfervolle nach Dichter-und Narrenart ungehindert
642 952 3015 1140 ihre Bahn laufen lassen; es waren Spiele der Gedan-
636 1137 2955 1340 ken, für die ich mich, weder im Bösen noch im Guten,
636 1307 2331 1478 als verantwortlich empfinden konnte.
1191 1472 2937 1618 Wir betrachteten uns als verlobt, aber
654 1624 2988 1776 einigten uns dahin, dass jede Mitteilung an Freunde
660 1776 2901 1931 und Verwandte zu unterbleiben habe. Doch brachte
657 1892 2773 2078 ich bei der Mutter, der wir unseren Entschluss
654 2078 2904 2251 weder verschweigen konnten noch wollten,in aller
654 2236 2824 2391 Form meine Werbung an. Diese aber erklärte mir
666 2355 2952 2549 unter vier Augen, dass sie sich ausser Stande sehe
678 2537 2922 2686 ohne vorherige Rücksprache mit dem Hausarzt ihre
651 2663 2967 2845 Ein illigung zu ertellen. Zwar war ihr leicht an-
666 2824 3024 3033 zumerken,dass sie einen sovortellhaften Antrag,wie
663 3036 3066 3155 ihr der meine zu sein schien, lieber ohneweiters an-
681 3131 2997 3328 genommen und sich durch meine in aller Aufrichtig.
678 3328 2892 3478 keit vorgebrachte Meinung gern hätte überreden
666 3448 2985 3663 lassen. Mariae Zustand würde durch eine glückliche
