3384 4120
694 494 3017 742 ders ist als du? Habe ich nicht Grund zu befürch-
694 739 2934 876 ten, dass dich nach meinem voraussichtlich tragi-
697 885 2973 1057 schen Ende - wie du es in jedem Falle bezeichnen
688 989 2994 1215 wirst - eine flüchtige Empfindung des Bedauerns,
706 1138 2964 1320 ja der Reue überkommen - und dass ein halb unbe-
691 1343 3014 1469 wusstes Schuldgefühl dich eine Viertelstunde lang
697 1474 2976 1635 im Glauben an deine Vortrefflichkeit irre machen
697 1626 2973 1787 könnte? Ja, schreibe ich dir diesen Brief am Ende
697 1752 2836 1957 nur, um mit dem mir eigenen, durch die Nähe der
703 1942 2940 2103 grossen Stunde wahrscheinlich gesteigerten Edel-
694 2109 3089 2288 mut dir auch die geringfügigste peinliche Erregung
771 2237 3095 2437 t zu ersparen - und dir überdies die Genugtuung zu
1799 2377 2058 2481 nicht
769 2389 2895 2571 verschaffen, dass du - nach dem,was du bisher
757 2565 2955 2729 lasest, sondern nach dem, was du weiterhin lesen
757 2711 2931 2872 wirst,-den unwillkürliches G rauen vor mir ge-
757 2872 3032 3059 wissermassen als eine göttliche Bestätigung dei-
760 3014 2836 3208 nes inneren Ordnungssin es empfinden darfst.
1117 3172 3065 3378 Eben geht die Schwester, die schöne blinde
754 3327 3047 3533 die du uns oder vielmehr meiner Frau aus Mailand
751 3494 3077 3670 mitgebracht hast, durch mein Zimmer. Warum? Warum
