3288 4024
2613 240 2744 416 49
613 398 2971 604 einzig gerechten Abschluss meines Daseins bedeuten
610 574 2923 741 würde. Bin ich damals auch dieser Eingebung nicht
610 701 2801 898 gefolgt, so darf ich mich heute doch ihrer erin
604 862 2832 1044 nern, ohne, dass irgend jemand, auch du nicht.mein
613 1053 2835 1202 Freund, es wagen könnte an ihrer Unmittelbarkeit
610 1199 2826 1381 zu zweifeln. Denn was mich damals abhielt jener
613 1308 3047 1539 ersten Regung zu folgen, war keineswegs Feigheit,son-
607 1490 2971 1675 dern die sich sofort aufdrängende Ueberlegung,dass
598 1669 2774 1821 Maria sich einem furchtbaren Rätsel gegenüber
607 1775 3002 1967 sehen und dass der Versuch es zu lösen oder gar die
604 1970 2983 2121 Lösung selbst sie zu einer Pein ohnegleichen verur-
604 2088 2901 2270 teilen würde, deren Auferlegung durch mich von al-
598 2261 2856 2464 len meinen Verbrechen das unsühnbarste bedeutet
598 2437 2816 2577 hätte. Und mit dieser Einsicht nun war ich wie-
601 2580 2874 2747 der ein Mensch wie andere geworden, ein Liebender
595 2728 2898 2911 wie andere auch, dem Ewig-Alltäglichen verfallen;
589 2892 2786 3056 Hoffnungen und Aengste,die ich abgetan gewähnt,
592 3050 2895 3229 regten sich von neuem, die Ueberlegung, dass Aerzte
586 3217 2938 3381 sich irren, und dass auch der Florentiner nicht un-
589 3357 2999 3584 fehlbar gewesen war, bot sich vor allem dar; und als
