3304 4184
2727 327 2867 473 53
646 549 2873 818 nur, wie beiläufig, vor Eintritt der herbstlichen
658 757 2785 997 Witterung heimzureisen, da ja Leidende zuhause
655 921 2966 1119 immer am besten aufgehoben seien; aber meine Mit-
675 1040 2946 1257 teilungen über die Aeusserungen früherer Aerzte.
666 1201 3019 1400 meine Fragestellung,meine ganze Haltung veranlass-
681 1353 2978 1596 te ihn bald sich ohne alle Umschweife zu äussern.
687 1528 2773 1707 Immerhin versuchte er es noch mit dem matten
707 1678 3007 1862 Trost, dass es gerade bei dieser Art von Leidendes
701 1838 2847 2057 absolute Gewissheiten nicht gebe, und erklärte,
707 1987 2882 2209 dass er selbst, so wenig das eigentbich mit dem
719 2063 3060 2399 Wesen seines Berufs übereinstimme, von Jahr zu Jahr
716 2291 3063 2484 mehr an Wunder zu glauben gelernt habe. So töricht
731 2443 2902 2633 es erscheinen mag, an diese Bemerkung klammerte
736 2627 2952 2791 ich mich nicht wie an Trost, sondern fast wie auf
742 2762 2990 2960 ein Versprechen. Und da in der Tat einige ruhige
734 2928 2949 3153 Tage folgten,und Maria sich in dem geschwister-
745 3086 2958 3320 lichen Zusammenleben, zu dem ich mich nach einer
748 3235 2864 3443 leisen Mahnung des Professors hatte verstehen
751 3387 2928 3612 müssen, sichtlich erholte, glaubte ich mich mehr
754 3522 3104 3776 und mehr berechtigt, das Wunder einer völligen Hei-
