3512 4200
2537 367 2672 612 16
543 586 2763 825 Etliche Paare in unserer Nähe hielten im Tanzen
555 750 2954 944 inne, ein paar Herren und Damen im Logengang erhoben
565 897 2823 1117 sich, einer brachte ein Glas Wasser herbei, das er
565 1082 2832 1251 der Ohnmüchtigen vergeblich an die Lippen führte,
580 1214 2845 1386 Rufe nach einem Arzt wurden hörbar, aber ehe noch
590 1364 2848 1562 einer zur Stelle war, hatte sich durchs Gewühl in
583 1515 2754 1687 fliegender Eile eine Dame herangedrüngt, in der
586 1678 2907 1875 ich Marias Mutter erkannte. Ohne mich zu beachten,
586 1825 2838 2013 fasste sie mit beiden Händen nach dem Kopf ihrer
596 1982 2804 2173 Tochter, der immer noch auf meinem Arm ruhte, und
602 2120 2776 2330 flüsterte, wie um sich selbst zu beruhigen, aber
602 2271 2823 2471 doch im Kreise ringsum blickend: "Es hat nichts
612 2456 2867 2644 zu bedeuten.“ In dieser Sekunde schlug Maria die
615 2565 2650 2813 Augen wieder auf. Die Farbe kehrte in ihre
621 2779 3011 2979 Wangen zurück, sie sah um sich und es bedurf-
627 2932 2948 3092 te nur mehr einer wie bittenden Gebärde von Seite
640 3067 2970 3265 der Mutter, um die Umsteherden zu allmählicher Ent-
640 3212 3161 3409 fernung zu veranlassen. Maria sass nun ganz aufrecht,
646 3356 3105 3566 löste sanft die Hand der Mutter von ihren Wangen, lä-
