6552 4312
2716 462 2881 608 43
3923 511 6089 737 Anfälle sie in früherer Zeit nicht selten
650 585 2975 763 Arno sassen ganz unvermutet von einer schue-
3942 711 6005 899 überkommen hätten; ohne üble Folgen nach
669 744 1458 854 in eine völlige
669 757 2852 935 ren Bewusstlosigkeit kuf###nxxxxr.xx
3942 860 6241 1025 sich zu ziehen, zweifelte sie nicht, dass auch
4893 957 5685 1077 gleich jenen an den
369 944 2768 1090 Ich hätte sie für eine Schlafende halten
3935 1002 6105 1206 dieser spurlos vergehen würde, tie jene
488 1067 2865 1209 köhnen, hätten ihre Züge nicht jene furcht¬
3942 1167 6180 1332 andern vergangen waren. Ich gab ihrer Bitte
598 1229 2930 1355 -parie Blä be###ngenb###enhjd i###ni r'aoc###von dem
3948 1284 6254 1517 vorerst nach, ohne mirw Rechenschaft zu geben
598 1374 2826 1539 Bel l'abend' her 'in mahnender' Frinneung ver¬
3942 1465 6141 1688 warum, denn bis zu einem gewissen Grad war
614 1542 2875 1714 blieben war. Als sie auf mein wiederholtes
3948 1594 6102 1801 es stets in meinem Belieben gestanden,Ge-
543 1685 2904 1856 Anrufen die Augen aufschlug,behauptete sie,
3952 1749 6154 1921 danken, die mir aus irgend einem Grunde un-
605 1863 3001 1982 dass es nichts gewesen sei und sie sich schon
3952 1911 6209 2102 bequem waren, keine Macht über mich gewinnen
563 2018 2720 2157 wieder ganz wohl fühle. Am selben xxxend
3961 2076 6206 2244 zu lassen. Heute aber weiss ich, was ich da¬
352 2138 2920 2289 boe schoon warlsie imstähde mit mit einen kleinen
3948 2205 6164 2383 mals noch nicht wissen wollte, dass ich mir
656 2338 2927 2477 Spaziergang zu unternehmen, der 8te nicht im
3948 2390 6212 2555 kein swegs Marias Auffassung zu eigen mach-
521 2477 2768 2610 Geringsten ermüdete.Trotzdem wie derholte
3958 2551 6018 2703 te, sondern dass mir die Entwilllung der
647 2626 2975 2781 sich der Anfall am nächsten Tag zur gleichen
3974 2726 6115 2881 Dinge, wie sie sich in den Anfällen Marias
5132 2794 5756 2904 in e weintreferr
644 2787 2762 2930 Stunde. Sie blieb eine Minute bewusstlos,
3971 2855 6206 3030 neuerdings ankündigte, im tiefsten Sinne er-
656 2949 3001 3104 ihr Puls war kaum zu führen, nach dem Erwachen
3974 2994 6128 3166 wünscht sein mussten. Der Zustand aber,in
369 3082 2872 3224 Ansehre ihre Frarbe nicht gleich zünück, auch
3570 3040 3838 3321 f h. t.
3978 3127 6070 3347 dem ich Maria zwei Tage darauf antrafals
369 3243 2965 3383 das erwärtete Lächeln blieb auszusammen ihren
3974 3328 6164 3518 ich von einem meiner einsamen spaziergänge
401 3370 2862 3567 Auch war ein Ausdruck der Verlorenheit, der
3968 3492 6089 3648 heimkehrte, auf die ich auch damals nicht
501 3531 2910 3716 mir völlig neu war. Sie bat mich dringend
3984 3583 6138 3848 verzichten wollte und konnte, der Anblick,
501 3670 2949 3822 obigeinen Arztürden Räte zu zu ehen, denn da solche
1142 3838 2710 4049 teteans modfaH aanlefl med
550 3838 1054 4062 ma auchadore
