3288 4024
2541 230 2682 408 50
612 359 2874 560 ich, von meiner Wanderung zurückkehrend, Maria wie
614 537 2820 721 stets um diese Stunde auf einer Waldbank meiner
612 695 2739 910 harrend antraf, war ich nur mehr von dem einen
623 856 2866 1037 Gedanken erfüllt,alles aufzubieten,was in meiner
629 1011 2745 1177 und in anderer Menschen M Macht stünde, dass
620 1171 2093 1352 Maria am Leben erhalten bliebe.
1039 1332 2799 1502 Dass ihre Leiden im Laufe der letzten
640 1444 2742 1665 Wochen besondere Fortschritte gemacht hätten,
635 1619 2877 1818 war nicht anzunehmen, und jedenfalls nicht zu be-
635 1766 2943 1958 merken; es sei denn, dass wir beide uns an gewisse
632 1912 2932 2102 Mahnungen gewöhnt hatten, die öfters wiederkehrten
652 2073 2811 2254 und bei aller Bedrohlichkeit doch immer wieder
658 2240 2937 2443 einem scheinbar vollkommenen Wohlbefinden wichen.
646 2392 2768 2593 Maria nahm Mittel ein, die ihr der Florentiner
658 2538 2843 2728 Arzt verordnet hatte, sprach auch mit mir zuwei-
655 2679 2883 2891 len leichthin über ihre Krankheitserscheinungen
663 2845 2911 3089 deren Bedeutung sie nun doch wieder nicht zu ah-
660 3078 2788 3267 nen schien, so wie auch ich mich anstellte, als
660 3224 2866 3420 würde ich ihnen keinerlei Wichtigkeit beilegen.
660 3365 2797 3626 Nun aber konnte ich nicht anders als mit mehr
