3432 4136
572 723 2971 941 sen bin, noch ehe Maria, deren Tod du für morgen oder
575 884 2930 1118 für übermorgen mit solcher Sicherheit vorhergesagt
572 1067 2457 1254 hast.Zeit gefunden hat mir voranzugehen.
944 1190 3044 1358 Sie schläft, Dank deiner wundertätigen Mor
584 1383 2753 1541 phiumspritze, mein Freund, schläft sie ruhig und
584 1509 3034 1670 tief, und die Krankenschwester, die du selbst vor drei
587 1655 2993 1841 Tagen aus Mailand uns mitzubringen die Güte hattest
578 1790 2854 1977 wacht an ihrem Bette. Die Türe ist nur angelehnt,
581 2011 2993 2128 ich höre den ruhigen Atem der Schlafenden und spüre
584 2163 3069 2296 zugleich die Nähe der Andern, der Wachenden,Gesunden,
603 2292 2902 2447 Lebenden, obwohl sie sich nicht regt und ich nich
587 2419 3123 2605 einmal die Spitzen ihrer kleinen schwarzen Schuhe sehe
609 2583 2899 2750 (die für eine Krankenschwester auffallend elegant
625 2728 3044 2899 sind). Uebrigens h be ich seither die Gabe die Nähe
597 2870 3044 3056 von Menschen zu fühlen, mit denen sich eine seelische
587 3075 2813 3271 Verbindung angeknüpft hat. Ob ich die Schwester
581 3208 3038 3375 nicht ablösen sollte? Ob es mir nicht ziemte in die-
590 3369 2905 3571 ser Stunde in eigener Person und allein an Marias
578 3480 2965 3767 Lager zu weilen, ihre Hand in der meinen oder meine
