3320 4104
2708 493 2804 707 2
1197 833 2786 1020 Ueber dem See draussen liegt die
674 993 2906 1185 Nacht. Stumm, schwarz und fern ragen die Berge.-
680 1143 2870 1351 Lies nur weiter,meind Freund,es ist trotzalle-
677 1312 2774 1477 dem ein Brief, Am jenseitigen Ufer längs der
674 1465 2771 1643 Strandpromenade glitzern die Lichter, die ich
665 1607 2849 1742 nicht mehr werde verlöschen sehen. Oder doch-?
659 1754 2888 1911 Würde ich so gelassen, sogar mit einiger Sorgfalt
650 1935 2879 2097 meine Worte aneinanderreihen, wenn ich im Inner-
653 2088 2931 2293 sten davon überzeugt wäre, dass dieser Brief auch
644 2239 2843 2419 wirklich mein letzter, dass in ein paar Stunden
632 2395 2879 2560 wirklich alles für mich vorbei sein wird? Warum
626 2548 3000 2729 nicht? - Aber es ist immerhin beruhigend sich nicht
620 2699 3036 2894 verurteilt zu fühlen, sondern nur e n t-
623 2861 2894 3045 schlossen. Dass man etwas nicht muss,
611 3021 2885 3129 macht alles leichter, sogar das Sterben. Du ver-
617 3177 3012 3331 ziehst den Mund, mein Bester, aber du liesest weiter.
602 3316 2804 3520 Dass ich schon tot bin stimmt dich milder oder
599 3487 2858 3668 doch wenigstens neugierig. Ich aber frage dich
