3304 4088
2581 349 2714 496 40
672 484 2944 681 nicht, dass auch diese spurlos gleich jenen ande-
672 666 2947 822 ren vergehen würden. Ich gab ihrer Bitte vorerst
669 833 2964 995 nach, ohne mir Rechenschaft zu geben warum; denn
695 966 3008 1154 bis zu einem gewissen Grad war es stets in meinem
701 1125 2875 1309 Belieben gestanden, Gedanken, die mir aus irgend
704 1280 3008 1462 einem Grunde unbequem waren, keine Macht über mich
707 1439 2973 1612 gewinnen zu lassen. Heute aber weiss ich, was ich
707 1618 3011 1756 damals noch nicht wissen wollte, dass ich mir kei-
704 1750 3019 1938 neswegs Marias Auffassung zu eigen machte, sondern
756 1900 2985 2065 dass mir die Entwicklung der Dinge, wie sie sich
707 2039 2947 2272 in den Anfällen Marias neuerdings ankündigte, in
721 2206 2734 2379 einem tieferen Sinne erwünscht sein musste.
1171 2356 2990 2541 Der Zustand aber, in dem ich Maria zwei
730 2532 2982 2705 Tage darauf antraf, als ich von einem meiner ein-
735 2693 2918 2872 samen Spaziergänge heimkehrte, auf die ich auch
732 2846 2864 3002 damals nicht verzichten wollte und konnte,der
741 3011 2780 3163 Anblick, den sie, einer Toten ähnlich, auf dem
727 3143 2967 3331 Fussboden hingestreckt,meinem erschreckten Auge
741 3299 2921 3515 bot, wirkte so unmittelbar auf mich ein, dass es
747 3463 2913 3685 ihm gelang eine natürliche und menschliche Re-
1528 3645 1699 3781 arais
