3416 4136
695 493 2653 806 ten Lustigkeit mit einem Male fremd, ja mei
698 671 2960 934 inneren Zustandes im eigentlichen Sinne unwürdig
706 846 2872 1086 erschienen war, ins 7 Feuer geworfen hatte.
712 972 2741 1281 Maria schien mir heute wunderbar verändert.
724 1168 2846 1416 Ihre dunkle, wie von Schwermut unwitterte Er-
736 1322 2930 1559 scheinung hatte sich aufgeheilt, sie war gesprä-
753 1454 2831 1690 ohig, von einer heiteren Bewegtheit, und gern
753 1634 2860 1842 lies sie sich mit ihrer Mutter zum Abschluss
768 1740 2802 2008 des Besuchs durch alle Räume meines kleinen
768 1926 2995 2209 Hauses geläten, in das sie, woran weder sie noch
794 2075 3000 2329 ich mehr zweifeln konnten, bald als meine Gattin
806 2209 2930 2487 einziehen sollte. Im übrigen gelangte ich an
811 2390 3100 2644 diesem Tag zur Ueberzeugung, dass Marias Herzleide
823 2516 2986 2825 nicht so gefährlich war, als ich neulich unter
826 2685 3173 2951 dem Eindruck ihres Ohnmachtsanfalles mir eingebil-
835 2849 3006 3117 det und, man kann es wohl nicht anders sagen,ge¬
841 2989 3097 3266 hofft hatte. Doch vermochte ich nicht mir die Ge
855 3149 2942 3435 dankenfolge, die jener Unfall in mir ausgelöst
870 3304 2825 3608 so ungeheuerlich sie dir und vielen Andere
2166 3491 2650 3666 übel zu nehmen.
1789 3502 1964 3707 Gru
905 3546 1740 3791 scheinen dürfte. im
