3416 4088
718 619 3007 791 gung in mir auszulösen. Im Innersten erschüttert
697 755 2829 978 hob ich Maria vom Boden auf, trug sie ins Bett
718 951 2786 1144 und sandte nach dem bekanntesten Florentiner
718 1060 3031 1265 Arzt, den ich mir übrigens schon vor einigen Tagen
709 1211 3097 1473 vorsichtsweise hatte nennen lassen. Er erschien so-
700 1386 2967 1591 fort; die milde und doch eindringliche Art seiner
697 1543 3094 1706 Fragestellung veranlasste Maria zu Eingeständnissen
697 1712 3118 1884 zu denen ich selbst sie bisher noch niemals vermocht
685 1847 3046 2023 hatte und ich efuhr so, dass sie auch in den Pausen
682 1974 2940 2207 zwischen den Ohnmachtsanfällen manchen argen Be
679 2192 2862 2370 schwerden unterworfen war, die sie mir in einem
673 2303 3025 2487 Uebermasse von Liebe verborgen, und die ich, wie ich
652 2478 2880 2672 mir nun nicht länger verhehlen konnte, nur darum
652 2653 2919 2801 übersehen hatte, weil xxx ich sie hatte übergehen
649 2768 2765 2983 wollen. Der Arzt verordnete das Nötige und ri
634 2931 2747 3127 an Maria so freundliche, ja ermutigende Worte,
637 3109 2623 3275 ich nahe daran war mich von ihnen täuschen
634 3233 2017 3441 sen. Unter vier Augen aber äu=
628 3393 1573 3592 mit vollkommener Rück-
749 3562 1277 3749 ren, ein Ende
758 3701 1527 3897 Monaten. unausble
1624 3731 1745 3912 110
1854 3752 2068 3903 Linde
