3304 4056
2521 398 2662 557 14
698 545 3066 698 sich ein wenig, streckte ihren rechten Arm in einer
698 713 3066 892 widersinnigen Weise mit ausgespreizten Fingern von
701 857 3057 1037 sich ab, liess ihn dann sinken,mein Blick blieb un-
713 1010 2892 1163 ergründlich und wir kannten uns nicht mehr. So
707 1160 2904 1369 war Syringe endgültig abgetan, noch ehe ich ein
713 1311 2974 1502 Wort mit Maria gewechselt, ja ehe sich nach jenem
724 1467 2933 1652 ersten entscheidenden unsere Blicke noch einmal
722 1646 2989 1791 getroffen hatten. Ich suchte sie nicht im Saal
733 1776 3039 1985 und wartete nur ohne eigentliche Ungeduld auf das
722 1976 3042 2097 Unausbleibliche. Ruhig stand ich auf der obersten
730 2100 3045 2262 der drei Stufen, die rings um den Saal liefen, als
736 2241 2916 2412 ich Maria am Arm eines Herrn sich langsam mir
730 2400 3048 2606 nähern sah. Unsere Augen grüssten sich, ohne dass
733 2571 2945 2721 unsere Mienen sich bewegten. Da wir uns in Ge-
736 2712 2948 2871 sellschaftxx schon etliche Male begegnet waren,
724 2848 2998 3013 durfte ich ohneweiters an sie herantreten, um sie
789 3027 3022 3201 zu einem Tanz aufzufordern. Sie nickte,verliess
739 3166 2889 3354 mit schweigendem Gruss ihren Begleiter,und im
789 3351 3013 3505 nächsten Augenblick schwebte sie mit mir dahin.
742 3469 3072 3672 Mir war als hielte um eine Träumende, wenn nicht eine
