3320 4088
688 539 3106 732 was du dich selbst auch fragen dürftest - warum ich
1262 679 1492 782 denn ;
688 695 3071 910 diesen Brief gerade an dich richte, dem all das, was
692 850 3056 1028 ich bisher gesagt habe und noch sagen werde, ebenso
688 1015 3059 1193 Mwiderwärtig als im tiefsten Grunde unverständlich
685 1184 3131 1343 sein dürfte - sein muss? Warum nicht an eine dankba-
676 1343 3096 1517 rere, eine würdigere Adresse? An die Nachwelt - oder
679 1495 2947 1667 bescheidener gesprochen - an die Unbekannten, die
670 1601 2850 1794 diemals meine Feinde und niemals weine Freunde
676 1813 3124 1962 waren und daher in jedem Falle von Vorurteilen gegen
663 1975 3162 2143 mich frei sein werden? Sollte es etwa eine Art von Bus
663 2090 3046 2261 se sein, die ich mir und meiner Eitelkeit auferlege,
663 2268 3015 2461 indem ich diesen Brief - als Vermächtnis gewisser-
648 2414 2969 2607 massen - gerade dir hinterlasse, mit dem eines Ta-
654 2557 2810 2751 ges.eines sehr fernen Tages wollen wir hoffen,
635 2735 2878 2903 mein Geheimnis, die Geschichte meiner Schuld und
651 2888 2925 3040 Sühne, wie andere dir sympathischere Autoren sich
639 3025 2959 3205 ausdrückten dürften,endgiltig begraben sein wird?
1096 3162 2925 3402 Doch wie immer;- geschrieben
632 3296 2913 3517 soll es stehen; in Worte soll gefasst sein,warum
626 3504 3034 3726 ich sterbe, vielmehr, warum ich zu sterben entschlos-
