3240 4008
2589 412 2684 564 54.
755 558 2920 760 Gewisse Bemerkungen über die X rankenschwester
755 679 2732 898 zu Anfang seines Briefes werden zur Genüge
760 889 3018 1035 dadurch charakterisiert erscheinen, dass sie jun-
766 1035 2757 1164 ge Deme, aus einer guten Bresclaner Familie,
755 1144 2822 1321 schon damals im Stillen mit mir verlobt war,
755 1318 2970 1487 dass sie nun tatsächlich seit acht Jahren meine
763 1475 2937 1641 Gattin ist und mir drei Kinder geboren hat. Es
769 1652 2898 1790 entbehrt nicht des tragischen Humors, wenn ich
766 1815 2968 1941 noch aufzeichne, dass wir auf unserer Hochzeits-
769 1958 2968 2109 reise, die uns für einige Wochen nach meiner Va-
774 2098 2892 2238 terstadt Wien führte, Gelegenheit fanden, eines
771 2266 2895 2393 der von ihrem Verfasser selbst gar nicht übel
780 2443 2822 2564 gekeunzeichneten Theaterstücke zu sehen. Es
780 2564 2937 2740 dauerte lange, bis ich und besonders meine Frau
774 2715 2940 2878 sich von dem peinlichen Eindruck dieses Abends
780 2906 2898 3010 erholen konnten. So viel ich das von hier aus
769 3057 2760 3181 verfolgen kann, hat sich keine der Komödien
774 3167 2794 3316 auf den Bühnen zu erhalten vermocht. Es ist
794 3313 2836 3503 heute gerade zehn Jahre her, dass er sich er-
794 3450 3024 3655 schossen hat. Die Unsterblichkeit dauert manch-
