3304 4088
2605 265 2749 453 33
566 416 2752 585 zu der der Arzt nur andeutungsweise, vorsichtig
566 557 2737 754 einen Aufschub der Hochzeit bis zum Herbst als
560 754 2691 899 wünschenswert bezeichnet hatte, noch am selben
560 865 2965 1078 Abend eine fluchtartige Abreise, nach deren Gelingen
566 1019 2919 1216 die Mutter vor eine fertige Tatsache gestellt,ihre
557 1173 2906 1364 Einwilligung nicht länger würde verweigern können.
560 1336 2691 1552 Ohne Bedenken, ja voll Entzücken erklärte sich
2334 1481 2534 1579 Hehl
548 1484 2894 1641 Maria einverstanden. Sie machte kein xxxx aus ih-
554 1647 3029 1838 rer völligen Gleichgültigkeit gegenüber dem priester
551 1841 2780 1989 liehen Segen. Mit mir unlöslich verbunden, allen
539 1989 2937 2118 Menschen fern, je eher je lieber in die Welt hinaus-
551 2121 2771 2291 zureisen, war ihre einzige Sehnsucht, gegenüber
545 2263 2943 2472 der alle Rücksichten, auch die auf ihre zürtlich ge-
542 2426 2949 2595 liebte Mutter schweigen mussten. Diese so wenig wie
542 2589 2725 2752 irgend jemand anderer hätte ihr in den wonigen
539 2749 2906 2922 Tagen, die ich zu den Reisevorbereitungen benötigte
533 2872 2808 3079 nur die geringste Unruhe anmerken können, und ich
533 3033 2762 3233 selbst, in Verstellungskünsten gewiss nicht ganz
533 3183 2762 3414 ungeübt.musste staunen, wie harmlos-fröhlich sie
533 3356 2900 3519 die Mutter noch an dem Morgen des Tages zu umarmen
