3304 4056
2562 385 2688 518 17
650 515 2988 694 chelte zu ihr auf, sagte: "Mir ist wieder ganz wohl,
629 688 2732 818 Mutter" und dann, vollkommen beherrscht, ihren
644 832 2871 962 dunklen Blick auf mich heftend, richtete sie die
638 991 2921 1153 Worte, die ersten, seit wir einander zugehörten, an
629 1168 2950 1297 mich: "Habe ich Sie erschreckt?" Ich versicherte,
638 1321 2871 1459 dass das nicht der Fall gewesen sei und durfte
644 1462 2879 1600 es mit bestem Gewissen, denn tatsächlich war ich
638 1612 2915 1785 während des ganzen Vorfalls nicht nur vollkommen
638 1762 2944 1900 ruhig geblieben, sondern vielmehr mir einer gewis-
644 1938 2950 2115 sen, nicht unangenehmen Spannung bewusst geworden.
647 2088 2885 2250 Ich küsste der Mutter zu verspäteter Begrüssung
647 2232 2827 2427 die Hand und bat um die Erlaubnis die Damen an
653 2374 2688 2544 einen Tisch geleiten und ihnen Gesellschaft
644 2541 2824 2688 leisten zu dürfen, bis das Fräulein sich völlig
653 2700 2738 2877 erholt hätte und zu einem nächsten Tanz Lust
647 2879 2747 3012 verspürte. “Ich denke”. sagte die Mutter,”vom
1191 2968 1588 3062 wohl für
638 3024 2932 3177 Tanzen wird Maria heute genug haben" und wie neu
647 3168 3006 3347 eerdings zur Erkenntnis einer überstandenen Gefahr
641 3329 2859 3482 erwachend rief sie aus: “Was ist dir nur einge-
626 3494 2853 3680 fallen.Maria? Du weisst,wie strange es dir ver-
