<?xml version="1.0" encoding="UTF-8" standalone="yes"?>
<PcGts xmlns="http://schema.primaresearch.org/PAGE/gts/pagecontent/2013-07-15" xmlns:xsi="http://www.w3.org/2001/XMLSchema-instance" xsi:schemaLocation="http://schema.primaresearch.org/PAGE/gts/pagecontent/2013-07-15 http://schema.primaresearch.org/PAGE/gts/pagecontent/2013-07-15/pagecontent.xsd">
    <Metadata>
        <Creator>prov=READ-COOP:name=TrHtr:version=2.1.0:model_id=51170:date=15_08_2023_00:06</Creator>
        <Created>2023-05-10T14:56:57.093+02:00</Created>
        <LastChange>2023-08-15T00:06:24.648+02:00</LastChange>
        <TranskribusMetadata docId="1428693" pageId="55428752" pageNr="191" tsid="132831773" status="IN_PROGRESS" userId="64420" imgUrl="https://files.transkribus.eu/Get?id=CMHZBSHWNPJMGTHQOKDWGHCM&amp;fileType=view" xmlUrl="https://files.transkribus.eu/Get?id=SQLRTFMWSSILFAMPNOTHFRJQ" imageId="44702825"/>
    </Metadata>
    <Page imageFilename="1428693_0191.jpg" imageWidth="3336" imageHeight="4104">
        <ReadingOrder>
            <OrderedGroup id="ro_1711809157695" caption="Regions reading order">
                <RegionRefIndexed index="0" regionRef="tr_1"/>
                <RegionRefIndexed index="1" regionRef="tr_2"/>
            </OrderedGroup>
        </ReadingOrder>
        <TextRegion id="tr_1" custom="readingOrder {index:0;}">
            <Coords points="683,352 3005,352 3005,1615 683,1615"/>
            <TextLine id="tr_1_tl_1" custom="readingOrder {index:0;}">
                <Coords points="2481,430 2493,430 2508,416 2590,471 2619,471 2610,290 2578,296 2525,263 2499,260 2487,272 2473,272"/>
                <Baseline points="2495,402 2540,402 2584,405 2623,408"/>
                <TextEquiv>
                    <Unicode>21</Unicode>
                </TextEquiv>
            </TextLine>
            <TextLine id="tr_1_tl_2" custom="readingOrder {index:1;}">
                <Coords points="664,723 2950,696 2996,454 2259,576 670,527"/>
                <Baseline points="683,677 716,677 761,677 805,677 850,677 895,677 940,677 984,674 1029,674 1074,674 1119,674 1164,671 1208,671 1253,668 1298,665 1343,665 1387,662 1432,662 1477,662 1522,662 1566,665 1611,662 1656,659 1701,659 1746,659 1790,656 1835,656 1880,656 1925,653 1969,650 2014,650 2059,647 2104,650 2149,647 2193,647 2238,647 2283,644 2328,644 2372,641 2417,638 2462,638 2507,638 2551,638 2596,638 2641,635 2686,635 2731,635 2775,632 2820,632 2865,629 2910,626 2954,626 2999,626"/>
                <TextEquiv>
                    <Unicode>bin. Und dann erst, wen ich diesen Schmerz durch-</Unicode>
                </TextEquiv>
            </TextLine>
            <TextLine id="tr_1_tl_3" custom="readingOrder {index:2;}">
                <Coords points="670,854 2806,837 2836,702 673,740"/>
                <Baseline points="686,832 692,832 737,832 781,829 826,832 871,832 916,832 961,832 1005,829 1050,826 1095,823 1140,823 1184,820 1229,820 1274,820 1319,817 1364,817 1408,817 1453,817 1498,817 1543,817 1587,814 1632,814 1677,811 1722,811 1766,808 1811,808 1856,805 1901,805 1946,805 1990,805 2035,802 2080,802 2125,802 2169,802 2214,802 2259,802 2304,799 2348,799 2393,796 2438,796 2483,793 2528,793 2572,793 2617,793 2662,790 2707,790 2751,787 2796,787 2841,787"/>
                <TextEquiv>
                    <Unicode>fühle, werde ich der geworden sein, zu dem mich</Unicode>
                </TextEquiv>
            </TextLine>
            <TextLine id="tr_1_tl_4" custom="readingOrder {index:3;}">
                <Coords points="676,1021 2903,972 2999,849 679,922"/>
                <Baseline points="692,984 722,984 767,984 811,984 856,984 901,987 946,987 990,984 1035,981 1080,978 1125,978 1170,978 1214,976 1259,973 1304,973 1349,973 1393,973 1438,970 1483,970 1528,970 1572,970 1617,973 1662,967 1707,967 1752,964 1796,964 1841,964 1886,961 1931,961 1975,958 2020,958 2065,958 2110,955 2154,955 2199,955 2244,952 2289,952 2334,952 2378,949 2423,949 2468,949 2513,946 2557,946 2602,946 2647,943 2692,943 2736,943 2781,940 2826,940 2871,940 2916,937 2960,934 3005,934"/>
                <TextEquiv>
                    <Unicode>Gott geschaffen hat. (Neune mich nicht einen Got-</Unicode>
                </TextEquiv>
            </TextLine>
            <TextLine id="tr_1_tl_5" custom="readingOrder {index:4;}">
                <Coords points="685,1153 2581,1156 2882,1115 2885,1039 2119,983 1484,1059 1130,992 685,1074"/>
                <Baseline points="701,1143 740,1140 784,1140 829,1137 874,1140 919,1137 964,1137 1008,1137 1053,1134 1098,1134 1143,1134 1187,1134 1232,1137 1277,1131 1322,1128 1367,1128 1411,1128 1456,1125 1501,1125 1546,1125 1590,1128 1635,1125 1680,1122 1725,1119 1769,1119 1814,1116 1859,1116 1904,1116 1949,1113 1993,1116 2038,1113 2083,1110 2128,1113 2172,1110 2217,1110 2262,1107 2307,1107 2351,1107 2396,1107 2441,1107 2486,1104 2531,1104 2575,1104 2620,1104 2665,1104 2710,1101 2754,1098 2799,1098 2844,1095 2889,1095"/>
                <TextEquiv>
                    <Unicode>teslästerer, nie bin ich frommer gewesen als in</Unicode>
                </TextEquiv>
            </TextLine>
            <TextLine id="tr_1_tl_6" custom="readingOrder {index:5;}">
                <Coords points="699,1329 2838,1331 2871,1179 1285,1141 702,1217"/>
                <Baseline points="716,1304 725,1304 770,1298 814,1295 859,1295 904,1295 949,1292 993,1292 1038,1292 1083,1289 1128,1289 1172,1289 1217,1289 1262,1289 1307,1286 1352,1283 1396,1283 1441,1283 1486,1283 1531,1283 1575,1280 1620,1280 1665,1277 1710,1274 1755,1274 1799,1274 1844,1271 1889,1271 1934,1271 1978,1271 2023,1265 2068,1265 2113,1265 2157,1268 2202,1265 2247,1262 2292,1262 2337,1259 2381,1256 2426,1256 2471,1256 2516,1256 2560,1253 2605,1253 2650,1253 2695,1253 2739,1250 2784,1250 2829,1250 2874,1253"/>
                <TextEquiv>
                    <Unicode>jenem Augenblick). Dass ich den Schmerz bisher</Unicode>
                </TextEquiv>
            </TextLine>
            <TextLine id="tr_1_tl_7" custom="readingOrder {index:6;}">
                <Coords points="685,1469 2844,1484 2882,1317 688,1358"/>
                <Baseline points="704,1456 734,1450 779,1450 823,1447 868,1447 913,1450 958,1450 1002,1447 1047,1447 1092,1447 1137,1447 1181,1444 1226,1444 1271,1441 1316,1441 1361,1438 1405,1438 1450,1438 1495,1438 1540,1435 1584,1435 1629,1435 1674,1432 1719,1429 1763,1429 1808,1429 1853,1426 1898,1426 1943,1423 1987,1423 2032,1420 2077,1420 2122,1420 2166,1420 2211,1420 2256,1417 2301,1417 2345,1414 2390,1414 2435,1414 2480,1414 2525,1414 2569,1411 2614,1411 2659,1408 2704,1408 2748,1405 2793,1405 2838,1405 2883,1408"/>
                <TextEquiv>
                    <Unicode>nicht gekannt habe, das ist die Schwäche meines</Unicode>
                </TextEquiv>
            </TextLine>
            <TextLine id="tr_1_tl_8" custom="readingOrder {index:7;}">
                <Coords points="696,1615 2549,1612 2879,1577 2882,1472 699,1495"/>
                <Baseline points="713,1596 737,1599 781,1602 826,1602 871,1602 916,1602 961,1605 1005,1605 1050,1602 1095,1602 1140,1599 1184,1596 1229,1593 1274,1593 1319,1590 1364,1590 1408,1590 1453,1587 1498,1587 1543,1587 1587,1587 1632,1584 1677,1584 1722,1584 1766,1584 1811,1584 1856,1581 1901,1581 1946,1581 1990,1578 2035,1578 2080,1575 2125,1578 2169,1575 2214,1575 2259,1575 2304,1575 2348,1572 2393,1572 2438,1572 2483,1569 2528,1569 2572,1566 2617,1563 2662,1566 2707,1563 2751,1563 2796,1563 2841,1561 2886,1561"/>
                <TextEquiv>
                    <Unicode>Wesens.das Grundübel meiner Kunst. Darum fehlt</Unicode>
                </TextEquiv>
            </TextLine>
        </TextRegion>
        <TextRegion id="tr_2" custom="readingOrder {index:1;}">
            <Coords points="710,1669 3062,1669 3062,3481 710,3481"/>
            <TextLine id="tr_2_tl_1" custom="readingOrder {index:0;}">
                <Coords points="696,1776 2601,1779 2727,1744 2730,1627 1144,1636 699,1715"/>
                <Baseline points="713,1769 722,1766 767,1763 811,1760 856,1760 901,1763 946,1760 990,1760 1035,1760 1080,1758 1125,1758 1170,1755 1214,1755 1259,1752 1304,1752 1349,1749 1393,1749 1438,1749 1483,1746 1528,1743 1572,1743 1617,1743 1662,1740 1707,1740 1752,1740 1796,1740 1841,1737 1886,1737 1931,1737 1975,1734 2020,1734 2065,1734 2110,1734 2154,1734 2199,1734 2244,1731 2289,1731 2334,1731 2378,1734 2423,1728 2468,1728 2513,1728 2557,1725 2602,1725 2647,1722 2692,1722 2736,1719"/>
                <TextEquiv>
                    <Unicode>allem.was ich bisher versucht.allem,was mir</Unicode>
                </TextEquiv>
            </TextLine>
            <TextLine id="tr_2_tl_2" custom="readingOrder {index:1;}">
                <Coords points="694,1946 2780,1914 2780,1782 2648,1770 696,1832"/>
                <Baseline points="710,1910 728,1913 773,1916 817,1916 862,1916 907,1916 952,1916 996,1913 1041,1913 1086,1913 1131,1910 1175,1910 1220,1910 1265,1907 1310,1907 1355,1904 1399,1901 1444,1901 1489,1901 1534,1901 1578,1901 1623,1901 1668,1901 1713,1898 1758,1898 1802,1895 1847,1895 1892,1892 1937,1892 1981,1892 2026,1892 2071,1889 2116,1889 2160,1886 2205,1886 2250,1886 2295,1889 2340,1889 2384,1889 2429,1886 2474,1883 2519,1883 2563,1880 2608,1880 2653,1880 2698,1877 2742,1883 2787,1886"/>
                <TextEquiv>
                    <Unicode>bisher bis zu einem gewissen Grad gelungen,</Unicode>
                </TextEquiv>
            </TextLine>
            <TextLine id="tr_2_tl_3" custom="readingOrder {index:2;}">
                <Coords points="702,2122 2110,2045 2956,2089 2958,1920 705,1940"/>
                <Baseline points="719,2074 725,2071 770,2071 814,2071 859,2068 904,2068 949,2068 993,2068 1038,2065 1083,2065 1128,2065 1172,2062 1217,2062 1262,2062 1307,2059 1352,2059 1396,2056 1441,2056 1486,2056 1531,2053 1575,2053 1620,2053 1665,2053 1710,2053 1755,2053 1799,2050 1844,2050 1889,2050 1934,2047 1978,2044 2023,2044 2068,2044 2113,2041 2157,2041 2202,2038 2247,2041 2292,2038 2337,2038 2381,2038 2426,2038 2471,2035 2516,2035 2560,2035 2605,2035 2650,2032 2695,2032 2739,2029 2784,2029 2829,2029 2874,2029 2919,2035 2963,2041"/>
                <TextEquiv>
                    <Unicode>Leidenschaft und Tiefe. Darum ist alles so kühl,</Unicode>
                </TextEquiv>
            </TextLine>
            <TextLine id="tr_2_tl_4" custom="readingOrder {index:3;}">
                <Coords points="702,2233 2865,2206 2885,2081 1308,2168 887,2095 705,2157"/>
                <Baseline points="719,2226 743,2226 787,2229 832,2229 877,2229 922,2229 967,2226 1011,2223 1056,2223 1101,2223 1146,2223 1190,2220 1235,2217 1280,2217 1325,2217 1369,2214 1414,2211 1459,2211 1504,2211 1549,2208 1593,2208 1638,2208 1683,2205 1728,2205 1772,2205 1817,2202 1862,2202 1907,2202 1952,2202 1996,2199 2041,2199 2086,2193 2131,2193 2175,2193 2220,2190 2265,2190 2310,2190 2354,2190 2399,2190 2444,2190 2489,2193 2534,2190 2578,2190 2623,2190 2668,2187 2713,2184 2757,2181 2802,2181 2847,2178 2892,2178"/>
                <TextEquiv>
                    <Unicode>so glatt, so leer wie meine Feinde sagen. Aber</Unicode>
                </TextEquiv>
            </TextLine>
            <TextLine id="tr_2_tl_5" custom="readingOrder {index:4;}">
                <Coords points="705,2402 3023,2400 3061,2256 2651,2206 705,2321"/>
                <Baseline points="722,2381 734,2381 779,2378 823,2378 868,2378 913,2378 958,2375 1002,2375 1047,2372 1092,2372 1137,2372 1181,2372 1226,2369 1271,2369 1316,2369 1361,2369 1405,2366 1450,2363 1495,2363 1540,2363 1584,2360 1629,2360 1674,2360 1719,2360 1763,2363 1808,2360 1853,2354 1898,2351 1943,2351 1987,2351 2032,2351 2077,2351 2122,2348 2166,2348 2211,2348 2256,2348 2301,2348 2345,2345 2390,2345 2435,2345 2480,2345 2525,2345 2569,2345 2614,2343 2659,2340 2704,2340 2748,2337 2793,2337 2838,2334 2883,2334 2928,2334 2972,2334 3017,2343 3062,2345"/>
                <TextEquiv>
                    <Unicode>wer sind unsere Feinde? Die Recht gegen uns haben,</Unicode>
                </TextEquiv>
            </TextLine>
            <TextLine id="tr_2_tl_6" custom="readingOrder {index:5;}">
                <Coords points="699,2546 2724,2531 2797,2522 2800,2388 1261,2446 1007,2388 699,2467"/>
                <Baseline points="716,2537 746,2534 790,2537 835,2537 880,2537 925,2534 970,2534 1014,2534 1059,2528 1104,2528 1149,2528 1193,2525 1238,2525 1283,2525 1328,2522 1372,2522 1417,2522 1462,2522 1507,2522 1552,2519 1596,2519 1641,2516 1686,2516 1731,2516 1775,2516 1820,2516 1865,2513 1910,2510 1954,2510 1999,2507 2044,2507 2089,2507 2134,2507 2178,2504 2223,2504 2268,2501 2313,2501 2357,2501 2402,2498 2447,2498 2492,2498 2537,2495 2581,2498 2626,2495 2671,2492 2716,2489 2760,2489 2805,2489"/>
                <TextEquiv>
                    <Unicode>wen auch meist aus unlauteren Gründen.- Und</Unicode>
                </TextEquiv>
            </TextLine>
            <TextLine id="tr_2_tl_7" custom="readingOrder {index:6;}">
                <Coords points="699,2698 2862,2701 2941,2678 2944,2511 2326,2596 702,2558"/>
                <Baseline points="716,2692 755,2689 799,2689 844,2689 889,2689 934,2686 978,2689 1023,2686 1068,2686 1113,2686 1158,2686 1202,2683 1247,2683 1292,2683 1337,2680 1381,2680 1426,2680 1471,2680 1516,2677 1561,2674 1605,2671 1650,2671 1695,2671 1740,2668 1784,2668 1829,2668 1874,2665 1919,2665 1963,2665 2008,2665 2053,2662 2098,2662 2143,2662 2187,2659 2232,2656 2277,2656 2322,2656 2366,2653 2411,2653 2456,2653 2501,2653 2545,2653 2590,2653 2635,2653 2680,2650 2725,2650 2769,2653 2814,2656 2859,2650 2904,2647 2948,2644"/>
                <TextEquiv>
                    <Unicode>weil ich, bei aller Leichtigkeit und Begabung, so</Unicode>
                </TextEquiv>
            </TextLine>
            <TextLine id="tr_2_tl_8" custom="readingOrder {index:7;}">
                <Coords points="702,2891 2754,2853 2941,2827 2944,2695 705,2780"/>
                <Baseline points="719,2847 755,2847 799,2847 844,2844 889,2844 934,2844 978,2841 1023,2838 1068,2838 1113,2838 1158,2838 1202,2838 1247,2838 1292,2835 1337,2835 1381,2832 1426,2829 1471,2829 1516,2829 1561,2826 1605,2826 1650,2826 1695,2826 1740,2823 1784,2820 1829,2820 1874,2823 1919,2823 1963,2823 2008,2820 2053,2820 2098,2817 2143,2814 2187,2811 2232,2808 2277,2808 2322,2808 2366,2808 2411,2808 2456,2808 2501,2808 2545,2808 2590,2805 2635,2805 2680,2805 2725,2802 2769,2802 2814,2802 2859,2799 2904,2799 2948,2799"/>
                <TextEquiv>
                    <Unicode>kühl bleibe, daher entbehrt auch meine Laune, die</Unicode>
                </TextEquiv>
            </TextLine>
            <TextLine id="tr_2_tl_9" custom="readingOrder {index:8;}">
                <Coords points="708,3037 2900,3014 2994,2991 2999,2844 1946,2929 1738,2847 711,2888"/>
                <Baseline points="725,3002 767,3002 811,3002 856,2999 901,2999 946,2999 990,2996 1035,2996 1080,2996 1125,2993 1170,2993 1214,2993 1259,2990 1304,2987 1349,2990 1393,2987 1438,2987 1483,2987 1528,2984 1572,2981 1617,2981 1662,2978 1707,2978 1752,2978 1796,2978 1841,2978 1886,2978 1931,2981 1975,2981 2020,2981 2065,2981 2110,2978 2154,2975 2199,2972 2244,2969 2289,2966 2334,2966 2378,2966 2423,2966 2468,2963 2513,2963 2557,2960 2602,2957 2647,2957 2692,2957 2736,2957 2781,2957 2826,2954 2871,2954 2916,2954 2960,2954 3005,2954"/>
                <TextEquiv>
                    <Unicode>man mir sohl zugestehen mag. jener Heiterkeit des</Unicode>
                </TextEquiv>
            </TextLine>
            <TextLine id="tr_2_tl_10" custom="readingOrder {index:9;}">
                <Coords points="705,3154 2897,3172 2961,2985 708,3090"/>
                <Baseline points="722,3151 728,3151 773,3148 817,3148 862,3148 907,3151 952,3148 996,3151 1041,3151 1086,3151 1131,3148 1175,3145 1220,3145 1265,3142 1310,3142 1355,3139 1399,3139 1444,3139 1489,3139 1534,3139 1578,3136 1623,3136 1668,3133 1713,3133 1758,3133 1802,3133 1847,3130 1892,3127 1937,3127 1981,3127 2026,3127 2071,3127 2116,3127 2160,3125 2205,3122 2250,3122 2295,3119 2340,3119 2384,3119 2429,3119 2474,3119 2519,3119 2563,3116 2608,3116 2653,3116 2698,3113 2742,3113 2787,3110 2832,3110 2877,3110 2922,3110 2966,3110"/>
                <TextEquiv>
                    <Unicode>Herzens, die nur aus dem Leid erblicht. Erst wenn</Unicode>
                </TextEquiv>
            </TextLine>
            <TextLine id="tr_2_tl_11" custom="readingOrder {index:10;}">
                <Coords points="720,3313 2704,3327 2806,3280 2809,3131 723,3228"/>
                <Baseline points="737,3307 755,3313 799,3313 844,3310 889,3310 934,3307 978,3307 1023,3307 1068,3304 1113,3304 1158,3301 1202,3301 1247,3298 1292,3298 1337,3298 1381,3298 1426,3298 1471,3295 1516,3298 1561,3295 1605,3292 1650,3292 1695,3289 1740,3289 1784,3289 1829,3286 1874,3286 1919,3283 1963,3283 2008,3283 2053,3283 2098,3283 2143,3283 2187,3283 2232,3280 2277,3280 2322,3280 2366,3277 2411,3274 2456,3274 2501,3274 2545,3271 2590,3271 2635,3268 2680,3268 2725,3268 2769,3268 2814,3268"/>
                <TextEquiv>
                    <Unicode>ich mein Schicksal mit dem Marias verbunden</Unicode>
                </TextEquiv>
            </TextLine>
            <TextLine id="tr_2_tl_12" custom="readingOrder {index:11;}">
                <Coords points="711,3506 2809,3471 2871,3298 714,3359"/>
                <Baseline points="728,3471 770,3468 814,3468 859,3465 904,3465 949,3465 993,3462 1038,3459 1083,3459 1128,3459 1172,3456 1217,3456 1262,3459 1307,3459 1352,3456 1396,3456 1441,3456 1486,3453 1531,3450 1575,3450 1620,3447 1665,3447 1710,3447 1755,3447 1799,3447 1844,3444 1889,3444 1934,3444 1978,3444 2023,3441 2068,3441 2113,3444 2157,3444 2202,3441 2247,3441 2292,3438 2337,3435 2381,3435 2426,3435 2471,3432 2516,3432 2560,3432 2605,3432 2650,3432 2695,3432 2739,3435 2784,3432 2829,3429 2874,3432"/>
                <TextEquiv>
                    <Unicode>haben werde, in unserer Liebe, in ihrem Tod, in</Unicode>
                </TextEquiv>
            </TextLine>
        </TextRegion>
    </Page>
</PcGts>
