3288 4056
2418 393 2542 523 15
701 452 2893 658 traumlos Schlafende im Arm. Denn ihre Augen wa-
686 647 2856 831 ren geschlossen, und ihre Züge blieben ohne Re¬
681 825 2817 980 gung. Wir berührten einander kaum, auch ruhten
684 969 2859 1161 unsere Hände nur ganz lose ineinander, und doch
681 1107 2797 1314 wussten wir beide, schon in diesem Augenblick,
684 1285 2831 1444 dass unser Schicksal sich für alle Zeit ent-
678 1432 2941 1582 schieden hatte. Plötzlich sah ich, wie ihre Augen
675 1588 2783 1752 sich weit öffneten, ich spürte wie ihr Körper,
681 1754 2783 1904 der bisher gleichsam gewichtslos gewesen war,
675 1901 2907 2068 schwer und immer schwerer in meinem Arm lastete,
672 2088 2836 2212 so dass ich alle Mühe aufwenden musste ihn vor
670 2252 2845 2367 dem Hinsinken zu bewahren; in einer mir selbst
670 2359 2791 2531 unbegreiflichen Weise gelang es mir sie unter
667 2523 2814 2689 dem Anschein des Weitertanzens mit mir fortzu-
664 2672 2785 2845 ziehen, bis ich sie an den Rand des Saales ge-
658 2825 2831 3026 bracht hatte, wo mir nichts übrig blieb, als sie
661 2980 2882 3153 auf die Stufen niederzulassen und vorerst ihren
653 3124 2924 3319 Kopf zu stützen, indem ich meine Hand unter ihren
650 3294 2825 3503 Nacken legte. Sie war totenblass,die Lider ge-
703 3486 2819 3630 schlossen, sie schien völlig ohne Bewusstsein.
