3496 4200
2570 331 2689 565 22
763 540 2981 799 meinem Schmerz wird meine Sendung sich erfüllen
780 628 2962 953 können. So und nicht anders dachte ich, während
802 887 2884 1146 ich neben ihr sass, mit ihrem kleinen weissen
799 1030 2907 1295 Fächer spielte und mit den B licken an ihren
829 1163 2871 1438 blassen,leise bebenden Lippen hing, wie ich
829 1254 3019 1576 niemals an voleeren und glühenderen Lippen mit
854 1496 2978 1741 den meinen gehangen war. Ich liebte sie - sie
860 1645 2901 1893 war das erste Geschöpf. das ich liebte - und
873 1796 2912 2050 dachte an ihren.nein, ich rechnete mit ihrem
887 1917 3028 2182 Tod und liebte sie gerade darum noch tausend
876 2207 1347 2372 Mal mehr.
1229 2215 3168 2513 Und nun ist die Schwester wieder bei ihr.
926 2416 2997 2659 Ich weiss es, obwohl ich sie nicht kommen ge-
937 2573 3072 2838 hört oder gesehen habe. Sie hat vergeblich im
950 2738 3053 2956 Garten gewartet. W elch ein wunderbares Bild.
959 2882 3044 3132 Ich sehe es so deutlich, alsxxx wäre ich im
967 3019 3102 3287 Zimmer bei ihnen. Die blinde, schöne, ins Leben
986 3193 3069 3422 blühende Schwester regungslos auf dem Sessel
1008 3356 3152 3579 zu Häupten des Betts, in dem die dunkelhaarige,
