3224 3944
755 397 2897 653 Gewisse Bemerkungen über die K rankenschwester
752 584 2715 786 zu Anfang seines Briefes werden zur Genüge
752 728 2966 976 dadurch charakterisiert erscheinen, dass die jun
750 890 2723 1125 ge Dame, aus einer guten Brescianer Familie
758 1058 2792 1257 schon damals im Stillen mit mir verlobt war
769 1221 2968 1400 dass sie nun tatsächlich seit acht Jahren meine
763 1381 2944 1532 Gattin ist und mir drei Kinder geboren hat. Es
777 1538 2894 1706 entbehrt nicht des tragischen Humors, wenn ich
772 1676 2982 1891 noch aufzeichne, dass wir auf unserer Hochzeits-
769 1841 2977 2031 reise, die uns für einige Wochen nach meiner Va-
786 2001 2897 2169 terstadt Wien führte, Gelegenheit fanden, eines
786 2147 2897 2315 der von ihrem Verfasser selbst gar nicht übel
786 2307 2817 2489 gekennzeichneten Theaterstücke zu sehen. Es
791 2489 2957 2624 dauerte lange, bis ich und besonders meine Frau
791 2638 2957 2792 sich von dem peinlichen Eindruck dieses Abends
797 2792 2886 2924 erholen konnten. So viel ich das von hier aus
802 2908 2789 3120 verfolgen kann, hat sich keine der Komödien
799 3059 2831 3250 auf den Bühnen zu erhalten vermocht. Es ist
799 3233 2880 3390 heute gerade zehn Jahre her, dass er sich er-
824 3401 3040 3641 schossen hat. Die Unsterblichkeit dauert manch-
