3400 4200
617 495 2998 699 entfernten, umso mehrbschwand unser Beider Unrast, die
614 642 2819 855 sich allerdings erst von mir aus ihr mitgeteilt
617 808 2882 1024 hatte. Fast ohne Ruhepaase waren wir nach Neapel
639 984 2763 1184 gelangt, hier nahmen wir einen ersten kürzeren
642 1103 2863 1334 Aufenthalt, dann erst ging es nordwärts nach Rom
652 1231 3048 1460 und endlich nach Florenz, wo wir länger zu verweilen
673 1453 2938 1635 gedachten. Wunderbar war es mir nun mitzuerleben,
655 1560 3170 1782 wie Maria, anfangs in all ihrem Glück, doch noch völlig
664 1739 3064 1942 ungelöst. und in dem ihr eigentümlichen Ernst befan-
689 1883 3035 2111 gen, sich immer freier und heiterer zeigte, wie sich
673 2033 3154 2237 ihre Seele in jeder Weise hingab.dom Himmel, der Land-
683 2174 2957 2390 schaft, den Bildern, die wir sahen, den unbekannten
673 2321 2941 2566 Menschen.die uns begegneten.-wie sie fühig wurde
736 2525 2919 2722 vielerlei zu empfinden, wogegen sie sich früher
702 2697 2938 2898 verschlossen hatte.wahrzunehmen,woran sie früher
702 2822 3139 3032 achtlos vorbeigegangen war. Aber auch meiner eigenen
708 2982 3029 3226 Wandlung wohns ich mit einer Art von Neugier bei
714 3117 3089 3355 Die düster-grossartige Stimmung in der ich, ein Lie-
717 3267 3064 3502 bender und Mörder zugleich, die Reise angetreten,
733 3471 3001 3659 verschwebte mehr und mehr, und was sich von Scham
