3304 4040
590 478 2741 745 sie von mir gewohnt war; ja es würde sich wohl
590 661 2750 851 die Notwendigkeit ergeben etwas dergleichen zu
599 816 2759 1038 tun, denn, dass du es nur weisst,mein Freund, ich
602 958 2845 1178 bin nicht reich, nicht einmal wohlhabend bin ich;
614 1106 2862 1347 ich habe sehr über meine Verhältnissegelebt und
614 1234 2892 1477 hätte ich die Absicht weiter zu leben wie bisher,
644 1391 2871 1640 ja nur überhappt weiter zu existieren,so bliebe
623 1578 2874 1783 mir gar nichts anderes übrig, als mir meinen Le-
632 1753 2806 1952 bensunterhalt zu verdienen. Am Ende könnte man
632 1892 2969 2112 auch noch eine reiche Heirat machen. denkst du dir.
641 2056 2818 2293 Ich will nicht leugnen, dass mir auch das durch
661 2204 2785 2388 den Kopf ging in jenen Dämmertagen. Solch ein
656 2340 2919 2563 Mensch war ich damals. Kein Schurke, das wäre ein
709 2474 3055 2705 viel zu grosses Wort; nein, einfach ein Wicht,-leer
673 2631 3058 2889 ausgelöscht, seelenlos. Mein Gott, was machen wir al-
676 2797 2907 3040 les durch in unserem kurzen Dasein. Es ist ver-
2536 2862 3017 2996 Erinnerung
679 2963 3061 3162 wunderlich, glaube mir, dieser nur in der
691 3147 2907 3367 unheimliche Zustand, dann in seinem Wesen lag es
724 3278 2913 3485 ja, dass esmir selbst gar keinen Eindruck machte
718 3462 2916 3678 dauorte so lange, drei oder acht oder zehn Tage.
