3352 4104
2645 323 2782 486 22
809 455 3060 716 meinem Schmerz wird meine Sendung sich erfüllen
831 629 3004 876 können. So und nicht anders dachte ich, während
825 859 2931 977 ich neben ihr sass, mit ihrem kleinen weissen
823 983 2911 1154 Fächer spielte und mit den B licken an ihren
823 1120 2878 1317 blassen,leise bebenden Lippen hing, wie ich
817 1266 3004 1480 niemals an volteren und glühenderen Lippen mit
834 1409 2959 1600 den meinen gehangen war. Ich liebte sie - sie
825 1553 2872 1741 war das erste Geschöpf. das ich liebte - und
831 1741 2878 1901 dachte an ihren. nein, ich rechnete mit ihrem
831 1909 2968 2097 Tod und liebte sie gerade darum noch tausend
820 2086 1269 2215 Mal mehr.
1148 2210 3085 2364 Und nun ist die Schwester wieder bei ihn.
837 2386 2897 2527 Ich weiss es obwohl ich sie nicht kommen ge-
823 2504 2968 2687 hört oder gesehen habe. Sie hat vergeblich im
831 2642 2956 2836 Garten gewartet. W elch ein wunderbares Bild.
831 2824 2914 3010 Ich sehe es so deutlich, alsmxxxn wäre ich im
823 2984 2968 3153 Zimmer bei ihnen. Die blinde, schöne, ins Leben
828 3136 2920 3321 blühende Schwester regungslos auf dem Sessel
834 3302 2993 3484 zu Häupten des Betts, in dem die dunkelhanrige,
