3288 4088
2660 320 2783 478 25
798 472 2742 651 ausdrückte, hatte er der T ochter vererbt,
806 651 2927 842 die mir, während ich mit der Mutter plauderte,
798 836 3152 982 in einem dunkelblauen Samtfauteuil,ohne Hände oder
806 968 3009 1144 Arme aufzustützen, zuerst ganz schweigsam gegen-
798 1091 2938 1299 übersass. Erst später beteiligte sie sich am
815 1255 2774 1434 Gespräch und ihre erste Frage,da eben von
801 1381 2968 1592 meinem kleinen Besitztum die Rede war,lautete,
818 1554 2962 1739 ob ich selbst mich mit Gartenarbeiten beschäf-
815 1751 3032 1927 tige. Als ich bemerkte, dass ich es bisher nicht
812 1909 2982 2073 weiter gebracht, als bis zum Blumenpflücken und
821 2044 3035 2211 Obstschütteln,ging sie auf den schwachen Scherz
809 2217 2759 2361 nicht ein, vielmehr erzählte sie von ihrer
818 2361 3006 2548 Sommerwohnung in der Brühl, die sie alljährlich
815 2548 3062 2704 schon im Mai mit der Mutter beziehe,und bald er-
812 2660 3029 2842 fuhr ich, dass sie abgesehen von kleinen Ausflü-
815 2833 2894 2985 gen und von einem imvorigen Herbst auf einem
809 2965 2909 3152 niederösterreichischen Landsitz bei Freunden
821 3135 2994 3320 verbrachten äufenthalt sich in der weiten Welt
815 3284 2956 3466 kaum noch umgetan hatte. Als ich Miene machte
