3320 4024
2718 247 2830 418 46
772 486 2805 677 dem wir alle unweigerlich unterworfen sind.
724 649 2799 817 und das die übrigen in einem gewissen Sinne
733 797 2847 969 aufhebt.nämlich, dass jedem Seelenzustand nur
730 943 2771 1143 eine begrenzte Dauer gegönnt ist, über deren
747 1092 2518 1275 Ausmass unser Wille nicht entscheidet.
1157 1241 2771 1415 So lag ich eines Tages im hellsten
741 1373 2937 1581 Mittagssonnenschein, von herber Bergluft umweht,
1210 1522 1704 1617 Höhenwiese
755 1572 2866 1746 auf einer xxxx, als mir plötzlich war, wie
761 1715 2982 1903 wenn ich mich notwendig auf irgend etwas höchst
758 1800 2869 2055 Wichtiges besinnen müsste, doch trat diese Em-
775 2007 3024 2198 pfindung vorerst so unbestimmt auf, dass ich nach
766 2195 2810 2339 alltäglichen Erklärungen suchte,ob ich etwa
825 2347 2796 2507 vergessen hätte einen Brief zu beantworten
783 2496 2802 2653 oder eine Rechnung zu begleichen; bald aber
783 2636 3024 2813 spürte ich deutlich, dass mein Unbehagen auf tie-
778 2799 2895 3007 feren Ursachen beruhen musste, die nicht ohne-
789 2942 2883 3156 weiteres zu beheben waren. Da ich nun am Tag
789 3102 2982 3304 vorher zur selben Stunde bei gleichem Him-
783 3288 2855 3459 melslicht, vom gleichen Luftstrom umflossen,
803 3380 3057 3616 auf der gleichen Wiese gelegen war, vermochte ich
