3272 4008
2561 273 2696 436 56
620 457 2929 620 nur gegen sie, auch gegen mich war eine vollkomme-
623 614 2888 798 ne. Zuweilen liessen wir uns beide im Kahn übers
640 732 2748 925 Wasser treiben, ohne dass ich ein Ruder rührte
632 881 2774 1103 oder wir lagen in der kleinen Bucht des Paris
637 1037 2779 1266 unter dunkelnden Eichenschaften, hielten einan-
640 1223 2854 1393 der in der Art von Liebenden bei den Händen ge-
646 1332 2900 1533 fasst, doch war es nur mehr die Gebärde der Liebe
649 1516 2782 1703 und fast die einzige, die noch übrig geblieben
652 1674 2822 1869 war. Einander anzulächeln, schon dazu waren wir
660 1800 2949 2047 beide zu müd. Allmählich erst kam mir die klarere
658 2001 2957 2191 Erkenntnis wieder, doch ohne jede Gefühlsbetonung,
672 2133 2860 2303 dass Maria eine zum Tode Bestimmte sei; nun ja,
680 2277 2825 2478 sie würde sterben, hier im Ort begraben werden,
680 2446 2797 2642 vielleicht gar im Park und dann würde ich eben
672 2613 2837 2805 abreisen,vielleicht in meine Heimat, vielleicht
683 2736 2894 2949 anderswohin; nach einer gewissen Zeit würde ich
686 2934 2943 3104 auch wieder zu arbeiten anfangen,wie ich es auch
680 3087 2811 3245 nach anderen Trauerfällen, nach dem Tod meiner
678 3239 2851 3394 Mutter, einer Jugendgeliebten getan,-würde eine
686 3348 2866 3546 Komödie schreiben, kühl, glatt und frech, wie man
