3400 4184
746 639 2798 854 vermochte, da sie das Heim ihrer Kinderjahre
749 800 2888 1009 als wäre es zu einem Spaziergang.in Wirklich-
738 978 2965 1179 keit für gar lange Zeit, wenn nicht für immer,
757 1187 1636 1371 verlassen sollte.
1184 1275 2897 1453 Ich hatte Sorge getragenn, dass
769 1444 2962 1651 uns in den ersten Tagen keine Nachricht vom
763 1591 2945 1783 Hause erreichen konnte. Marias Briefe aber, die
777 1713 2959 1964 daheim erst eintrafen, wenn wir unseren Aufent-
774 1894 3018 2103 halt schon gewechselt hatten,waren von Anbeginn
794 2060 2874 2238 so unbefangen und bestimmt gehalten, dass die
780 2216 2840 2394 Mutter schon in dem ersten Antwortschreiben
800 2360 2928 2544 trotz des Versuchs Groll und Gekränktheit mer-
786 2496 2999 2730 ken zu lassen, ihre Befriedigung über das offen-
800 2671 2922 2866 bare Wohlbefinden und die ungetrübte Stimmung
743 2821 3016 3058 ihrer Tochter nicht zu verhehlen vermochte; und
800 2976 2928 3233 ihre wohlgemeinte, etwas schüchterne Anregung,
803 3120 2999 3349 ob wir unsere Reise nicht zum Zwecke einer bal
805 3312 2747 3524 digen.standesgemässen Trauung abkürzen od
811 3479 2838 3646 doch unter-brechen wollten, machte uns beide
2309 3592 2948 3782 von der Heimat
814 3657 2066 3889 nur lächeln. Je weiter wir
