6568 4248
4408 340 6165 606 und zwar so auffälliger Crem 40
2779 367 2941 548 39
3977 481 6276 713 flussen schien, dass ich mich manchmal fragen
488 572 2931 771 Wunderber wärnesdemir nun mitzuerlehen, wie
3967 697 6235 902 musste,ob der poktor, den die Mutter mir ins
562 760 3271 915 ben Maria, anfangs in will ihrem glück doch
4062 811 6131 1036 aus geschickt, ain Ignorant, ein beshafter
3681 892 3988 1067 registre
495 909 2975 1063 gäudnis ungelöst, und in dem ihr eigentüm-
3961 1023 6222 1181 Naar oder gar ein Eifersüchtiger gewesen
481 1084 3022 1238 alt blichen ernst befangen, sich immer freier und
3964 1147 6168 1343 wäre. Ich selbst aber fühlte mich für eine
3523 1174 3846 1417 aasb.n
579 1235 3069 1386 haiterer zeigte, wie sich ihre Seele'in jeder
3967 1272 6158 1511 Weile besser und reiner werden, Aller Ehr-
548 1390 2988 1524 Weise hingab, dem Himmel, der Landschaft, den
3974 1494 6081 1659 geiz meines Berufs, ja alle Eitelkeit des
3678 1494 3903 1672 <gap/>
690 1551 3062 1699 Bildern, Rankksazchen die wir sahen, den! unbe-
5058 1582 5212 1666 min
3974 1642 6215 1814 Menschentums schien damals von mir abzufal¬
649 1696 3062 1864 xxkanhten menschen, été uns begegneten, wie sie
3967 1800 6121 1945 len. Da zu sein, zu lieben, geliebt zu wer¬
636 1824 2938 2002 - de fähigswürde widerleijn zu empfinden, wegögen
3961 1932 6266 2103 den, die Welt zu geniessen, ohne den lächerli-
680 2002 3089 2181 sie ich freher vorücklössen, und schowähr zühehmen,
3971 2032 6178 2248 chen Wahn sie nachbilden zu müssen, mich an
508 2127 3082 2318 xxxa sinefrühertachtlos vorbeigegangen wäre.
3974 2244 6215 2423 dem zu freuen, was Grössere geschaffen,, ohne
747 2295 3069 2483 Aber auch xxx der eigenen Wändlung wöhnte ich
3967 2403 6222 2581 den neidvollen gram, dan wir Ehrgeiz nennen,
525 2430 2931 2645 mit einer Art von Neugier bei. Die düster
3604 2551 6266 2729 sich haar mir genug, mehr als genug.ward mir Selig-
764 2608 3018 2786 grobsartige Stimmung, in oder ich jemdLieben-
3876 2692 6138 2891 keit an sich. In jenen Tagen, so glaube ich
764 2779 2975 2951 der und Mörder zugleich, die Reise angetre-
3957 2837 6269 3042 heute, hätte ich irgend eine gute und opfer-
3627 2874 3813 3025 prov.
609 2917 2985 3113 ten, vorschwebte mehr und mehr, und was sich
3981 2958 6219 3153 volle Tat begehen können; mein Vermögen ei-
626 3076 2934 3214 neusen Schändederneuän Schüchtern! Iu nelner
3957 3156 6138 3325 nem Bettler schenken,mein Leben für einen
582 3257 3079 3399 -is Séclamèlden wollte, vonblaastä gegenüber der
5576 3254 5801 3358 Reine
2218 3345 2372 3436 over
3961 3321 6148 3486 Unbekannten aufs spiel setzen, doch war es
734 3365 3079 3580 Boglung könden Einätldung, dasso gerade den Loi-
3974 3412 6262 3661 vielleicht gut, wie du dir wohl denken magst,
565 3540 3089 3705 disudenschaft kiröhkort duysond pähöstehung du!Marias
3974 3607 6192 3860 dass das Sch icksal darauf verzichtete mich
1191 3671 2204 3853 erst zu überlegte
498 3698 1783 3917 geschloßen leiden in Können
2029 3651 2998 3887 récis zu beein.
