3288 4072
580 491 2953 750 fragen, denn ich bin ja schon tot, und du kannst mir
580 757 2995 862 noch leichter antworten, denn du bist lebendig. Aber
587 882 3014 1000 trotzdem hüte dich zu erwidern: es ist einfach Anti-
584 1071 2937 1164 pathie. Dergleichen feige Umschreibungen haben wir
587 1119 3161 1388 in diesem Augenblick beide nicht mehr nötig. Also, warum
580 1343 3017 1468 noch immer dein Hass? Du hast ja deinen Weg gemacht,
577 1507 2898 1686 hast erreicht, was du erreichen konntest, wolltest,
574 1667 3027 1776 une mehr beinah; du darfst von dir sagen, dass du mit
590 1844 3123 1943 eigener Kraft aus den armseligen Verhältnissen deiner
577 1956 3149 2107 Jugend binnen weniger Jahre zu einer höchst geachteten,
577 2139 2940 2264 gesicherteh Stellung emporgestiegen bist; dein Be-
577 2299 3014 2414 ruf, den du erwählt, den du als heilig empfindest, hei¬
574 2469 2975 2632 liger als jeden andern, wenn auch vielleicht mit Un-
580 2610 2982 2796 recht, befriedigt, ja, erfüllt dich ganz, -und verstehe
577 2757 3065 2860 ich deine Haltung richtig zu deuten, die ohne jede Ge-
580 2937 3056 3030 drücktheit scheint, dein Gebahren, das alle Schüchtern-
616 3088 3004 3187 heit abgestreift, so ist dir auch schon geworden, wo-
571 3232 2988 3344 nach du dich in jungen Jahren am heissesten und ach
574 3392 2927 3492 so vergeblich sehntest - das Glück dich an Frauen-
577 3553 3078 3678 zärtlichkeit erfreuen zu dürfen, ohne sie bar bezahlen
