6520 4392
2656 563 2821 697 61
981 662 1617 842 admissus.
1863 688 2043 813 :e: t:
270 665 772 914 d of the.
969 758 2850 900 Vor drei Wochen also bezogen wir die
1866 865 2426 972 ra bma!t eib
461 882 1051 1022 aaeil hedu?
801 923 2966 1057 herrliche Villa des Conte Bardi. (Trotzdem
1892 1025 2371 1120 doi ejnno
903 1045 1158 1149 nta
807 1077 2708 1210 bin ich nicht so reich, wie du daraus
1242 1190 2418 1274 möchtert oder
418 1149 583 1393 1o4
807 1228 2902 1393 schliessen könntest). Es lag wohl an dem
1422 1335 1843 1431 Kranter
792 1408 2963 1538 ausserordentlichen Luftunterschied,und an
813 1553 2972 1672 der sömmerlichen Schwüle und Schwere jener
813 1686 2720 1884 ersten Septembertage, dass ich in ein
807 1843 2818 1988 Hindämmern geriet, in dem ich mir keine
807 1994 2862 2154 Rechenschaft über mich und Menschen und
813 2151 2963 2307 Dinge äusser mir zu geben versuchte. Viel-
813 2287 2995 2458 licht täuscht mich die Erinnerung, aber mir
824 2464 2783 2595 ist, als hätten Maria und ich in jenen
816 2638 2908 2775 ersten Tagen unseres Aufenthaltes kaumje
842 2743 1051 2853 das
819 2743 2917 2908 ein Wort aneinander gerichtet. Wohl merkte
819 2943 2888 3065 ich, dass sie, ohne weitere beängstigende
819 3085 2873 3210 Erscheinungen immer schwächer wurde, ge-
819 3207 2792 3370 wissermassen dahinschwand. Aber meine
819 3349 2975 3544 Gleichgültigkeit nicht nur gegen sie, auch
836 3529 3004 3704 gegen mich war eine vollkommene. Zuweilen
842 3709 2963 3849 liessen wir uns beide im Kahn übers Was-
816 3866 3027 4093 ser treiben, ohne dass ich ein Ruder rühr -
5764 525 6142 714 des Park
3982 470 5521 702 te oderlagen in der kleinen Bur¬
3971 685 6017 874 unter dunkelnden Ei henschatten,hielten
3971 853 5965 1033 einander bei den Händen gefasst in der
3976 1010 6011 1158 Art von Liebenden, doch war es (wirklich)
3988 1170 6023 1329 nur mehr die Gebärde der Liebe und fast
3982 1318 6124 1466 die einzige, die noch übrig geblieben war.
3988 1434 5982 1625 Ein oder anzulächeln,schon dazu waren
3982 1614 5930 1794 wir beide zu müd. Allmählich erst
3982 1756 5985 1942 kam mir die klarere Erkenntnis wieder,
3994 1950 6136 2084 doch ohne jede Gefühlsbetonung,dass Maria
3997 2084 6040 2261 eine zum Tode Bestimmte sein nun ja, sie
3994 2206 6327 2403 würde hier sterben,man wüdde sie hier en On
4496 2357 4795 2470 coudin
4000 2366 5878 2624 begraben, vielleicht im Park und, wenn
4000 2566 6136 2714 das geschehen war, dann würde ich eben ab-
3997 2670 5785 2876 reisen,vielleicht in meine Heimat,
4005 2856 5695 3016 leicht anderswohin und es war es
4017 2990 5312 3190 teuer mehr gewesen, von de
4023 3141 5317 3332 überhaupt gar nicht Notiz
5663 3286 6017 3451 tet gew
4011 3291 5393 3498 da wir ja nicht einmal ver
4023 3437 6046 3634 sen waren. Und nach einer gewissen Zeit
4014 3619 6107 3794 würde ich auch wieder zu arbeiten anfan-
4943 3730 5790 3898 ogus! Da etre ab
