3304 4056
2593 261 2725 426 43.
579 465 2869 663 gewesen sein konnte und dass sie es wusste. Denn
591 612 2770 768 seit jenen beruhigenden Worten des Florentiner
591 750 2734 972 Arztes war sie sich über ihren Zustand völlig
591 909 2764 1125 k ar geworden, was ich untrüglich erkannte, ohne
603 1044 2812 1264 dass ich sie je gefragt oder sie es mir zuge-
600 1252 2863 1453 standen hätte. Und jetzt erst wurde es wahr, dass
591 1372 2920 1549 wir einander.-wurde es für mein Gefühl zum ersten
588 1558 2830 1756 Male wahr, dass überhaupt zwei menschliche Wesen
594 1681 3013 1879 einander wirklich anzugehören vermochten. Denn auch
597 1864 2953 2029 in den innigsten Verbindungen,bei vollkommener ge-
609 2026 2950 2188 genseitiger Treue,waltet in den Tiefen unseres We-
615 2173 2881 2356 sens der Drang von Frau zu Mann und Mann zu Frau
612 2317 2803 2527 unbeirrt nach ewigen Gesetzen weiter; ist auch
606 2467 2935 2638 nach weiteren Liebesmöglichkeite keine Sehnsucht
612 2617 2977 2806 vorhanden, ja graut es die innig Verbundenen selbst
615 2818 2962 2992 vor dem Spiel mit solchen Möglichkeiten;-das Wis-
615 2944 2845 3118 sen um sie, als von der Natur selbst gewollt, ist
615 3094 2890 3271 nicht fortzudeuten und xxtakt fortzudenken. Aber
663 3271 2899 3433 auch dieses bescheidenen unbewussten Masses von
627 3367 2989 3611 Freiheit hatten Maria und ich sich in diesen Tagen
630 3529 2920 3734 begeben. Wir waren etwas Unlöslèches, Unteilbares,
