3304 4056
2568 206 2714 424 43
579 352 2860 588 gewesen sein konnte und dass sie es wusste. Denn
579 561 2762 743 seit jenen beruhigenden Worten des Florentiner
585 728 2711 889 Arztes war sie sich über ihren Zustand völlig
585 871 2753 1059 klar geworden,was ich untrüglich erkannte, ohne
588 1038 2807 1229 dass ich sie je gefragt oder sie es mir zuge-
591 1196 2845 1399 standen hätte. Und jetzt erst wurde es wahr, dass
585 1327 2902 1509 wir einander.-wurde es für mein Gefühl zum ersten
573 1473 2827 1673 Male wahr, dass überhaupt zwei menschliche Wesen
591 1661 2985 1834 einander wirklich anzugehören vermochten. Denn auch
588 1810 2941 1968 in den innigsten Verbindungen,bei vollkommener ge-
591 1983 2941 2138 genseitiger Treue,waltet in den Tiefen unseres We-
596 2118 2857 2270 sens der Drang von Frau zu Mann und Mann zu Frau
594 2300 2792 2431 unbeirrt nach ewigen Gesetzen weiter; ist auch
588 2437 2908 2577 nach weiteren Liebesmöglichkeiten keine Sehnsucht
602 2592 2962 2753 vorhanden, ja graut es die innig Verbundenen selbst
596 2765 2941 2923 vor dem Spiel mit solchen Möglichkeiten; -das Wis-
605 2920 2830 3108 sen um sie, als von der Natur selbst gewollt, ist
605 3042 2878 3224 nicht fortzudeuten und fortzudenken. Aber
656 3176 2878 3361 auch dieses bescheidenen unbewussten Masses von
611 3361 2971 3597 Freiheit hatten Maria und ich sich in diesen Tagen
617 3522 2899 3725 begeben. Wir waren etwas Unlöslichos, Unteilbares
