3336 4120
2565 321 2693 505 31
572 460 2995 733 durchaus nicht gewachsen, und wer in Kenntnis dieses
569 694 2802 884 Umstandes sie dennoch zur Frau nehme, den könne
578 871 2992 1070 man von schwerster Gewissensschuld nicht frei spre-
598 1032 2854 1208 chen. Ich hörte ihn ruhig an und dankte ihm sehr
591 1138 3178 1366 höflich für seine Ratschläge, da ich aber seinen wieder
929 1302 1379 1401 Mahnungen
598 1330 2883 1514 holten xxxx gegenüber meine kühle Haltung
604 1465 2957 1690 beibehielt, empfahl er sich rascher als er offenbar
614 1626 2822 1822 beabsichtigt hatte und in einiger Verlegenheit.
607 1803 2838 1957 On mir aber war während der kurzen xxxx
617 1964 2928 2108 Unterredung, in der ich fast nur Zuhörer geblieb
662 2099 2899 2275 war, der Plan, den ich an jenem Ballabend gefasst,
614 2230 2851 2420 und either nicht etwa als einen unsinngen oder
630 2433 2905 2603 niederträchtigen, sondern vielmehr als einen nach
617 2571 2982 2725 Lage der Dinge glücklicherweise unanwendbaren ver-
636 2690 3059 2944 worfen hatte, von neuem aufgeleuchtet, und nun, da ich
630 2863 2947 3079 allein gelassen in meinem Zimmer auf und ab ging,
643 3021 3034 3239 ergriff er unwiderstehlich Besitz von meiner Seele.
633 3188 2979 3365 Mit Beschämung fast ward ich nun in e, dass ich in
643 3336 2976 3529 den vorhergegangenen Tagen nichts anderes gewesen
652 3497 2880 3741 war, als ein verliebter junger Mensch und meiner
