3400 4152
635 567 2935 791 ders ist als du? Habe ich nicht Grund zu befürch-
653 788 2870 927 ten, dass dich nach meinem voraussichtlich tragi
655 906 2920 1122 schen Ende - wie du es in jedem Falle bezeichnen
670 1092 2941 1270 - eine flüchtige Empfindung des Beiauerns,
676 1255 2899 1402 ja der Reue überkommen - und dass ein halb unbe-
670 1373 2976 1547 wusstes Schuldgefühl dich eine Viertelstunde lang
670 1529 2941 1695 im Glauben an deine Vortrefflichkeit irre machen
673 1692 2932 1863 könnte? Ja, schreibe ich dir diese Brief am Ende
682 1857 2811 2011 nur, um mit dem mir eigenen, durch die Nähe der
688 2008 2908 2203 grossen Stunde wahrscheinlich gesteigerten Edel
691 2179 3065 2338 mit dir auch die geringfügigste peinliche Erregung
759 2303 3059 2486 t zu ersparen - und dir überdies die Genugtuung zu
1774 2433 2043 2530 nicht
753 2471 2873 2640 verschaffen, dass du - nach dem,was du bisher
756 2648 2935 2820 lasest, sondern nach dem, was du weiterhin lesen
762 2823 2929 2955 wirst, -den unwillkürliches Grauen vor mir ge¬
759 2935 3000 3136 wissermassen als eine göttliche Bestätigung dei-
759 3088 2840 3304 nes inneren Ordnungssin es empfinden darfst.
1137 3227 3091 3416 Eben geht die Schwester, die schöne blinde,
765 3416 3035 3587 die du uns oder vielmehr meiner Frau aus Mailand
756 3549 3077 3773 mitgebracht hast, durch mein Zimmer. Warum? Warum
