3304 3976
2787 221 2891 356 55
753 392 2817 577 sie hat mich nicht gehört. Und Maria schläft
736 562 2894 748 tief, sehr tief. Du hast gut getan, mein Freund,
742 721 2900 900 aber du hättest mir auch sagen dürfen, dass sie
736 843 2900 1044 diesmal nicht mehr erwachen wird. Ich weiss es
742 999 2808 1220 und ich bin ruhig, denn ick bin entschlossen.
1106 1181 2808 1369 Vor drei Wochen also bezogen wir die
730 1331 2918 1519 herrliche Villa des Conte Bardi. (Trotzdem bin
730 1510 3008 1665 ich nicht so reich,wie du daraus schliessen können
736 1668 3071 1848 test). Es lag wohl an dem ausserordentlichen Luft-
736 1821 2960 1961 unterschied, und an der sommerlichen Schwüle und
733 1932 3098 2123 Schwere jener ersten Septembertage, dass ich in ein
721 2117 3125 2293 Hindämmern geriet, in dem ich mir keine Rechenschaft
721 2248 2855 2428 über mich und Menschen und Dinge, ausser mir
724 2392 2939 2595 zu geben versuchte. Vielleicht täuscht mich die
718 2577 2987 2754 Erinnerung,aber mir ist, als hätten Maria und ich
721 2748 2957 2900 in jenen ersten Tagen unseres Aufenthaltes kaum
745 2861 2858 3035 je das Wort aneinander gerichtet. Wohl merkte
724 3005 2942 3217 ich, dass sie, ohne weitere beängstigende Erschei
727 3172 2942 3346 nungen immer schwächer wurde, gewissermassen da-
724 3358 2894 3540 hinschwand. Aber meine Gleichgültigkeit nicht
