3352 4088
2507 387 2639 521 24
712 460 2826 677 eingezogen zu haben, denn sie zeigte sich über
700 641 2826 852 meine persönlichen V Verhältnisse auffallend
697 823 2832 990 gut unterrichtet.wesste, dass ich meine Eltern
697 961 2747 1151 schon vor vielen Jahren verloren, dass meine
700 1116 2826 1283 Schwester mit einem Fabrikanten in den Rhein-
706 1262 2955 1459 landen verheiratet sei, und dass ich für mich al-
709 1426 2867 1608 lein ein Häuschen in Hietzing bewohnte. Ueber-
706 1605 2791 1743 dies liess sie die T Titel von zweien oder
712 1725 1022 1813 dreien
712 1737 2929 1918 meiner Stücke, die sie gewiss nie gesehen
700 1895 2504 2097 hatte, in die Unterhaltung einfliessen.
1122 2030 2984 2243 An der Wand hing das nachgedunkelte Por-
712 2194 2920 2369 trätbildnis des Ministerialrates, ihres frühver-
700 2343 2841 2528 storbenen Mannes, ein jünglingshaftes, schmales
697 2522 2735 2700 bartloses Gesicht, das mich irgendwie an die
700 2653 2826 2832 Züge eines Offiziers aus den Freiheitskriegen
715 2820 2879 2984 erinnerte. Die überschatteten Augen, die schma-
703 2964 3058 3157 len Lippen, das scharfgeschnittene Kind, ganz beson-
694 3137 3022 3350 ders aber die wunderbar freie Haltung, in der sich
700 3268 2891 3488 eine unbedenkliche Leichtigkeit des Gebens und
703 3456 2973 3693 zugleich eine stolze Bereitschuft des Empfangens
