3336 4088
2645 269 2767 450 35
660 444 3101 628 entfernten, umso mehrbschwand unser Beider Unrast.die
663 597 2879 775 sich allerdings erst von mir aus ihr mitgeteilt
653 741 2917 935 hatte. Fast ohne Ruhepause waren wir nach Neapel
663 922 2789 1054 gelangt, hier nahmen wir einen ersten kürzeren
653 1072 2876 1235 Aufenthalt, dann erst ging es nordwärts nach Rom
660 1210 3048 1410 und endlich nach Florenz, wo wir länger zu verweilen
675 1376 2939 1535 gedachten. Wunderbar war es mir nun mitzuerleben,
657 1557 3170 1716 wie Maria,anfangs in all ihrem Glück, doch noch völlig
657 1723 3054 1863 ungelöst. und in dem ihr eigentümlichen Ernst befan-
660 1841 3017 1995 gen, sich immer freier und heiterer zeigte, wie sich
660 1982 3129 2157 ihre Seele in jeder Weise hingab, dem Himmel, der Land-
660 2166 2914 2320 schaft.den Bildern,die wir sahen,den unbekannten
650 2329 2914 2460 Menschen.die uns begegneten.-wie sie fähig wurde
697 2435 2861 2620 vielerlei zu empfinden.wogegen sie sich früher
657 2617 2904 2798 verschlossen hatte,wahrzuehmen,woran sie früher
650 2792 3089 2951 achtlos vorbeigegangen war. Aber auch meiner eigenen
650 2926 2995 3067 Wandlung wohnte ich mit einer Art von Neugier bei.
644 3073 3039 3229 Die düster-grossartige Stimmung,in der ich, ein Lie-
644 3248 2976 3401 bender und Mörder zugleich,die Reise angetreten,
647 3376 2920 3567 verschwebte mehr und mehr, und was sich von Scham
