6552 4120
2658 217 2816 389 19
803 367 2905 567 achten fasste sie mit beiden Händen nach
494 442 700 611 edelt
1711 458 2208 567 et a1 as1 m2
803 536 2950 653 dem Kopf ihrer Tochter, der immer noch auf
1978 619 2633 730 avec nebneslur
1472 614 1761 714 o.v.d.i.
792 683 3002 805 meinem Arm ruhte, und flüsterte, wie um sich
786 850 2847 1022 selbst zu beruhigen, aber doch im Kreise
789 1000 2811 1103 ringsum blickend: Es xxx hat nichts zu
431 1069 919 1183 -:sisusj-10
792 1125 2930 1275 bedeuten. In dieser Sekunde schlug Maria
778 1297 2936 1411 die Augen wieder auf. Die Farbe kehrte in
1303 1380 1486 1480 iedi
778 1461 2927 1558 ihre langen zurück, sie sah um sich und es
1164 1533 1450 1642 measl
761 1611 2919 1744 bedurfte nur mehr einer wie bittenden Ge-
761 1758 2997 1930 bärde von Seite der Mutter, um die Umstehen.
564 1841 1172 1958 -nejot isw e
761 1900 2858 2050 den zu allmählicher Entfernung zu veran¬
1875 2016 2055 2097 V.S.
2180 2008 2639 2105 eib. 3351.
750 2078 2955 2236 lassen. Maria sass nun ganz aufrecht,löste
767 2230 2986 2353 sanft die Hand der Mutter von ihren Wangen,
750 2308 2861 2564 lächelte zu ihr auf, sagte: Mir ist wieder
431 2447 655 2619 mede
755 2539 2905 2711 ganz Wohl, Mutter und dann, vollkommen be-
450 2594 675 2733 led
844 2680 2830 2789 herrscht, ihren dunklen Blick auf mi h
736 2833 2939 3027 heftend, richtete sie die Worte, die ersten,
1708 2919 1880 3019 elui
742 2927 2905 3091 seit wir einander zugehörten,an mich: „Ha¬
725 3152 2833 3258 be ich sie erschreckt?“ Ich versicherte,
972 3230 1222 3319 I am
1380 3239 2378 3308 du tell je men se
725 3308 2936 3489 dass es nicht geschehen war und durfte das
730 3461 2839 3561 mit bestem Gewissen, denn tatsächlich war
714 3586 2889 3777 ich während des ganzen Vorfalls nicht nur
5883 283 6036 425 20
3961 422 6183 589 vollkommen ruhig geblieben,sondern vielmehr
4372 558 5313 667 nicht unangenehmen
3955 611 6108 755 mir einer gewissen fremden Spannung be-
3961 750 6055 897 wusst geworden. Ich küsste  der Mutter
3955 917 6011 1064 zut verspäteten Begrüssung die Hand und
3950 1050 6027 1236 bat um die Erlaubnis die Damen an einen
3950 1236 6152 1367 Tisch geleiten und ihnen Gesellschaft lei¬
3944 1392 6105 1544 sten zu dürfen, bis das Fräulein sich völ¬
3950 1511 5963 1703 lig erholt hätte und zu einem nächsten
3944 1664 5933 1816 Tanz Lust verspürte. „Ich denke“,sagte
4772 1800 4955 1886 van
3955 1822 5883 1972 die Mutter, mit dem Tanzen wird Maria
4219 1941 4591 2061 for he is
3955 2019 6044 2164 wohl genug haben und wie neuerdings zur
3936 2147 6094 2316 Erkenntnis einer überstandenen Gefahr er
3936 2308 6155 2441 wachend rief- sie aus: „Was ist dir nur ein¬
3955 2394 6177 2591 gefallen, Maria du weisst, wie strenge es dir
3944 2636 6058 2764 verboten wir. Hätte ich gealhut,dass mein
5011 2719 5247 2808 mai
3950 2747 6036 2905 kluges Kind imstande ist so unvorsichtig
3936 2914 6055 3061 und ungehorsam zu sein, nie hätte ich die
3933 3052 5947 3241 Billets von Eduard angenommen.“ — „Was
5774 3127 6066 3264 cichte
3936 3183 6160 3339 fällt dir ein „Mutter“,eagte Maria,, das hät¬
4197 3319 4519 3427 Entiar
5838 3327 6149 3425 in un
5036 3319 5402 3425 verleht
3936 3408 6105 3541 te ihn gar zu sehr beleidigt? Und an mich
3936 3527 6102 3669 gewandt,erklärend: „Mein Vetter Eduard ist
3944 3722 6005 3839 nämlich Mitglied, ja sogar Vizepräsident
