<?xml version="1.0" encoding="UTF-8" standalone="yes"?>
<PcGts xmlns="http://schema.primaresearch.org/PAGE/gts/pagecontent/2013-07-15" xmlns:xsi="http://www.w3.org/2001/XMLSchema-instance" xsi:schemaLocation="http://schema.primaresearch.org/PAGE/gts/pagecontent/2013-07-15 http://schema.primaresearch.org/PAGE/gts/pagecontent/2013-07-15/pagecontent.xsd">
    <Metadata>
        <Creator>prov=READ-COOP:name=TrHtr:version=2.1.0:model_id=51170:date=15_08_2023_00:03</Creator>
        <Created>2023-05-10T14:56:38.487+02:00</Created>
        <LastChange>2023-08-15T00:03:53.674+02:00</LastChange>
        <TranskribusMetadata docId="1428693" pageId="55427954" pageNr="73" tsid="132831648" status="IN_PROGRESS" userId="64420" imgUrl="https://files.transkribus.eu/Get?id=MMFRXVRAUFWWVTZWCKEHWORM&amp;fileType=view" xmlUrl="https://files.transkribus.eu/Get?id=UJXKMDMSIIVMYRHXGJFKVHNE" imageId="44702027"/>
    </Metadata>
    <Page imageFilename="1428693_0073.jpg" imageWidth="3304" imageHeight="4072">
        <ReadingOrder>
            <OrderedGroup id="ro_1711808920380" caption="Regions reading order">
                <RegionRefIndexed index="0" regionRef="tr_1"/>
                <RegionRefIndexed index="1" regionRef="tr_2"/>
            </OrderedGroup>
        </ReadingOrder>
        <TextRegion id="tr_1" custom="readingOrder {index:0;}">
            <Coords points="773,400 2958,400 2958,1795 773,1795"/>
            <TextLine id="tr_1_tl_1" custom="readingOrder {index:0;}">
                <Coords points="2629,469 2682,477 2690,486 2695,480 2709,488 2723,480 2734,486 2753,483 2753,320 2709,331 2682,317 2665,326 2657,317 2629,312"/>
                <Baseline points="2645,450 2689,450 2734,450 2761,450"/>
                <TextEquiv>
                    <Unicode>34</Unicode>
                </TextEquiv>
            </TextLine>
            <TextLine id="tr_1_tl_2" custom="readingOrder {index:1;}">
                <Coords points="761,745 2822,772 2822,577 1989,643 1344,585 1225,648 990,577 761,635"/>
                <Baseline points="776,698 820,695 865,695 910,695 955,695 1000,695 1044,695 1089,695 1134,695 1179,695 1223,698 1268,698 1313,695 1358,698 1403,695 1447,695 1492,695 1537,695 1582,695 1627,692 1671,692 1716,692 1761,692 1806,689 1850,689 1895,689 1940,689 1985,692 2030,689 2074,689 2119,689 2164,689 2209,689 2253,692 2298,689 2343,689 2388,686 2433,686 2477,686 2522,686 2567,689 2612,686 2656,686 2701,686 2746,689 2791,692 2830,698"/>
                <TextEquiv>
                    <Unicode>vermochte, da sie das Heim ihrer Kinderjahre,</Unicode>
                </TextEquiv>
            </TextLine>
            <TextLine id="tr_1_tl_3" custom="readingOrder {index:2;}">
                <Coords points="772,894 2527,924 2869,891 2869,745 772,795"/>
                <Baseline points="788,856 817,853 862,853 907,853 952,853 997,850 1041,850 1086,850 1131,850 1176,850 1221,853 1265,850 1310,853 1355,853 1400,853 1444,853 1489,850 1534,850 1579,847 1624,847 1668,847 1713,847 1758,850 1803,850 1847,850 1892,850 1937,847 1982,847 2027,847 2071,847 2116,850 2161,853 2206,850 2250,850 2295,853 2340,850 2385,847 2430,844 2474,844 2519,844 2564,841 2609,841 2653,841 2698,838 2743,838 2788,838 2833,838 2877,838"/>
                <TextEquiv>
                    <Unicode>als wäre es zu einem Spaziergang, in Wirklich-</Unicode>
                </TextEquiv>
            </TextLine>
            <TextLine id="tr_1_tl_4" custom="readingOrder {index:3;}">
                <Coords points="761,1079 2458,1032 2637,1090 2952,1010 2952,924 761,938"/>
                <Baseline points="776,1009 820,1009 865,1006 910,1006 955,1006 1000,1009 1044,1006 1089,1006 1134,1006 1179,1009 1223,1009 1268,1009 1313,1009 1358,1009 1403,1009 1447,1006 1492,1006 1537,1006 1582,1009 1627,1012 1671,1012 1716,1009 1761,1006 1806,1006 1850,1003 1895,1003 1940,1003 1985,1003 2030,1000 2074,1000 2119,1000 2164,1000 2209,1003 2253,1003 2298,1003 2343,1000 2388,1000 2433,1000 2477,997 2522,997 2567,997 2612,997 2656,997 2701,1000 2746,997 2791,997 2836,997 2880,997 2925,1003 2958,1009"/>
                <TextEquiv>
                    <Unicode>keit für gar lange Zeit, wenn nicht für immer,</Unicode>
                </TextEquiv>
            </TextLine>
            <TextLine id="tr_1_tl_5" custom="readingOrder {index:4;}">
                <Coords points="759,1214 955,1250 1021,1214 1120,1233 1308,1189 1553,1225 1584,1214 1586,1112 1487,1098 1446,1059 1228,1117 1018,1068 971,1101 941,1079 897,1106 761,1092"/>
                <Baseline points="773,1164 785,1164 829,1161 874,1161 919,1161 964,1161 1009,1161 1053,1161 1098,1161 1143,1161 1188,1158 1232,1158 1277,1161 1322,1158 1367,1158 1412,1158 1456,1158 1501,1158 1546,1158 1591,1158"/>
                <TextEquiv>
                    <Unicode>verlassen sollte.</Unicode>
                </TextEquiv>
            </TextLine>
            <TextLine id="tr_1_tl_6" custom="readingOrder {index:5;}">
                <Coords points="1192,1407 1407,1330 1981,1407 2182,1349 2905,1388 2905,1239 2687,1211 1192,1236"/>
                <Baseline points="1206,1313 1212,1313 1256,1313 1301,1313 1346,1313 1391,1313 1435,1310 1480,1310 1525,1307 1570,1307 1615,1307 1659,1310 1704,1307 1749,1307 1794,1307 1838,1307 1883,1307 1928,1310 1973,1310 2018,1310 2062,1313 2107,1313 2152,1313 2197,1313 2241,1313 2286,1310 2331,1310 2376,1310 2421,1310 2465,1310 2510,1310 2555,1310 2600,1310 2645,1313 2689,1307 2734,1307 2779,1307 2824,1304 2868,1304 2913,1310"/>
                <TextEquiv>
                    <Unicode>Ich hatte Sorge getragen, dass</Unicode>
                </TextEquiv>
            </TextLine>
            <TextLine id="tr_1_tl_7" custom="readingOrder {index:6;}">
                <Coords points="761,1498 2850,1545 2946,1526 2946,1371 761,1404"/>
                <Baseline points="776,1474 803,1474 847,1471 892,1471 937,1471 982,1471 1026,1468 1071,1471 1116,1468 1161,1468 1206,1468 1250,1468 1295,1471 1340,1468 1385,1465 1429,1468 1474,1468 1519,1465 1564,1465 1609,1465 1653,1465 1698,1468 1743,1468 1788,1465 1832,1465 1877,1465 1922,1465 1967,1465 2012,1465 2056,1465 2101,1465 2146,1465 2191,1462 2236,1462 2280,1462 2325,1462 2370,1459 2415,1459 2459,1459 2504,1459 2549,1459 2594,1459 2639,1462 2683,1462 2728,1459 2773,1462 2818,1459 2862,1459 2907,1459 2952,1468"/>
                <TextEquiv>
                    <Unicode>uns in den ersten Tagen keine Nachricht vom</Unicode>
                </TextEquiv>
            </TextLine>
            <TextLine id="tr_1_tl_8" custom="readingOrder {index:7;}">
                <Coords points="770,1664 2008,1652 2367,1716 2453,1652 2922,1652 2924,1528 772,1567"/>
                <Baseline points="785,1629 823,1627 868,1627 913,1624 958,1624 1003,1621 1047,1621 1092,1624 1137,1624 1182,1624 1226,1624 1271,1624 1316,1621 1361,1621 1406,1621 1450,1624 1495,1624 1540,1624 1585,1624 1629,1621 1674,1621 1719,1621 1764,1621 1809,1621 1853,1624 1898,1624 1943,1621 1988,1621 2033,1621 2077,1621 2122,1621 2167,1621 2212,1621 2256,1618 2301,1618 2346,1618 2391,1615 2436,1615 2480,1615 2525,1618 2570,1618 2615,1615 2659,1618 2704,1618 2749,1618 2794,1618 2839,1618 2883,1615 2928,1615"/>
                <TextEquiv>
                    <Unicode>Hause erreichen konnte. Marias Briefe aber, die</Unicode>
                </TextEquiv>
            </TextLine>
            <TextLine id="tr_1_tl_9" custom="readingOrder {index:8;}">
                <Coords points="767,1821 2930,1840 2930,1697 2836,1677 767,1694"/>
                <Baseline points="782,1785 785,1785 829,1782 874,1779 919,1779 964,1776 1009,1779 1053,1779 1098,1779 1143,1779 1188,1776 1232,1779 1277,1776 1322,1779 1367,1776 1412,1776 1456,1776 1501,1776 1546,1776 1591,1776 1635,1776 1680,1776 1725,1776 1770,1776 1815,1776 1859,1773 1904,1776 1949,1776 1994,1773 2038,1773 2083,1773 2128,1773 2173,1773 2218,1773 2262,1773 2307,1773 2352,1770 2397,1770 2442,1770 2486,1770 2531,1770 2576,1773 2621,1770 2665,1770 2710,1770 2755,1770 2800,1767 2845,1767 2889,1764 2934,1764"/>
                <TextEquiv>
                    <Unicode>daheim erst eintrafen, wenn wir unseren Aufent-</Unicode>
                </TextEquiv>
            </TextLine>
        </TextRegion>
        <TextRegion id="tr_2" custom="readingOrder {index:1;}">
            <Coords points="767,1875 2985,1875 2985,3664 767,3664"/>
            <TextLine id="tr_2_tl_1" custom="readingOrder {index:0;}">
                <Coords points="764,1997 2952,2011 2982,1846 764,1859"/>
                <Baseline points="779,1940 791,1937 835,1934 880,1937 925,1934 970,1934 1015,1934 1059,1934 1104,1934 1149,1934 1194,1934 1238,1931 1283,1934 1328,1934 1373,1931 1418,1931 1462,1928 1507,1931 1552,1928 1597,1928 1641,1928 1686,1928 1731,1928 1776,1928 1821,1928 1865,1928 1910,1928 1955,1928 2000,1928 2044,1928 2089,1931 2134,1931 2179,1928 2224,1928 2268,1925 2313,1925 2358,1925 2403,1928 2447,1928 2492,1925 2537,1925 2582,1928 2627,1928 2671,1928 2716,1928 2761,1928 2806,1928 2850,1925 2895,1925 2940,1925 2985,1925"/>
                <TextEquiv>
                    <Unicode>halt schon gewechselt hatten,waren von Anbeginn</Unicode>
                </TextEquiv>
            </TextLine>
            <TextLine id="tr_2_tl_2" custom="readingOrder {index:1;}">
                <Coords points="772,2110 2458,2116 2637,2174 2839,2119 2842,2006 772,2030"/>
                <Baseline points="788,2095 826,2089 871,2089 916,2089 961,2086 1006,2086 1050,2086 1095,2086 1140,2086 1185,2086 1229,2086 1274,2086 1319,2086 1364,2086 1409,2086 1453,2086 1498,2086 1543,2083 1588,2083 1632,2083 1677,2080 1722,2083 1767,2083 1812,2083 1856,2080 1901,2080 1946,2080 1991,2083 2036,2083 2080,2083 2125,2083 2170,2083 2215,2083 2259,2080 2304,2080 2349,2080 2394,2080 2439,2083 2483,2083 2528,2080 2573,2080 2618,2080 2662,2080 2707,2080 2752,2077 2797,2077 2842,2080"/>
                <TextEquiv>
                    <Unicode>so unbefangen und bestimmt gehalten,dass die</Unicode>
                </TextEquiv>
            </TextLine>
            <TextLine id="tr_2_tl_3" custom="readingOrder {index:2;}">
                <Coords points="761,2290 2775,2301 2817,2130 761,2171"/>
                <Baseline points="776,2247 803,2241 847,2241 892,2239 937,2239 982,2239 1026,2239 1071,2241 1116,2241 1161,2239 1206,2239 1250,2241 1295,2241 1340,2241 1385,2241 1429,2241 1474,2239 1519,2239 1564,2239 1609,2239 1653,2239 1698,2239 1743,2239 1788,2236 1832,2239 1877,2239 1922,2239 1967,2239 2012,2239 2056,2239 2101,2239 2146,2236 2191,2236 2236,2236 2280,2236 2325,2236 2370,2236 2415,2236 2459,2236 2504,2236 2549,2233 2594,2233 2639,2233 2683,2236 2728,2236 2773,2236 2818,2236"/>
                <TextEquiv>
                    <Unicode>Mutter schon in dem ersten Antwortschreiben</Unicode>
                </TextEquiv>
            </TextLine>
            <TextLine id="tr_2_tl_4" custom="readingOrder {index:3;}">
                <Coords points="772,2464 2922,2425 2922,2315 2753,2284 1652,2353 772,2306"/>
                <Baseline points="788,2400 823,2397 868,2394 913,2397 958,2397 1003,2394 1047,2397 1092,2394 1137,2394 1182,2394 1226,2394 1271,2394 1316,2394 1361,2394 1406,2397 1450,2394 1495,2394 1540,2394 1585,2394 1629,2394 1674,2394 1719,2394 1764,2391 1809,2394 1853,2391 1898,2391 1943,2391 1988,2391 2033,2391 2077,2391 2122,2391 2167,2391 2212,2391 2256,2391 2301,2391 2346,2391 2391,2391 2436,2391 2480,2388 2525,2388 2570,2388 2615,2388 2659,2388 2704,2391 2749,2388 2794,2388 2839,2385 2883,2385 2928,2385"/>
                <TextEquiv>
                    <Unicode>trotz des Versuchs Groll und Gekränktheit mer-</Unicode>
                </TextEquiv>
            </TextLine>
            <TextLine id="tr_2_tl_5" custom="readingOrder {index:4;}">
                <Coords points="767,2604 2944,2582 2922,2464 767,2458"/>
                <Baseline points="782,2555 800,2555 844,2552 889,2552 934,2552 979,2552 1023,2552 1068,2552 1113,2552 1158,2552 1203,2552 1247,2549 1292,2552 1337,2552 1382,2552 1426,2552 1471,2549 1516,2549 1561,2549 1606,2546 1650,2546 1695,2549 1740,2546 1785,2549 1830,2546 1874,2546 1919,2546 1964,2546 2009,2549 2053,2549 2098,2549 2143,2549 2188,2549 2233,2549 2277,2549 2322,2546 2367,2543 2412,2546 2456,2546 2501,2546 2546,2546 2591,2546 2636,2546 2680,2546 2725,2543 2770,2546 2815,2543 2859,2543 2904,2543 2949,2546"/>
                <TextEquiv>
                    <Unicode>ken zu lassen,ihre Befriedigung über das offen-</Unicode>
                </TextEquiv>
            </TextLine>
            <TextLine id="tr_2_tl_6" custom="readingOrder {index:5;}">
                <Coords points="764,2748 2894,2781 2894,2632 2582,2593 764,2635"/>
                <Baseline points="779,2713 797,2710 841,2707 886,2707 931,2704 976,2704 1020,2704 1065,2704 1110,2704 1155,2704 1200,2704 1244,2704 1289,2704 1334,2704 1379,2704 1424,2704 1468,2704 1513,2704 1558,2704 1603,2704 1647,2704 1692,2704 1737,2701 1782,2704 1827,2701 1871,2701 1916,2701 1961,2701 2006,2704 2050,2704 2095,2704 2140,2704 2185,2704 2230,2701 2274,2701 2319,2701 2364,2698 2409,2698 2453,2698 2498,2698 2543,2698 2588,2698 2633,2698 2677,2701 2722,2701 2767,2701 2812,2704 2856,2707 2901,2710"/>
                <TextEquiv>
                    <Unicode>bare Wohlbefinden und die ungetrübte Stimmung</Unicode>
                </TextEquiv>
            </TextLine>
            <TextLine id="tr_2_tl_7" custom="readingOrder {index:6;}">
                <Coords points="764,2902 2792,2924 2968,2905 2968,2773 764,2792"/>
                <Baseline points="779,2862 823,2862 868,2862 913,2859 958,2862 1003,2862 1047,2862 1092,2862 1137,2862 1182,2862 1226,2862 1271,2862 1316,2859 1361,2859 1406,2859 1450,2859 1495,2859 1540,2859 1585,2859 1629,2859 1674,2859 1719,2856 1764,2856 1809,2856 1853,2856 1898,2859 1943,2856 1988,2856 2033,2859 2077,2856 2122,2856 2167,2856 2212,2856 2256,2856 2301,2856 2346,2856 2391,2856 2436,2856 2480,2859 2525,2856 2570,2856 2615,2853 2659,2853 2704,2856 2749,2859 2794,2859 2839,2859 2883,2859 2928,2856 2973,2853"/>
                <TextEquiv>
                    <Unicode>ihrer Tochter nicht zu verhehlen vermochte; und</Unicode>
                </TextEquiv>
            </TextLine>
            <TextLine id="tr_2_tl_8" custom="readingOrder {index:7;}">
                <Coords points="753,3043 2866,3095 2866,2919 753,2941"/>
                <Baseline points="767,3027 812,3021 856,3018 901,3018 946,3018 991,3018 1035,3018 1080,3021 1125,3018 1170,3018 1215,3021 1259,3021 1304,3018 1349,3018 1394,3018 1438,3018 1483,3018 1528,3018 1573,3018 1618,3018 1662,3015 1707,3015 1752,3018 1797,3015 1841,3018 1886,3015 1931,3015 1976,3015 2021,3015 2065,3015 2110,3015 2155,3015 2200,3015 2244,3012 2289,3012 2334,3012 2379,3012 2424,3015 2468,3012 2513,3012 2558,3012 2603,3012 2647,3015 2692,3015 2737,3018 2782,3018 2827,3021 2871,3027 2874,3027"/>
                <TextEquiv>
                    <Unicode>ihre wohlgemeinte, etwas schüchterne Anregung,</Unicode>
                </TextEquiv>
            </TextLine>
            <TextLine id="tr_2_tl_9" custom="readingOrder {index:8;}">
                <Coords points="770,3230 2946,3253 2946,3112 2745,3087 770,3101"/>
                <Baseline points="785,3176 803,3179 847,3179 892,3179 937,3176 982,3176 1026,3176 1071,3179 1116,3176 1161,3176 1206,3173 1250,3173 1295,3173 1340,3173 1385,3173 1429,3173 1474,3173 1519,3170 1564,3173 1609,3173 1653,3173 1698,3173 1743,3173 1788,3170 1832,3170 1877,3170 1922,3170 1967,3173 2012,3173 2056,3173 2101,3173 2146,3173 2191,3170 2236,3170 2280,3170 2325,3170 2370,3170 2415,3167 2459,3170 2504,3170 2549,3167 2594,3170 2639,3167 2683,3170 2728,3167 2773,3170 2818,3170 2862,3170 2907,3170 2952,3167"/>
                <TextEquiv>
                    <Unicode>ob wir unsere Reise nicht zum Zwecke einer bal-</Unicode>
                </TextEquiv>
            </TextLine>
            <TextLine id="tr_2_tl_10" custom="readingOrder {index:9;}">
                <Coords points="761,3366 2800,3382 2800,3244 2637,3225 2030,3272 1950,3208 1680,3283 761,3233"/>
                <Baseline points="776,3337 788,3334 832,3334 877,3334 922,3334 967,3334 1012,3334 1056,3334 1101,3334 1146,3331 1191,3331 1235,3331 1280,3331 1325,3328 1370,3328 1415,3328 1459,3328 1504,3328 1549,3325 1594,3328 1638,3325 1683,3325 1728,3325 1773,3325 1818,3328 1862,3328 1907,3328 1952,3328 1997,3328 2041,3328 2086,3328 2131,3328 2176,3331 2221,3328 2265,3328 2310,3325 2355,3325 2400,3325 2444,3325 2489,3325 2534,3328 2579,3328 2624,3325 2668,3325 2713,3325 2758,3325 2803,3328"/>
                <TextEquiv>
                    <Unicode>digen,standesgemässen Trauung abkürzen oder</Unicode>
                </TextEquiv>
            </TextLine>
            <TextLine id="tr_2_tl_11" custom="readingOrder {index:10;}">
                <Coords points="761,3542 2792,3567 2742,3393 761,3421"/>
                <Baseline points="776,3486 785,3489 829,3489 874,3489 919,3489 964,3489 1009,3489 1053,3489 1098,3489 1143,3486 1188,3486 1232,3486 1277,3486 1322,3486 1367,3486 1412,3486 1456,3486 1501,3486 1546,3483 1591,3483 1635,3483 1680,3483 1725,3483 1770,3483 1815,3486 1859,3486 1904,3486 1949,3483 1994,3486 2038,3489 2083,3486 2128,3486 2173,3486 2218,3483 2262,3483 2307,3483 2352,3483 2397,3483 2442,3483 2486,3480 2531,3483 2576,3483 2621,3480 2665,3480 2710,3483 2755,3480 2800,3483"/>
                <TextEquiv>
                    <Unicode>doch unter-brechen wollten, machte uns beide</Unicode>
                </TextEquiv>
            </TextLine>
            <TextLine id="tr_2_tl_12" custom="readingOrder {index:11;}">
                <Coords points="756,3683 2883,3653 2883,3573 2637,3551 1506,3551 1319,3611 756,3553"/>
                <Baseline points="770,3654 785,3654 829,3648 874,3651 919,3651 964,3648 1009,3648 1053,3648 1098,3648 1143,3645 1188,3645 1232,3648 1277,3648 1322,3648 1367,3648 1412,3648 1456,3645 1501,3645 1546,3645 1591,3642 1635,3642 1680,3642 1725,3642 1770,3642 1815,3645 1859,3645 1904,3642 1949,3645 1994,3645 2038,3645 2083,3642 2128,3642 2173,3645 2218,3645 2262,3645 2307,3642 2352,3642 2397,3645 2442,3645 2486,3642 2531,3642 2576,3642 2621,3642 2665,3645 2710,3645 2755,3642 2800,3642 2845,3639 2889,3642"/>
                <TextEquiv>
                    <Unicode>nur lächeln. Je weiter wir uns von der Heimat</Unicode>
                </TextEquiv>
            </TextLine>
        </TextRegion>
    </Page>
</PcGts>
