3304 4072
2730 376 2871 559 41
635 464 2962 684 gung in mir auszulösen. Im Innersten erschüttert
635 663 2779 837 hob ich Maria vom Boden auf, trug sie ins Bett
635 803 2724 986 und sandte nach dem bekanntesten Florentiner
641 959 2959 1124 Arzt, den ich mir übrigens schon vor einigen Tagen
641 1118 3038 1307 vorsichtsweise hatte nennen lasse. Er erschien so-
641 1276 2904 1441 fort;die milde und doch eindringliche Art seiner
638 1447 3063 1600 Fragestellung veranlasste Maria zu Eingeständnissen,
638 1600 3093 1777 zu denen ich selbst sie bisher noch niemals vermocht
641 1738 3005 1921 hatte, und ich efuhr so, dass sie auch in den Pausen
638 1918 2959 2080 zwischen den Ohnmachtsanfällen manchen argen Be-
657 2058 2837 2223 schwerden unterworden war, die sie mir in einem
638 2205 3002 2406 Uebermasse von Liebe verborgen,und die ich, wie ich
635 2354 2871 2519 mir nun nicht länger verhohlen konnte. nur darum
626 2525 2916 2706 übersehen hatte, weil ich sie hatte übersehende
638 2690 3054 2831 wollen. Der Arzt verordnete das vötige und richtete
635 2855 2953 3026 an Maria so freundliche, ja ermutigende Worte, dass
647 2990 2996 3145 ich nahe daran war mich von ihnen täuschen zu las-
644 3139 2871 3298 sen. Unter vier Augen aber äusserte er sich mir
632 3292 2990 3515 mit vollkommener Rückhaltlosigkeit. Maria war ver-
644 3454 3054 3671 loren, ein Ende, ob nun binnen weniger Tage oder erst
644 3603 3048 3848 in Monaten, unausbleiblich, Linderung konnte freilich
