3288 4072
2479 245 2611 473 11
713 494 2946 757 Schicksal versuchend, meinen Namen vor sich
707 695 2820 877 hin, in Sehnsucht und Angst zugleich, dass ich
721 847 3021 1030 ihn vernehme? Nun aber will ich nach Maria sehen.
1078 1015 2817 1206 Das Morphium wirkt wundervoll weiter.
695 1159 3054 1359 Maria schläft tief, ihr Atem geht ruhig wie vorher.
683 1317 3048 1425 Ueber ihrem nackten Arm, der auf der Decke lag, fiel
692 1392 2967 1533 ein silberblauer Strahl, und von ihrer Stirn ging
701 1512 2907 1709 ein blasser, wie unzidischer Schimmer aus; sonst
704 1751 2895 1889 war alles dunkel im Raum. Und nun schreibe ich
662 1919 2853 2036 weiter und will dir endlich erzählen, warum ich
674 2069 2910 2191 entschlossen bin nach eigenem Ratschluss zu ster-
674 2209 2964 2332 ben und noch vor Maria, die nach einem unerforsch-
677 2395 2802 2581 lichen dahingeht. Oder sollte das am Ende auf
674 2527 1970 2673 das Gleichehinauslaufen -?
1048 2640 3039 2817 Aber wo beginneich? Als wäre es so leicht
674 2841 2949 2979 zu sagen, wo eine Geschichte anfängt. Bei unserer
671 3009 3045 3114 Geburt-? Bei unseren Eltern-? Unseren Grosseltern—?
665 3108 2925 3296 Bei Ahnen, von denen wir nichts wissen-? Urahnen,
674 3338 3078 3446 die im fernsten Dunkel der Vergangenheit verschwin-
689 3479 2931 3655 den? Es hätte seine Schwierigkeit so weit auszu-
