3240 3992
2502 278 2600 448 63
726 428 2869 648 schiedsbriefes mit aller wünschenswerten Deut-
732 605 2791 761 lichkeit heraus. So dürfte man alles Weitere
729 758 2754 928 auf sich beruhen lassen, wenn nicht einzelne
740 900 2924 1099 Partien des Briefes dringend einer Richtigstel-
746 1062 2713 1267 lung bedürften. Die Verdächtigung, dass ich
740 1206 2765 1409 der Kranken eine zu starke Injektion verab-
740 1351 2869 1521 reicht und so ihr Leben leichtfertig verkürzt
743 1536 3066 1692 hätte, verdient freilich keine Erwiderung. Die ver-
746 1652 3002 1831 steckten Anwürfe gegen mich als einen neidischen
746 1819 2843 1981 Philister (ich setze die Worte, die der Brief-
749 1976 2994 2181 schrieber mit Mühe unterdrückt ohneweiteres her
752 2129 2959 2340 erledigen sich gleichfalls von selbst. Eine ge-
755 2288 2982 2488 wisse Antipathie gegen den Schreiber zu leugnen
758 2456 2884 2612 fällt mir umso weniger ein, als sie den Lesern
755 2603 2919 2757 seines Briefes nicht ganz ungerechtfertigt er-
769 2745 3072 2942 scheinen dürfte. Der Vollständigkeit halber führe
772 2869 2892 3107 ich ferner an, dass ich ein ziemlich reichlich
767 3052 3075 3248 bemessenes Honorar, das der Selbstmörder in einem
778 3240 2774 3399 versiegelten Couvert für mich hinterlassen,
821 3367 2736 3598 einem wohltätigen Zwecke zugeführt habe.
