3240 3992
666 405 2783 614 Er wurde in seinem Schreibtischsessel tot ge-
686 585 2630 776 funden, die Pistole noch krampfhaft in der
686 704 2769 895 Hand. Dass er den B rief nicht abgeschlossen
689 878 2757 1040 ist jedenfalls so zu erklären, dass er plötz-
704 1002 2885 1199 lich von der Schwester ins Nebenzimmer gerufen
704 1182 2775 1376 wurde, wo er seine Geliebte bewusstlos,in den
707 1315 2682 1538 letzten Zügen fand. Er wartete,wie mir die
704 1460 2911 1645 Schwester damals selbst erzählt hat xxx nicht so
712 1631 2830 1799 lange, bis der übrigens völlig schmerzlose To-
707 1796 2943 1943 deskampf beendet war, sondern begab sich in sein
701 1940 2844 2100 Zimmer zurück, wo er es für geraten hielt, sich
704 2123 2798 2268 mögl ichst rasch ins Jenseits zu befördern, um
721 2247 2798 2418 nicht doch am Ende genötigt zu sein das
733 2398 3056 2592 versprochene Wunderwerk zu schaffen,-wozu er übri-
762 2575 2795 2775 gens, wie nach der Lektüre des Briefes wohl
718 2699 2798 2888 niemand zweifeln wird,völlig unfähig gewesen
730 2882 3001 3050 wäre. Denn ohne wahre Sittlichkeit,man mag sagen
733 3041 2943 3218 was man wolle, gibt es kein Genie und dass es an
747 3168 2943 3339 jener dem nicht unbegabten Poeten durchaus ge-
724 3363 2804 3574 mangelt, liest man aus jeder Zeile seines Ab-
