3304 4040
2732 254 2854 448 45
643 475 2944 675 früher wohl geshnt, nun aber in seiner ganzen Not-
649 646 2914 804 wendigkeit erkannt hatte, das werk. So banghte
643 804 2914 965 ich dann auch nicht um Maria, denn wenn auch die
646 932 2872 1118 Menschen im allgemeinen so beschaffen sind, dass
661 1103 2998 1252 sie etwas wünschen und doch zugleich davor zu zit-
666 1234 2932 1402 tern vermögen,- meine Gefasstheit,mein Wissen um
664 1396 3016 1569 das, was kommen würde, was zommen müsste, ging ebenso
669 1551 2965 1742 weit über das hinaus, was man sonst Hoffnung oder
672 1725 2929 1892 Angst nennen darf, als meine anderen Empfindungen
666 1850 2923 2044 über das hinausgingen, was die Menschen sonst als
669 2005 2911 2203 Liebe und Schmerz zu bezeichnen pflegen. Ebenso
720 2200 2893 2328 töricht wäre es zu fragen, ob ich mich damals
675 2355 2824 2499 glücklich oder unglücklich fühlte ;- mit allem,
672 2472 3025 2660 was je in meiner Seele, ja was meinem Vorstellungs-
675 2666 3081 2800 vermögen und meinen Erfahrungen nach je in Menschen
678 2809 2893 2974 seelen vorgegangen war, hatte,wie ich heute noch
687 2965 2803 3126 beschwören kann,meinen Zustand in jenen Tagen
675 3081 2983 3258 nicht das Geringste gemein. Nur durch ein Ge-
678 3264 2860 3440 setz sollte ich noch im allgemein Menschlichen
681 3389 2914 3613 verwurzelt bleiben, durch jenes einzige zugleich
