3432 4136
2494 492 2643 631 14
681 655 3066 830 sich ein wenig, streckte ihren rechten Arm in einer
681 815 3060 972 widersinnigen Weise mit ausgespreizten Fingern von
678 989 3051 1135 sich ab, liess ihn dann sinken, mein Blick blieb un-
684 1114 2880 1318 ergründlich und wir kannten uns nicht mehr. Se
684 1292 2894 1443 war Syringe endgültig abgetan, noch ehe ich ein
690 1434 2977 1576 Wort mit Maria gewechselt, ja ehe sich nach jenem
699 1609 2915 1757 ersten entscheidenden unsere Blicke noch einmal
702 1748 2968 1952 getroffen hatten. Ich suchte sie nicht im Saal
705 1914 3031 2083 und wartete nur ohne eigentliche Ungeduld auf das
699 2074 3040 2210 Unausbleibliche. Ruhig stand ich auf der obersten
699 2231 3034 2385 der drei Stufen, die rings um den Saal liefen, als
708 2403 2900 2509 Ich Maria am Arm eines Herrn sich langsam mir
732 2560 3037 2693 näher sah. Unsere Augen grüssten sich, ohne dass
711 2708 2942 2826 unsere Mienen sich bewegten. Da wir uns in Ge¬
720 2847 2918 2986 sellschaft schon etliche Male begegnet waren.
714 3004 2995 3158 dur###te ich ohneweiters an sie herantreten, um sie
755 3114 2995 3279 zu einem Tanz aufzufordern. Sie nickte,verliess
702 3285 2868 3439 mit schweigendem Gruss ihren Begleiter, und im
752 3428 2998 3617 nüchsten Augenblick schwebte sie mit mir dahin.
1561 3579 1695 3700 ick
696 3591 3057 3789 Mir war als hielte eine Träumende, wenn nicht eine
