3288 4056
2518 262 2658 506 16
512 484 2746 678 Etliche Paare in unserer Nähe hielten im Tanzen
515 637 2930 837 inne, ein paar Herren und Damen im Logengang erhoben
522 790 2802 987 sich, einer brachte ein Glas Wasser herbei, das er
522 978 2824 1143 der Ohnmächtigen vergeblich an die Lippen führte,
519 1071 2805 1284 Rufe nach einem Arzt wurden hörbar, aber ehe noch
525 1290 2805 1443 einer zur Stelle war, hatte sich durchs Gewühl in
522 1449 2702 1615 fliegender Eile eine Dame herangedrängt, in der
528 1596 2858 1762 ich Marias Mutter erkannte. Ohne mich zu beachten
522 1731 2793 1930 fasste sie mit beiden Händen nach dem Kopf ihrer
525 1880 2749 2080 Tochter, der immer noch auf meinem Arm ruhte, und
531 2037 2702 2227 flüsterte,wie um sich selbst zu beruhigen,aber
528 2202 2749 2380 doch im Kreise ringsum blickend: "Es hat nichts
531 2349 2783 2508 zu bedeuten.“ In dieser Sekunde schlug Maria die
534 2518 2568 2693 Augen wieder auf. Die Farbe kehrte in ihre
525 2658 2918 2846 Wangen zurück, sie sah um sich und es bedurf-
540 2818 2852 3011 te nur mehr einer wie bittenden Gebärde von Seite
528 2996 2896 3136 der Mutter, um die Umsteherden zu allmählicher Ent-
531 3136 3039 3308 fernung zu veranlassen. Maria sass nun ganz aufrecht
537 3324 2989 3508 löste sanft die Hand der Mutter von ihren Wangen, lä-
