3320 4040
2402 309 2542 472 54
704 590 2905 784 lung zu erwarten. Ein Uebriges tat noch der er-
698 736 2905 976 mutigende Blick des Professors, der warme Hände-
701 913 2777 1122 druck, mit dem er sich von mir verabschiedete
713 1062 2822 1291 als ich mit Maria schon in dem Wagen sass, der
730 1225 2782 1431 uns ins Tal, dem Süden zu, bringen sollte. Und
736 1377 2702 1551 während im Hinunterfahren Maria an meiner
727 1526 2797 1746 Brust schlummerte, und ich die Hand auf ihrer
744 1697 2928 1886 Stirn ruhen liess, konnte ich die gleichnishafte
736 1849 2811 2070 Empfindung nicht abwehren, dass ich aus einer
750 1989 2820 2213 Höhenluft, für deren überirdische Reinheit ich
756 2124 3003 2333 nicht geschaffen war, talabwärts, einem holden und
764 2304 2688 2545 bescheidenen Alltagsglück entgegenreiste.
1222 2467 2834 2596 Es sind noch keine drei Wochen, wie
767 2568 3069 2782 du weiest, dass wir hier unseren Aufenthalt nahmen
767 2731 3023 2968 an dem wunderbaren See über den jetzt die ersten
770 2903 2986 3094 Morgendünste hinschweben. Bis es ganz helle ist
793 3063 2805 3289 wird es wohl noch eine Stunde dauern, und so
790 3203 2931 3432 lange habe ich Zeit. Eben war ich ein paar Se-
1159 3352 2917 3590 im Zimmer nebenan. Die schöne
822 3441 1134 3590 kunden.
810 3538 2980 3801 Schwester ist auf ihrem Sessel eingeschlummert,
