3496 4232
2543 347 2693 556 26
748 505 2925 771 sie deswegen zu bedauern, wollte sie das durch-
760 708 2799 895 aus nicht gelten lassen, Unzufriedenheit und
766 866 3071 1058 Sehnsucht lag ihrem Wesen fern; immer entschie¬
780 1021 2954 1207 dener gab sich mir eine noch nicht erwachte, ja
777 1179 2779 1371 kaum zum Bewusstsein ihrerselbst gelangten
791 1331 2879 1551 Seele kund, und auch unsere Begegnung, die ich,
823 1468 3071 1683 jedem Aberglauben abgeneigt wie möglich, doch wie
820 1640 3100 1818 etwas Vorbestimmtes empfand, nahm sie ohne Verwun-
817 1784 2982 1993 derung und ohne jede Andacht hin; - sie hatte
820 1950 3100 2133 gewiss schon in manchem Buch von jener geheimnis-
826 2113 2902 2300 vollen Liebe auf den ersten Blick gelesen, am
834 2254 2954 2437 die ich selbst bisher nie geglaubt hatte.-die
840 2386 2965 2607 Sache schien ihr keineswegs merkwürdiger, weil
846 2543 2245 2759 sie sie an sich selbst erfuhr.
1222 2690 2933 2908 Sie wunderte sich auch nicht, als ich
855 2833 3060 3088 schon am Tag darauf meinen Besuch wiederholte; -
866 3005 3042 3206 und dass in der ersten Minute eines zufälligen
869 3169 3034 3364 Alleinseins unsere Lippen sich zu einem langen
880 3303 3040 3573 Kusse fanden,ergab sich ohne Vorsatz, ohne ei-
903 3507 3045 3733 gentliche Leidenschaft, ja mit einem gleichsam
