3304 4088
2483 344 2620 470 24
686 493 2804 654 eingezogen zu haben, denn sie zeigte sich über
677 630 2804 829 meine persönlichen V Verhältnisse auffallend
686 817 2810 969 gut unterrichtet, wusste, dass ich meine Eltern
686 969 2713 1126 schon vor vielen Jahren verloren, dass meine
689 1106 2780 1281 Schwester mit einem Fabrikanten in den Rhein-
689 1257 2935 1450 landen verheiratet sei, und dass ich für mich al-
691 1432 2856 1605 lein ein Häuschen in Hietzing bewohnte. Ueber-
697 1631 2772 1742 dies liess sie die T Titel von zweien oder
697 1721 1009 1818 dreien
700 1759 2912 1920 meiner Stücke, die sie gewiss nie gesehen
697 1926 2494 2083 hatte, in die Unterhaltung einfliessen.
1114 2063 2967 2206 An der Wand hing das nachgedunkelte Por
706 2176 2915 2357 trätbildnis des Ministerialrates,ihres frühver-
706 2389 2865 2529 storbenen Mannes, ein jünglingshaftes, schmales,
700 2544 2742 2667 bartloses Gesicht, das mich irgendwie an die
700 2672 2845 2830 Züge eines Offiziers aus den Freiheitskriegen
700 2830 2874 2996 erinnerte. Die überschatteten Augen, die schma-
709 2985 3058 3171 len Lippen, das scharfgeschnittene Minn, ganz beson-
718 3151 3031 3308 ders aber die wunderbar freie Haltung, in der sich
718 3300 2894 3469 eine unbedenkliche Leichtigkeit des Gebens und
712 3472 2988 3626 zugleich eine stolze Bereitschaft des Empfangens
