3432 4152
562 584 2918 857 fragen, denn ich bin ja schon tot, und du kannst mir
562 732 2969 982 noch leichter antworten, denn du bist lebendig. Aber
584 863 3001 1130 trotzdem hüte dich zu erwidern: es ist einfach Anti-
575 1040 2934 1287 pathie. Dergleichen feige Umschreibungen haben wir
591 1207 3171 1377 in diesem Augenblick beide nicht mehr nötig. Also, warum
594 1355 3021 1608 noch immer dein Hass? Du hast ja deinen Weg gemacht,
600 1505 2899 1756 hast erreicht,was du erreichen konntest, wolltest,
610 1660 3046 1871 utje mehr beinah; du darfst von dir sagen, dass du mit
607 1823 3143 2064 eigener Kraft aus den armseligen Verhältnissen deiner
616 1958 3175 2218 Jugend binnen weniger Jahre zu einer höchst geachteten,
626 2135 2982 2395 gesicherteh Stellung emporgestiegen bist; dein Be-
639 2295 3072 2526 ruf den du erwählt, den du als heilig empfindest, hei-
639 2408 3024 2664 liger als jeden andern, wenn auch vielleicht mit Un-
642 2574 3037 2812 recht, befriedigt, ja, erfüllt dich ganz,-und verstehe
658 2777 3114 3005 ich deine Haltung richtig zu deuten.die ohne jede Ge-
658 2895 3139 3085 drücktheit scheint, dein Gebahren, das alle Schüchtern-
697 3043 3085 3322 heit abgestreift, so ist dir auch schon geworden, wo-
664 3204 3082 3448 nach du dich in jungen Jahren am heissesten und ach
671 3377 3024 3634 so vergeblich sehntest - das Glück dich an Frauen-
677 3534 3181 3791 zärtlichkeit erfreuen zu dürfen, ohne sie bar bezahlen
