3288 4072
2602 392 2733 574 31
622 507 3033 772 durchaus nicht gewachsen, und wer in Kenntnis dieses
625 733 2841 909 Umstandes sie dennoch zur Frau nehme, den könne
619 912 3013 1043 man von schwerster Gewissensschuld nicht frei spre-
628 1033 2892 1228 chen. Ich hörte ihn ruhig an und dankte ihm sehr
622 1158 3182 1381 höflich für seine Rratschläge, da ich aber seinen wieder
953 1291 1403 1387 Mahnungen
628 1327 2895 1540 holten  gegenüber meine kühle Haltung
635 1499 2975 1671 beibehielt, empfahl er sich rascher als er offenbar
638 1655 2819 1859 beabsichtigt hatte und in einiger Verlegenheit.
628 1818 2848 2018 On mir aber war während der kurzen
635 1955 2934 2143 Unterredung,in der ich fast nur Zuhörer geblieben
676 2140 2911 2318 war, der Plan, den ich an jenem Ballabend gefasst,
641 2299 2848 2465 und seither nicht etwa als einen unsinngen oder
635 2439 2899 2628 niederträchtigen, sondern vielmehr als einen nach
638 2615 2981 2765 Lage der Dinge glücklicherweise unanwendbaren ver-
631 2717 3039 2908 worfen hatte,von neuem aufgeleuchtet,und nun,da ich
635 2895 2921 3096 allein gelassen in meinem Zimmer auf und ab ging,
635 3068 3010 3237 ergriff er unwiderstehlich Besitz von meiner Seele.
625 3202 2953 3402 Mit Beschämung fast ward ich nun inne, dass ich in
631 3371 2943 3565 den vorhergegangenen Tagen nichts anderes gewesen
631 3524 2851 3724 war, als ein verliebter junger Mensch und meiner
