3416 4120
587 514 2799 818 Ehe gewiss nur günstig beeinflusst werden. doch
602 660 2866 919 trug ihre mütterliche Gewissenhaftigkeit am Ende
645 818 2805 1126 den Sieg davon. Schon Tags darauf empfing ich
618 961 2845 1299 den Besuch eines älteren Herrn, der sich mir als
624 1123 2945 1424 Arzt der Familie vorstellte und nach einigen höf-
636 1293 3046 1588 lich-verlegenen Einleitungsworten mir nahelegte von
627 1451 2963 1722 meiner Bewerbung um Maria abzustehen. Er habe zwar
639 1606 2960 1853 weder der Mutter, die ihn gestern zu sich berufen,
651 1759 2976 2048 noch weniger Maria selbst, die er bei dieser Gele-
663 1914 3064 2206 genheit wieder einmal aufs Genaueste untersucht, die
672 2045 3006 2364 ganze Wahrheit offenbart; umso sicherer glaube er
666 2251 2951 2504 meinem Takt und meiner Einsicht, ja gerade meiner
675 2397 2866 2671 Neigung für die Kranke die wohl peinliche, aber
700 2553 3015 2811 leider unerlässliche Lösung des Verlöbnisses an-
739 2677 3082 2948 heimstellen zu dürfen. Unerlässlich, wiederholte er
715 2845 3164 3134 streng, denn Mariae Zustand bedürfe der grössten Scho-
712 2979 3109 3252 nung. wenn die sie liebten sich noch ein paar Jahre
733 3170 2945 3408 an ihrer Gegenwart freuen wollten. Den Erregung
2355 3313 2461 3484 Omy
2099 3368 2197 3493 schöne
736 3368 2048 3590 einer Ehe, insbesondere, wie die
1908 3523 2118 3697 ebese.
751 3560 1232 3782 Brauen bem
