3304 4040
2690 314 2797 487 55
628 475 2720 675 sie hat mich nicht gehört. Und Maria schlüft
655 625 2756 834 tief, sehr tief. Du hast gut getan, mein Freund
649 807 2806 980 aber du hättest mir auch sagen dürfen, dass sie
652 956 2824 1166 diesmal nicht mehr erwachen wird. Ich weiss es
661 1130 2726 1309 und ich bin ruhig, denn ick bin entschlossen.
1037 1270 2735 1444 Vor drei Wochen also bezogen wir die
661 1432 2854 1617 herrliche Villa des Conte Bardi. (Trotzdem bin
678 1575 2947 1748 ich nicht so reich, wie du daraus schliessen könn-
681 1722 3004 1913 test). Es lag wohl an dem ausserordentlichen Luft-
684 1865 2890 2089 unterschied, und an der sommerlichen Schwüle und
681 2008 3043 2233 Schwere jener ersten Septembertage, das ich in ein
678 2152 3078 2376 Hindämmern geriet, in dem ich mir keine Rechenschaft
687 2334 2815 2534 über mich und Menschen und Dinge ausser mir
687 2502 2911 2681 zu geben versuchte. Vielleicht täuscht mich die
696 2606 2965 2833 Erinnerung, aber mir ist, als hätten Maria und ich
693 2803 2926 3004 in jenen erste: Tagen unseres Aufenthaltes kaum
720 2944 2824 3159 je das Wort aneinander gerichtet. Wohl merkte
714 3069 2968 3321 ich, dass sie ohne weitere beängstigende Erschei-
702 3246 2917 3473 nungen immer schwächer wurde.gewissermassen da-
705 3389 2881 3640 hinschwand. Aber meine Gleichgültigkeit nicht
