3320 4072
2862 397 2993 508 42
715 413 3140 703 geboteh werden, aber, wenn man etwas für sie wünschen,
715 651 2935 832 erhoffen, erflohen wollte, so war es nur das Eine
712 798 2929 994 dass sie aus einem ihrer Anfälle nicht mehr er-
703 963 1052 1125 wachte.
1064 1119 3116 1284 Da er mir zum Schlusse dringend geraten mit
688 1251 3143 1477 Maria kühlere, höher gelegene, waldreiche Gegenden aus
703 1422 3103 1611 zusuchen, so fanden wir uns schon wenige Tage darauf
691 1578 3045 1737 in einem Gebirgsort der Dolomiten, nach welchem mir
688 1724 3088 1911 von einem dort vor Jahren verbrachten Sommer immer
691 1877 2856 2116 eine stille Sehnsucht zurückgeblieben war. Die
670 2042 2905 2208 Landscha t erschien mir diesmal unwirtlicher, ja
673 2195 2975 2360 feindlicher als damals, die Wälder dunkler und die
667 2348 2886 2504 Sonne in all ihrem Glanz wie verhängt. Da Maria
660 2507 3015 2709 keine weiteren Spaziergänge unternehmen durfte, mir
651 2654 2895 2886 aber solche unter allen Umständen unentbehrlich
657 2804 2926 2981 waren, fügte es sich, dass ich oft stundenlang von
651 2966 3045 3143 ihr fern blieb. Wenn sie mich des Morgens mit zärt-
648 3116 2975 3314 lichem Abschiedsgruse entliess, glaubte ich in dem
645 3278 2993 3458 gespielt heiteren Ausdruck ihrer Mienen immer wie-
645 3421 2853 3623 der zu lesen, dass es auch ein Abschied auf ewig
