3368 4152
530 511 2971 859 wahren Berufung aufs Kläglichste vergessen hatte. Die
882 585 1010 703 G.F.P.
534 671 2955 1022 ser aber ward ich mir jetzt in einem bisher von mir
543 859 2939 1185 nicht gekannten, kaum geshnten Masse neu bewusst und
546 1000 2783 1329 zugleich mit ihr und mit der gleichen Macht, als
562 1134 2911 1476 wären diese beiden Seelenkräfte untrennbar vereint
559 1361 2965 1674 meiner Liebe zu Maria. Dass es mir bestimmt war vom
591 1524 2930 1802 ersten Augenblick des Besitzes an für sie zu sit-
601 1604 3026 1946 tern, auferlegt sie durch eigene Schuld zu verlieren,
607 1751 3179 2096 und dass ich mir zugleich zutraute, ja, die Verpflichtung
604 1920 3032 2259 auf mich nahm durch ein Werk, das vor Gott höher an-
626 2096 3016 2403 zuschlagen war als ein Menschenleben, dieser Schuld
629 2249 3067 2566 wieder ledig zu werden, das muste meiner Leidenschaft
626 2380 3032 2729 xx so sehr ins Ungeheuere steigern, dass sie fühig
639 2540 3032 2879 war innerhalb einer karg zugemessenen Frist das ge-
671 2735 3163 3054 liebte Geschöpf reicher zu beglücken, als es eins beha
674 2853 3029 3179 lich-unbekümmerte Zürtlichkeit imstande war, die ohne
687 3038 3010 3336 ein Ende vor sich zu sehen, allmählig in sich selbst
716 3173 2824 3514 verlischt. Und entschlossen keinem Verbot oder
2473 3399 2847 3524 weitere
700 3441 2358 3649 nur einer verzögernden Einrede auf
1767 3582 2272 3786 statten. bey
837 3623 1626 3840 ehen Einfluss zu
