3368 4120
2649 368 2785 492 16
618 476 2872 671 Etliche Paare in unserer Nähe hielten im Tanzen
631 612 3045 798 inne, ein paar Herren und Damen im Logengang erhoben
631 757 2900 946 sich, einer brachte ein Glas Wasser herbei, das er
615 909 2906 1113 der Ohnmächtigen vergeblich an die Lippen führte,
615 1070 2890 1264 Rufe nach einem Arzt wurden hörbar, aber ehe noch
615 1289 2887 1419 einer zur Stelle war, hatte sich durchs Gewähl in
603 1357 2785 1577 fliegender Eile eine Dame herangedrüngt, in der
594 1524 2927 1740 ich Marias Mutter erkannte. Ohne mich zu beachten
590 1685 2856 1876 fasste sie mit beiden Händen nach dem Kopf ihrer
587 1855 2804 2046 Tochter, der immer noch auf meinem Arm ruhte, und
584 1988 2767 2204 flüsterte,wie um sich selbst zu beruhigen, aber
587 2201 2798 2349 doch im Kreise ringsum blickend: "Es hat nichts
581 2318 2853 2510 zu bedeuten.“ In dieser Sekunde schlug Maria die
566 2504 2624 2662 Augen wieder auf. Die Farbe kehrte in ihre
556 2603 2955 2822 Wangen zurück, sie sah um sich und es bedurf-
566 2785 2884 2958 te nur mehr einer wie bittenden Gebärde von Seite
553 2974 2924 3135 der Mutter, um die Umstehenden zu allmählicher Ent-
544 3101 3029 3295 fernung zu veranlassen. Maria sass nun ganz aufrecht
541 3240 3008 3468 löste sanft die Hand der Mutter von ihren Wangen,lä-
