<?xml version="1.0" encoding="UTF-8" standalone="yes"?>
<PcGts xmlns="http://schema.primaresearch.org/PAGE/gts/pagecontent/2013-07-15" xmlns:xsi="http://www.w3.org/2001/XMLSchema-instance" xsi:schemaLocation="http://schema.primaresearch.org/PAGE/gts/pagecontent/2013-07-15 http://schema.primaresearch.org/PAGE/gts/pagecontent/2013-07-15/pagecontent.xsd">
    <Metadata>
        <Creator>prov=READ-COOP:name=TrHtr:version=2.1.0:model_id=51170:date=15_08_2023_00:03</Creator>
        <Created>2023-05-10T14:56:36.240+02:00</Created>
        <LastChange>2023-08-15T00:03:47.758+02:00</LastChange>
        <TranskribusMetadata docId="1428693" pageId="55427844" pageNr="59" tsid="132831634" status="IN_PROGRESS" userId="64420" imgUrl="https://files.transkribus.eu/Get?id=DDVYUJYYKPUIGMRALWBSZPYV&amp;fileType=view" xmlUrl="https://files.transkribus.eu/Get?id=GLACWDNVFIMIZVDZLZOINTED" imageId="44701917"/>
    </Metadata>
    <Page imageFilename="1428693_0059.jpg" imageWidth="3320" imageHeight="4104">
        <ReadingOrder>
            <OrderedGroup id="ro_1711808892914" caption="Regions reading order">
                <RegionRefIndexed index="0" regionRef="tr_1"/>
                <RegionRefIndexed index="1" regionRef="tr_2"/>
            </OrderedGroup>
        </ReadingOrder>
        <TextRegion id="tr_1" custom="readingOrder {index:0;}">
            <Coords points="725,424 2939,424 2939,1639 725,1639"/>
            <TextLine id="tr_1_tl_1" custom="readingOrder {index:0;}">
                <Coords points="2602,528 2642,528 2666,537 2677,523 2700,523 2709,514 2718,523 2732,523 2727,331 2686,328 2669,340 2654,334 2622,360 2608,348 2593,351"/>
                <Baseline points="2614,474 2659,474 2704,477 2739,477"/>
                <TextEquiv>
                    <Unicode>20</Unicode>
                </TextEquiv>
            </TextLine>
            <TextLine id="tr_1_tl_2" custom="readingOrder {index:1;}">
                <Coords points="709,717 1144,781 2689,709 2695,560 1443,528 1051,616 711,566"/>
                <Baseline points="725,698 728,698 773,698 817,695 862,692 907,692 952,692 996,689 1041,686 1086,686 1131,686 1175,683 1220,680 1265,680 1310,680 1355,677 1399,680 1444,677 1489,677 1534,677 1578,674 1623,674 1668,674 1713,668 1758,668 1802,668 1847,662 1892,662 1937,662 1981,659 2026,659 2071,659 2116,656 2160,653 2205,653 2250,650 2295,650 2340,647 2384,647 2429,647 2474,647 2519,644 2563,644 2608,638 2653,638 2698,638"/>
                <TextEquiv>
                    <Unicode>zu halten; einmal damit, dass ich kein Arzt</Unicode>
                </TextEquiv>
            </TextLine>
            <TextLine id="tr_1_tl_3" custom="readingOrder {index:2;}">
                <Coords points="709,926 2764,877 2860,851 2863,732 711,784"/>
                <Baseline points="728,853 767,847 811,847 856,847 901,847 946,847 990,844 1035,844 1080,841 1125,841 1170,838 1214,835 1259,835 1304,832 1349,829 1393,829 1438,829 1483,829 1528,826 1572,826 1617,826 1662,826 1707,826 1752,823 1796,823 1841,820 1886,820 1931,817 1975,814 2020,814 2065,811 2110,811 2154,811 2199,808 2244,805 2289,805 2334,805 2378,802 2423,805 2468,802 2513,799 2557,799 2602,796 2647,796 2692,793 2736,793 2781,790 2826,790 2871,787"/>
                <TextEquiv>
                    <Unicode>bin und zweitens damit, dass die Diagnose rich-</Unicode>
                </TextEquiv>
            </TextLine>
            <TextLine id="tr_1_tl_4" custom="readingOrder {index:3;}">
                <Coords points="714,1019 2933,1051 2936,891 717,955"/>
                <Baseline points="731,1005 746,1002 790,1005 835,1005 880,1005 925,1002 970,1002 1014,999 1059,999 1104,996 1149,996 1193,996 1238,993 1283,990 1328,987 1372,984 1417,984 1462,984 1507,984 1552,981 1596,981 1641,981 1686,978 1731,978 1775,976 1820,976 1865,976 1910,970 1954,970 1999,970 2044,970 2089,970 2134,967 2178,964 2223,964 2268,964 2313,961 2357,961 2402,958 2447,955 2492,952 2537,952 2581,952 2626,952 2671,949 2716,949 2760,949 2805,949 2850,946 2895,943 2939,943"/>
                <TextEquiv>
                    <Unicode>tig war). Sie weiss von ihrer Krankheit und von</Unicode>
                </TextEquiv>
            </TextLine>
            <TextLine id="tr_1_tl_5" custom="readingOrder {index:4;}">
                <Coords points="714,1208 2695,1182 2799,1150 2805,1016 717,1101"/>
                <Baseline points="734,1161 749,1158 793,1158 838,1158 883,1158 928,1155 973,1155 1017,1155 1062,1155 1107,1152 1152,1152 1196,1149 1241,1149 1286,1146 1331,1143 1375,1143 1420,1143 1465,1143 1510,1140 1555,1140 1599,1137 1644,1137 1689,1137 1734,1134 1778,1134 1823,1131 1868,1131 1913,1131 1957,1128 2002,1125 2047,1122 2092,1122 2137,1122 2181,1122 2226,1122 2271,1119 2316,1119 2360,1119 2405,1116 2450,1113 2495,1110 2540,1110 2584,1107 2629,1107 2674,1107 2719,1107 2763,1104 2808,1104"/>
                <TextEquiv>
                    <Unicode>der Gefahr, die jede rasche Bewegung für sie</Unicode>
                </TextEquiv>
            </TextLine>
            <TextLine id="tr_1_tl_6" custom="readingOrder {index:5;}">
                <Coords points="720,1327 2820,1362 2857,1176 723,1272"/>
                <Baseline points="737,1316 758,1319 802,1316 847,1313 892,1313 937,1310 981,1310 1026,1307 1071,1307 1116,1307 1161,1307 1205,1304 1250,1301 1295,1301 1340,1298 1384,1298 1429,1298 1474,1298 1519,1295 1563,1295 1608,1295 1653,1292 1698,1289 1743,1289 1787,1286 1832,1283 1877,1283 1922,1283 1966,1280 2011,1280 2056,1280 2101,1280 2146,1277 2190,1277 2235,1277 2280,1277 2325,1274 2369,1274 2414,1271 2459,1271 2504,1265 2548,1265 2593,1262 2638,1262 2683,1262 2728,1259 2772,1259 2817,1259 2862,1256"/>
                <TextEquiv>
                    <Unicode>zur Folge haben kann und hat mir trotzdem den</Unicode>
                </TextEquiv>
            </TextLine>
            <TextLine id="tr_1_tl_7" custom="readingOrder {index:6;}">
                <Coords points="726,1487 883,1548 1385,1484 2759,1522 2764,1353 729,1414"/>
                <Baseline points="743,1471 755,1468 799,1468 844,1465 889,1465 934,1465 978,1462 1023,1462 1068,1462 1113,1459 1158,1459 1202,1459 1247,1456 1292,1456 1337,1456 1381,1453 1426,1453 1471,1453 1516,1450 1561,1447 1605,1447 1650,1444 1695,1444 1740,1441 1784,1441 1829,1441 1874,1438 1919,1438 1963,1438 2008,1438 2053,1438 2098,1435 2143,1435 2187,1438 2232,1435 2277,1432 2322,1429 2366,1429 2411,1429 2456,1426 2501,1426 2545,1423 2590,1423 2635,1420 2680,1420 2725,1417 2769,1417"/>
                <TextEquiv>
                    <Unicode>erbetenen Tanz nicht verweigert, ja sich in</Unicode>
                </TextEquiv>
            </TextLine>
            <TextLine id="tr_1_tl_8" custom="readingOrder {index:7;}">
                <Coords points="726,1664 2491,1681 2788,1638 2791,1516 729,1565"/>
                <Baseline points="743,1629 784,1629 829,1623 874,1623 919,1620 964,1623 1008,1620 1053,1620 1098,1617 1143,1614 1187,1614 1232,1611 1277,1611 1322,1608 1367,1611 1411,1608 1456,1608 1501,1605 1546,1605 1590,1605 1635,1602 1680,1602 1725,1602 1769,1602 1814,1599 1859,1596 1904,1596 1949,1596 1993,1593 2038,1593 2083,1593 2128,1590 2172,1587 2217,1590 2262,1587 2307,1587 2351,1584 2396,1584 2441,1581 2486,1581 2531,1578 2575,1575 2620,1575 2665,1575 2710,1572 2754,1572 2799,1572"/>
                <TextEquiv>
                    <Unicode>diesem Tanze so völlig hingegeben,wie es nur</Unicode>
                </TextEquiv>
            </TextLine>
        </TextRegion>
        <TextRegion id="tr_2" custom="readingOrder {index:1;}">
            <Coords points="746,1681 3101,1681 3101,3499 746,3499"/>
            <TextLine id="tr_2_tl_1" custom="readingOrder {index:0;}">
                <Coords points="726,1824 2730,1821 2732,1673 2674,1664 729,1705"/>
                <Baseline points="746,1784 764,1781 808,1781 853,1781 898,1778 943,1775 987,1772 1032,1775 1077,1772 1122,1772 1167,1769 1211,1769 1256,1769 1301,1769 1346,1766 1390,1766 1435,1763 1480,1763 1525,1760 1569,1760 1614,1760 1659,1760 1704,1758 1749,1758 1793,1758 1838,1755 1883,1752 1928,1752 1972,1749 2017,1749 2062,1749 2107,1746 2151,1746 2196,1743 2241,1743 2286,1740 2331,1740 2375,1737 2420,1737 2465,1734 2510,1734 2554,1731 2599,1731 2644,1731 2689,1731 2734,1734"/>
                <TextEquiv>
                    <Unicode>ein Wesen tun kann, das plötzlich von einer</Unicode>
                </TextEquiv>
            </TextLine>
            <TextLine id="tr_2_tl_2" custom="readingOrder {index:1;}">
                <Coords points="735,1995 2012,1980 2137,1911 2332,1986 2732,1966 2863,1922 2866,1789 738,1873"/>
                <Baseline points="752,1934 767,1937 811,1937 856,1937 901,1934 946,1931 990,1928 1035,1928 1080,1925 1125,1925 1170,1925 1214,1925 1259,1922 1304,1922 1349,1919 1393,1919 1438,1919 1483,1916 1528,1916 1572,1916 1617,1913 1662,1913 1707,1913 1752,1913 1796,1910 1841,1907 1886,1907 1931,1904 1975,1901 2020,1901 2065,1898 2110,1898 2154,1898 2199,1898 2244,1895 2289,1895 2334,1895 2378,1892 2423,1892 2468,1889 2513,1886 2557,1886 2602,1883 2647,1883 2692,1880 2736,1880 2781,1880 2826,1877 2871,1880"/>
                <TextEquiv>
                    <Unicode>unwiderstehlich heftigen Leidenschaft erfasst</Unicode>
                </TextEquiv>
            </TextLine>
            <TextLine id="tr_2_tl_3" custom="readingOrder {index:2;}">
                <Coords points="743,2146 2950,2140 2956,1940 749,2006"/>
                <Baseline points="761,2089 764,2092 808,2089 853,2089 898,2089 943,2086 987,2086 1032,2086 1077,2083 1122,2080 1167,2080 1211,2080 1256,2077 1301,2077 1346,2077 1390,2074 1435,2074 1480,2071 1525,2071 1569,2071 1614,2068 1659,2068 1704,2068 1749,2065 1793,2065 1838,2062 1883,2062 1928,2059 1972,2059 2017,2056 2062,2056 2107,2053 2151,2053 2196,2050 2241,2050 2286,2047 2331,2047 2375,2047 2420,2047 2465,2044 2510,2041 2554,2041 2599,2038 2644,2038 2689,2038 2734,2038 2778,2035 2823,2032 2868,2032 2913,2035 2957,2035"/>
                <TextEquiv>
                    <Unicode>wurde. Sie wird mir auch ihre Hand nicht verwei</Unicode>
                </TextEquiv>
            </TextLine>
            <TextLine id="tr_2_tl_4" custom="readingOrder {index:3;}">
                <Coords points="749,2268 2512,2279 2660,2218 2796,2274 2915,2259 2918,2131 752,2143"/>
                <Baseline points="764,2250 776,2250 820,2247 865,2247 910,2247 955,2247 999,2241 1044,2238 1089,2235 1134,2232 1178,2232 1223,2232 1268,2229 1313,2229 1358,2229 1402,2229 1447,2226 1492,2226 1537,2223 1581,2223 1626,2223 1671,2223 1716,2220 1760,2217 1805,2214 1850,2214 1895,2214 1940,2214 1984,2214 2029,2214 2074,2211 2119,2208 2163,2208 2208,2205 2253,2202 2298,2202 2343,2202 2387,2202 2432,2199 2477,2199 2522,2199 2566,2196 2611,2193 2656,2193 2701,2190 2745,2190 2790,2190 2835,2187 2880,2187 2925,2190"/>
                <TextEquiv>
                    <Unicode>gern, selbst wenn die Mutter und die Aerzte das</Unicode>
                </TextEquiv>
            </TextLine>
            <TextLine id="tr_2_tl_5" custom="readingOrder {index:4;}">
                <Coords points="740,2413 2988,2445 2991,2288 743,2314"/>
                <Baseline points="755,2390 761,2387 805,2390 850,2393 895,2396 940,2393 984,2393 1029,2393 1074,2393 1119,2390 1164,2387 1208,2387 1253,2387 1298,2384 1343,2384 1387,2384 1432,2381 1477,2381 1522,2378 1566,2378 1611,2378 1656,2375 1701,2372 1746,2372 1790,2372 1835,2372 1880,2369 1925,2369 1969,2369 2014,2366 2059,2366 2104,2363 2149,2363 2193,2360 2238,2357 2283,2357 2328,2357 2372,2357 2417,2357 2462,2354 2507,2354 2551,2354 2596,2354 2641,2351 2686,2351 2731,2348 2775,2345 2820,2345 2865,2345 2910,2345 2954,2348 2999,2343"/>
                <TextEquiv>
                    <Unicode>Heiraten widerraten oder gar untersagen sollten.</Unicode>
                </TextEquiv>
            </TextLine>
            <TextLine id="tr_2_tl_6" custom="readingOrder {index:5;}">
                <Coords points="743,2610 2776,2576 2979,2523 2982,2442 749,2457"/>
                <Baseline points="761,2551 793,2548 838,2548 883,2548 928,2548 973,2548 1017,2545 1062,2545 1107,2542 1152,2542 1196,2542 1241,2540 1286,2540 1331,2540 1375,2540 1420,2540 1465,2540 1510,2537 1555,2534 1599,2534 1644,2534 1689,2531 1734,2531 1778,2528 1823,2528 1868,2525 1913,2525 1957,2525 2002,2525 2047,2522 2092,2522 2137,2519 2181,2522 2226,2519 2271,2516 2316,2516 2360,2516 2405,2516 2450,2516 2495,2513 2540,2513 2584,2510 2629,2507 2674,2507 2719,2504 2763,2504 2808,2501 2853,2501 2898,2501 2942,2504 2987,2510"/>
                <TextEquiv>
                    <Unicode>Wir werden sehr glücklich sein... ein paar Jahre,</Unicode>
                </TextEquiv>
            </TextLine>
            <TextLine id="tr_2_tl_7" custom="readingOrder {index:6;}">
                <Coords points="749,2747 2927,2732 2930,2590 749,2654"/>
                <Baseline points="764,2707 787,2710 832,2707 877,2707 922,2704 967,2707 1011,2704 1056,2704 1101,2701 1146,2698 1190,2698 1235,2698 1280,2695 1325,2695 1369,2695 1414,2695 1459,2692 1504,2692 1549,2689 1593,2689 1638,2686 1683,2686 1728,2686 1772,2683 1817,2683 1862,2680 1907,2680 1952,2680 1996,2680 2041,2680 2086,2677 2131,2677 2175,2674 2220,2671 2265,2671 2310,2671 2354,2671 2399,2668 2444,2665 2489,2665 2534,2665 2578,2662 2623,2659 2668,2662 2713,2659 2757,2656 2802,2656 2847,2656 2892,2656 2936,2653"/>
                <TextEquiv>
                    <Unicode>vielleicht nur ein Jahr lang oder gar nur en</Unicode>
                </TextEquiv>
            </TextLine>
            <TextLine id="tr_2_tl_8" custom="readingOrder {index:7;}">
                <Coords points="752,2898 2808,2895 2959,2878 2962,2759 2256,2718 755,2808"/>
                <Baseline points="770,2868 814,2868 859,2865 904,2862 949,2862 993,2862 1038,2859 1083,2856 1128,2856 1172,2856 1217,2853 1262,2853 1307,2853 1352,2850 1396,2850 1441,2850 1486,2847 1531,2847 1575,2844 1620,2844 1665,2841 1710,2841 1755,2838 1799,2838 1844,2835 1889,2832 1934,2835 1978,2832 2023,2832 2068,2832 2113,2829 2157,2832 2202,2826 2247,2826 2292,2826 2337,2826 2381,2823 2426,2823 2471,2823 2516,2820 2560,2820 2605,2817 2650,2814 2695,2811 2739,2811 2784,2811 2829,2811 2874,2811 2919,2814 2963,2814"/>
                <TextEquiv>
                    <Unicode>paar Monate,und dann wird sie von mir scheiden.</Unicode>
                </TextEquiv>
            </TextLine>
            <TextLine id="tr_2_tl_9" custom="readingOrder {index:8;}">
                <Coords points="761,3063 1693,3084 2067,3005 2457,3078 2895,3037 2898,2910 764,2944"/>
                <Baseline points="779,3023 793,3020 838,3017 883,3017 928,3014 973,3014 1017,3014 1062,3011 1107,3011 1152,3008 1196,3008 1241,3005 1286,3005 1331,3002 1375,3002 1420,3002 1465,3002 1510,3002 1555,2999 1599,2996 1644,2996 1689,2993 1734,2993 1778,2990 1823,2990 1868,2990 1913,2987 1957,2987 2002,2987 2047,2990 2092,2990 2137,2987 2181,2984 2226,2981 2271,2981 2316,2981 2360,2981 2405,2981 2450,2978 2495,2975 2540,2975 2584,2972 2629,2969 2674,2969 2719,2969 2763,2966 2808,2966 2853,2963 2898,2966"/>
                <TextEquiv>
                    <Unicode>Ich aber werde zurückbleiben, allein, mit einem</Unicode>
                </TextEquiv>
            </TextLine>
            <TextLine id="tr_2_tl_10" custom="readingOrder {index:9;}">
                <Coords points="761,3217 2991,3194 3072,3061 764,3127"/>
                <Baseline points="776,3190 793,3187 838,3181 883,3175 928,3172 973,3172 1017,3169 1062,3169 1107,3166 1152,3166 1196,3163 1241,3163 1286,3163 1331,3163 1375,3160 1420,3160 1465,3160 1510,3157 1555,3157 1599,3154 1644,3151 1689,3151 1734,3151 1778,3148 1823,3145 1868,3142 1913,3145 1957,3142 2002,3142 2047,3139 2092,3139 2137,3139 2181,3136 2226,3136 2271,3136 2316,3133 2360,3133 2405,3130 2450,3130 2495,3130 2540,3127 2584,3125 2629,3125 2674,3125 2719,3125 2763,3125 2808,3122 2853,3122 2898,3122 2942,3119 2987,3119 3032,3119 3077,3119"/>
                <TextEquiv>
                    <Unicode>grossen Schmerz, mit dem ersten wahrhaften Schmertz</Unicode>
                </TextEquiv>
            </TextLine>
            <TextLine id="tr_2_tl_11" custom="readingOrder {index:10;}">
                <Coords points="755,3365 2590,3392 3034,3302 3037,3177 758,3270"/>
                <Baseline points="770,3333 802,3333 847,3330 892,3330 937,3327 981,3327 1026,3324 1071,3324 1116,3324 1161,3322 1205,3322 1250,3322 1295,3319 1340,3319 1384,3319 1429,3319 1474,3316 1519,3313 1563,3313 1608,3310 1653,3310 1698,3307 1743,3307 1787,3304 1832,3304 1877,3304 1922,3304 1966,3301 2011,3298 2056,3298 2101,3298 2146,3295 2190,3292 2235,3292 2280,3292 2325,3292 2369,3292 2414,3289 2459,3289 2504,3289 2548,3289 2593,3286 2638,3283 2683,3283 2728,3280 2772,3280 2817,3280 2862,3277 2907,3277 2951,3277 2996,3277 3041,3280"/>
                <TextEquiv>
                    <Unicode>meines Lebens, den ich mir in dieser Stunde schon</Unicode>
                </TextEquiv>
            </TextLine>
            <TextLine id="tr_2_tl_12" custom="readingOrder {index:11;}">
                <Coords points="761,3592 1870,3502 2454,3569 3092,3479 3095,3313 2805,3389 767,3424"/>
                <Baseline points="779,3489 817,3486 862,3489 907,3486 952,3486 996,3486 1041,3483 1086,3483 1131,3480 1175,3483 1220,3480 1265,3477 1310,3477 1355,3477 1399,3474 1444,3474 1489,3471 1534,3471 1578,3471 1623,3468 1668,3468 1713,3465 1758,3462 1802,3462 1847,3459 1892,3459 1937,3459 1981,3456 2026,3456 2071,3456 2116,3453 2160,3453 2205,3453 2250,3450 2295,3450 2340,3450 2384,3447 2429,3447 2474,3447 2519,3444 2563,3444 2608,3444 2653,3441 2698,3441 2742,3441 2787,3441 2832,3438 2877,3438 2922,3438 2966,3438 3011,3441 3056,3444 3101,3444"/>
                <TextEquiv>
                    <Unicode>in seiner ganzen Furchtbarkeit vorzustellen fähig</Unicode>
                </TextEquiv>
            </TextLine>
        </TextRegion>
    </Page>
</PcGts>
