6600 4504
2498 534 2679 662 65
802 746 3076 1049 Ich wusste, damals, also vor drei Tagen müssig
1296 984 1518 1090 lian
756 952 2720 1177 noch, dass Ihr Tod auch der meine sein
759 1127 2891 1321 würde. Gleich nach ihrem letzten Atemzug
784 1302 1780 1436 them Entschluss were
615 1230 2898 1480 ### schwerlich entschlossen mit mir ein Ende zu
768 1418 2873 1658 machen. Und das bedeutete gar nicht viel
790 1561 2738 1792 zu sterben nach ihr. Es war eine xxx
799 1699 2951 1939 Form, nicht mehr. / so stand es mit uns bei¬
2098 1833 2826 1948 mit einer hal
796 1905 3010 2095 den, als vor drei Tagen zum erstenYal
353 1767 674 2076 14
1280 2042 1602 2151 auperg
815 2011 2810 2289 wieder die Welt in unseren Kreis trat.
818 2158 2969 2407 Denn es war nötig geworden ärztlichen Rat
837 2333 2935 2570 einzuholen, da manche notwendige Erleich-
843 2486 2854 2713 terungen, deren sie bedurfte, auf andere
827 2635 2763 2873 Weise nicht zu beschaffen waren. Ich
846 2776 2829 3044 weiss nicht, ob gerade deine Person an
856 2941 3038 3163 dem neuen Entschluss, dem letzten, dem unum
877 3094 2976 3338 stäuslichen, den ich fasste, irgendwie be-
877 3241 3138 3488 teiligt ist. Unmöglich scheint es mir nicht,
1608 3272 1833 3379 Noi!
365 3310 1518 3472 Käsäns aasneH meutem
531 3447 1824 3613 es ettävälgeich
877 3419 2845 3635 denn, von dem Augehblicke an,da du zum
2539 3522 2913 3631 began
2629 3575 3041 3694 estraute
896 3557 2520 3809 ersten Male hier gewesen warst,
2623 3678 2804 3772 that
899 3706 3007 3966 ich meinem Vorsatz meinem Leben nach Ma-
384 3747 768 3931 -foa ni
1870 3859 2448 3978 Vor be7b 7.
902 3884 3063 4087 rias Hinscheiden ein Ende zu machen. Denn,
987 3928 1146 4037 No 1
503 3900 874 4094 Ia8 11
1717 4025 2539 4175 e ettäd maste
440 4072 1452 4253 JdotelleiV.naasüm
5827 309 5992 431 66
3937 456 6126 724 kenn wir uns alles vorzustellen vermögen.
3966 640 6083 856 dass einer, der da ist, nicht mehr da sein
3778 787 6080 962 wird, das zu fassen wird uns immer veragt
3975 918 6158 1140 sein. Alles übrige ist nur Gradunterschied,
4893 1071 5193 1168 sogar
3991 1096 6089 1283 nicht Gegenaatz: Jugend und Alten, Gesund-
4852 1193 5873 1308 sind ein Gradunterschiede.
3975 1246 5951 1439 heit und Krankheit; Wesensunterschied
3991 1405 6061 1608 gibt es nur einen einzigen den zwischen
4006 1561 5973 1761 Leben und Tod. Und so konnte und kann
3532 1686 6039 1895 mede Idaetich auch nicht voraussehen, wie ihr Tod
4025 1824 6201 2039 auf mich wirken, was der am Endewaus mir ma-
3638 1902 3791 2076 dol
4034 1998 6195 2204 chen würde. Es wäre nicht undeukbar, dass
4034 2148 6186 2364 ja, fast stage ich zu behaupten, wahrschein-
4019 2329 6195 2492 lich, dass am Ende doch diswirkung ge¬
4034 2486 6064 2698 schähe was nach meiner erleuchtung vom
5049 2598 5302 2692 schien
4022 2648 6201 2838 Schicksal gewollt war. Es ware eingetrof-
4059 2757 6086 2969 fen, es hätte eintreffen müssen, was das
4050 2941 6030 3129 Schicksal vorgehabt hatte, als es mich
4072 3069 6164 3322 und Maria einander begegnen liess. Ja, ich
4081 3241 6148 3469 weiss es jetzt und in diesem Augenblisk
4078 3375 6267 3594 gibt es keinen Irrtum, das Ungeheure würde
4069 3532 6257 3791 sowie ich es einst erwartet,wie is h es ge¬
4065 3675 6251 3922 wünscht, wie ich es bereit gewesen war auf
