3320 4120
2694 426 2792 568 2
1211 664 2789 854 Ueber dem See draussen liegt die
699 845 2857 1012 Nacht. Stumm, schwarz und fern ragen die Berge.
693 1021 2851 1217 Lies nur weiter, meind Freund,es ist trotzalle-
688 1164 2774 1348 dem ein Brief. Am jenseitigen Ufer längs der
699 1307 2783 1497 Stramdpromenade glitzern die Lichter, die ich
688 1494 2854 1646 nicht mehr werde verlöschen sehen. Oder doch-?
679 1640 2890 1789 Würdeich so gelassen, sogar mit einiger Sorgfalt
676 1792 2884 1935 meine Worte aneinanderreihen, wenn ich im Inner-
679 1946 2941 2098 sten davon überzeugt wäre, dass dieser Brief auch
679 2104 2851 2277 wirklich mein letzter, dass in ein paar Stunden
661 2274 2887 2429 wirklich alles für mich vorbei sein wird? Warum
655 2399 3021 2607 nicht?- Aber es ist immerhin beruhigend sich nicht
661 2542 3045 2717 verurteilt zu fühlen, sondern nur e n t-
667 2705 2908 2890 schlossen. Dass man etwas nicht muss,
646 2857 2914 3030 macht alles leichter, sogar das Sterben. Du ver-
655 3036 3054 3229 ziehst den Mund, mein Bester, aber du liesest weiter.
643 3199 2824 3336 Dass ich schon tot bin stimmt dich milder oder
643 3351 2929 3518 doch wenigstens neugierig. Ich aber frage dich
