3416 4152
2777 477 2907 676 36
735 587 3029 836 vollkommen aufzugeben.denn,so fern es ihrem wahr-
723 791 3076 984 haft reinen Herzen lag für ihren Geliebten äussere
723 937 2952 1141 Ehren und Ruhm zu erstreben, es war noch weniger
726 1105 2984 1289 nach ihrem Sinn sich ihn für die Dauer ohne eine
717 1248 2943 1452 nach einem bestimmten Ziel gerichtete Tätigkeit
714 1405 3088 1580 vorzustellen und dass eine fruchtbare Tätigkeit für
720 1562 2922 1758 jeden Menschen doch nur innerhalb eines ihm von
696 1719 2976 1918 seiner Begabung angewiesenen Kreises denkbar war,
699 1852 2931 2072 fühlte sie und sprach es mit aller Klarheit aus.
685 2033 2925 2184 Aber von all dem war doch nur nebenher die Rede.
673 2169 2928 2365 Denn war ist Zukunft für ein leeres Wort in ei-
670 2344 3053 2561 ner Gegenwart, die unerschöpflich und darum auch un-
667 2484 1526 2685 aufhörbar scheint.
1073 2581 3059 2827 Der Sommer kam heran mit heissen Tagen und
652 2819 3014 3041 schülen nächten. Maria hatte leichte Anwandlungen
649 2958 2869 3136 von Mattigkeit, denen ich umso weniger Bedeutung
643 3085 2949 3322 beilegte,als sie selbst sie gar nicht zu beachten
631 3239 2765 3468 schien, bis sie eines Tags vor Sonnenuntergang
622 3429 2884 3639 während wir beide auf dem kleisen Balkon unserer
613 3556 2798 3788 Wohnung um Arno sassen, ganz unvermutet in eine
