3336 4120
2442 316 2535 480 3
629 517 3049 700 was du dich selbst auch fragen dürftest - warum ich
1202 666 1416 790 denn
629 676 3006 846 diesen Brief gerade an dich richte, dem all das, was
638 824 2996 1013 ich bisher gesagt habe und noch sagen werde, ebenso
638 973 3009 1140 twiderwärtig als im tiefsten Grunde unverständlich
648 1112 3080 1295 sein dürfte - sein muss? Warum nicht an eine dankba-
638 1292 3043 1481 rere.eine würdigere Adresse? An die Nachwelt - oder
635 1456 2904 1649 bescheidener gesprochen - an die Unbekannten.die
641 1602 2820 1766 diemels meine Feinde und niemals meine Freunde
641 1741 3102 1927 waren und daher in jedem Falle von Vorurteilen gegen
645 1890 3136 2089 mich frei sein werden? Sollte es etwa eine Art von Bus
645 2073 3031 2234 se sein, die ich mir und meiner Eitelkeit auferlege,
648 2243 3006 2380 indem ich diesen Brief - als Vermichtnis gewisser-
641 2383 2956 2547 massen - gerade dir hinterlasse, mit dem eines Ta-
645 2532 2789 2727 ges.eines sehr fernen Tages wollen wir hoffen,
641 2690 2869 2835 mein Geheimnis, die Geschichte meiner Schuld und
654 2817 2922 3009 Sühne, wie andere dir sympathischere Autoren sich
648 2975 2962 3164 ausdrückten dürften,endgiltig begraben sein wird?
1112 3142 2928 3313 Doch wie immer;- geschrieben
641 3294 2935 3483 soll es stehen; in Worte soll gefasst sein,warum
651 3424 3037 3644 ich sterbe, vielmahr, warum ich zu sterben entschlos-
