3304 4040
2511 345 2624 477 44
715 444 2941 689 wir waren wahrhaft eins geworden, einander nicht
726 638 2955 811 wie andere in Schuld-nur in Seligkeit verfallen
732 794 3000 986 waren wir einander. Und nun erst geschah es, dass
729 961 2876 1122 der geheimnisvolle über mich und unsere Liebe
734 1113 2958 1280 hinausweise de Sinn des Schieksals, das uns ver-
754 1243 2924 1418 bunden hatte, sich mir über die letzten Zweifel
743 1415 2839 1590 hinaus enthüllte. War schon "Liebe" für das,was
749 1565 2949 1735 uns aneinander hielt, ein allzu armseliges Wort,
768 1723 2848 1893 so wollte mir gar das Wort "Schmerz" für das
760 1848 2941 2040 was mir bestimmt sein mu ste, sobald Maria mich
768 2031 2890 2198 auf Erden allein gelassen, lächerlich nichtig.
774 2189 2867 2362 wie aus einer anderen, leer hallenden, fremden
777 2345 2958 2506 Sprach geholt erscheinen. Was ich nach Marias
777 2483 3026 2681 Tode zu erwarten hatte,war etwas durchaus Unvor-
791 2639 2898 2825 stellbares, darin die Fülle der Erinnerung.un-
783 2819 2825 2978 stillbare Sehnsucht und das Ungeheuerste an
797 2969 2876 3133 menschlicher Einsamkeit sich zu etwas Neuem,
794 3127 2966 3317 noch von niemandxx Erlebten vereinen,- und aus-
797 3271 2800 3446 dessen Unergründlichkeit erst emporsteigen
794 3430 2802 3616 musste, was ich als meine Sendung auf Erden
