3336 4184
2641 404 2774 590 64
814 545 2992 754 Gewisse Bemerkungen über die Krankenschwester
822 729 2805 896 zu Anfang seines Briefes werden zur Genüge
816 907 3068 1034 dadurch charakterisiert erscheinen, dass die jun-
828 1065 2822 1201 ge Dame, aus einer guten Brescianer Familie
831 1220 2865 1350 schon damals im Stillen mit mir verlobt war
831 1379 3045 1506 dass sie nun tatsächlich seit acht Jahren meine
828 1509 2994 1641 Gattin ist und mir drei Kinder geboren hat. Es
828 1667 2958 1845 entbehrt nicht des tragischen Humors, wenn ich
825 1816 3034 1955 noch aufzeichne, dass wir auf unserer Hochzeits-
825 1980 3034 2127 reise, die uns für einige Wochen nach meiner Va-
842 2113 2966 2266 terstadt Wien führte.Gelegenheit fanden, eines
828 2283 2949 2444 der von ihrem Verfasser selbst gar nicht übel
828 2435 2882 2616 gekennzeichneten Theaterstücke zu sehen. Es
833 2610 3009 2777 dauerte lange, bis ich und besonders meine Frau
831 2726 3020 2901 sich von dem peinlichen Eindruck dieses Abends
833 2896 2966 3045 erholen konnten. So viel ich das von hier aus
836 3051 2828 3232 verfolgen kann, hat sich keine der Komödien
825 3237 2862 3407 auf den Bühnen zu erhalten vermocht. Es ist
833 3387 2904 3557 heute gerade zehn Jahre her, dass er sich er-
825 3523 3099 3689 schossen hat. Die Unsterblichkeit dauert manch-
