3352 4120
666 528 2961 727 Nun, es bedurfte keiner besonderen Seelenkunde.um
684 694 3149 875 deine Blicke,wie deine ganze Grundstimmung mir gegen
681 853 3063 1046 über zu erfassen; - zu verwundern ist nur, dass sie
687 1016 2918 1191 auch nach so langer Zeit unvermindert andauert
703 1135 3060 1326 und dass es dir nicht einmal gelingt in diesen für
697 1335 3115 1504 mich wie du wohl annehmen musst. schweren Tagen dich
706 1470 2885 1639 so weit zu beherrschen, um ein freundliches, ja.
712 1642 2943 1792 um nur ein unbefanges Wort mir gegenüber zu fin-
712 1792 2943 1967 den. Zum Neid gebe ich dir doch in keiner Weise
712 1903 2894 2111 mehr Anlass;- selbst mein Ruhm, der dir als der
736 2081 3026 2271 eines Dichters wohl nie sonderlich erstrebenswert
730 2259 2937 2424 erschienen sein dürfte, gehört nicht zu der Art,
740 2384 3004 2584 die die Welt mit ihrem Widerhall erfüllt, und ich
733 2581 2928 2753 sweifle so wenig daran als du, dass in etlichen
743 2694 2934 2897 Jahrzehnten kein Hahn mehr nach mir und meinen
733 2872 3106 3050 Werken krähen wird. Warum also, mein Freund, dieser
749 3017 3038 3216 unauslöschl Iche Hasa gegen einen Menschen, dem du
746 3164 3164 3369 doch bisher nichts weiter vorzuwerfen hast, als dass
755 3360 3093 3535 er nicht besser, auch nicht schlechter, nur eben an-
