3240 4056
2559 318 2687 586 46
565 443 2629 708 tigen Besitzergreifung verschuldet war. Aber
559 712 3002 895 gerade diese Erwägung, die mich retten sollte, stürzte
562 883 2929 1063 mich in die hilfloseste Verzweiflung.Denn traf sie
565 1035 2785 1212 zu, so war ich, so waren w i r beide - Menschen
577 1203 2880 1356 wie andere auch und was uns zusammenknüpfte wurde
583 1350 2974 1475 ein Band, wie es schon zwischen Millionen von Paaren
577 1496 2886 1618 sich geschlungen, gelockert, gelöst hatte. War aber
568 1646 2980 1774 meine Liebe nicht etwas völlig Neues und Unerhörtes
580 1808 2932 1945 und musste demzufolge auch der Schmerz, der mir be-
589 1976 2883 2083 vorstand, schon von anderen Liebenden gefühlt wor-
586 2122 2922 2232 den sein, die ein geliebtes Wesen an den Tod verlo-
586 2275 2941 2397 ren,- so war auch meine hohe Sendung nichts als ein
592 2428 2941 2538 Soiel meiner Eitelkeit und Einbildung, ja, schlimmer
589 2583 2950 2709 als das. ein ausgeklügeltes Rechenexempel, das nicht
580 2724 3029 2877 mehr stimmen konnte, wenn es zur Probe kam. In dieser
602 2883 2892 3005 Erkenntnis oder in dem Goisteszustand, den ich da-
589 3002 2849 3203 für hielt, erschien ich mir so elend und schmach-
599 3182 2776 3316 bedeckt, dass sich mir nur eine mögliche Lösung
599 3377 2932 3466 darbot; und mein Auge richtete sich zu einem Fels-
602 3518 2819 3719 grat empor, von dem ein Absturz in die Tiefe den
