6552 4312
629 617 2721 785 ihrem Glanz wie verhängt. Da Maria keine
617 757 2759 953 weiteren Spaziergänge unternehmen durfte,
604 934 2914 1108 mir aber solche unter allen umständen unent¬
617 1059 2771 1277 behrlich waren, fügte es sich, dass ich oft
617 1261 2718 1411 stundenhang von ihr ferne blieb. Wenn sie
1846 1354 2609 1463 artlichen Abschied.
617 1426 2936 1604 mich des Morgens mit Meiterem Gruß entliess,
623 1548 2942 1719 glaubte ich an dem gespielt heiteren Ausdruck
1214 1703 1794 1809 imme wieder
2055 1666 2292 1772 entre
632 1725 3030 1874 ihrer Mienen manchmal zu erkennen, dass es auf
2120 1831 2292 1915 en
766 1837 1495 1934 be en atfred
626 1896 2877 2024 wie zu einem Abschied auf Nimmerwiedershen
722 1980 2547 2074 Gewesen sein konnte und sehr nä exemple
629 2052 2690 2164 war.Denn seit jenen beruhigenden Worten
629 2195 2918 2310 des Florentiner Arztes war sie sich über ih-
629 2354 2924 2507 ren Zustand völlig klar geworden,was ich un-
617 2513 2815 2631 trüglich erkannte, ohne dass xxx mir ja
632 2612 2865 2796 ich sie je gefragt oder sie es mir zugétan-
626 2802 2703 2955 den hätte. Und jetzt erst wurde es wahr,
623 2927 2768 3083 dass wir einander, wurde es für mein Ge-
2233 3048 2690 3160 überhaupt
632 3136 2886 3260 fühl zum ersten Male wahr, dass zwei mensch-
617 3220 3117 3419 liche Wesen einander wirklich angehörten gemachten
610 3400 2871 3543 Denn auch in den innigsten Verbindungen, bei
623 3568 2964 3715 vollkommener gegensändiger Treue waltet in den
623 3702 2896 3933 Tiefen unseres Wesens der prang von Frau zu
5748 336 5907 514 48
4867 439 5181 610 aeb an
3500 539 5997 713 Mann und Mann zu Frau unbeirrt nach ewigen
3780 729 6038 887 Gesetzen weiter; auch wenn kein bestimmtes.
3786 850 5985 1046 oder gar bewusstes Verlangen wach wird, se
3780 1031 6087 1199 fehlt es doch nicht ganz an Blicken, die ver-
3786 1137 6062 1364 räterisch davon Zeugnis geben, dass der lie-
3786 1348 5982 1476 bende Mann auch in einer anderen Frau die
3777 1491 6109 1653 Frau die liebende Frau auch in einem anderen
3793 1600 5963 1787 Mann als in Ihrem Geliebten den Mann ahnt
5212 1681 6115 1812 nach weitere Liebes¬
3802 1790 6112 1968 erkennnt und weise; ist auch an Möglichkeiten
4039 1909 5309 2005 kein Schönicht vorhanden
3799 1940 5873 2092 nicht einmal ein Gedanke vorhanden und
5901 1921 6355 2195 Thostenpeite
4126 2055 5387 2148 die i meis Verhindener selbst
3814 2040 6097 2267 graut es uns selbst vor dem Spiel mit ihnen,
5580 2192 5866 2285 dente
6006 2233 6274 2370 Icken
3811 2282 6000 2394 das Wissen um sie ist nicht fortzuspielen,
3836 2360 5181 2482 als und nicht betrücht
3817 2373 6050 2581 dares von der Natur selbst gewollt scheint.
3842 2531 5623 2628 est mett forstge den bei uns fortgedenkei¬
3817 2569 5969 2718 Aber auch dieses bescheidenen unbewuesten
3786 2703 5919 2871 "Masses von Freiheit hatten Maria und ich
3571 2849 6041 3014 ###sw. sich in diesen Tagehabegeben. Wir waren et.
3817 3017 6078 3179 was Inlöslichss, unt mit Barss nur waren wahr-
3817 3198 6128 3338 haft eins geworden, einander nicht wie andere
4499 3304 4783 3394 Nun
3799 3335 6134 3484 in Schuld, wir in waren in Seligkeit einander
4067 3441 5001 3550 Meiln wir einander
3668 3503 6081 3646 verfallen. Ond nun erst gesohah es, dass der
3824 3631 5985 3892 geheimnisvolle über mich und unsere Liebe
