3384 4088
2640 389 2771 611 37.
593 558 2884 781 leicht gut,wie du dir wohl denken magst, dass das
583 752 2912 956 Schicksal darauf verzichtet hat mich auf die Pro-
586 919 1276 1113 be zu stellen.
1107 1053 2922 1241 Es war mir kaum aufgefallen, dass Maria
586 1263 2906 1411 über meine dichterischen Bestrebungen und Erfolge
596 1373 2916 1568 bisher noch kaum ein Wort geäussort hatte. Leicht
589 1558 2963 1731 zu merken war freilich, dass meine Stücke, ohne dass
596 1693 3116 1853 sie es geradezu aussprach,ihr aller ziemlich widerwür-
589 1840 2969 2019 tig gewesen waren. Und es überraschte sie kaum, als
596 1997 2975 2204 sie mich von dieser Erkenntnis, aus der ich ja kein
596 2166 2963 2336 Hehl machte, nicht nur nicht verletzt, sondern sogar
586 2298 2928 2502 belustigt sah. Aber seltsam und freudig berührte
593 2458 2881 2643 es mich, als sie mir nun eingestand, dass sie auch
586 2611 2875 2793 in jenen ihr peinlichen Produkten zuweilen einen
589 2759 2878 2988 anderen und bes eren Menschen geehnt als den der
589 2928 2878 3101 sich darin kundgegegen;- ob auch eine höhere Art
599 3110 2865 3257 von Dichter als die Menge bisher in mir erkannt,
602 3257 2869 3398 darüber masste sie sich freilich kein Urteil an.
599 3395 2966 3564 Doch keineswegs war sie zufrieden, als ich sie mei-
596 3568 3010 3743 nen E tschluss vernehmen liess, die Schriftstellerei
