3352 4120
2635 446 2773 654 17
733 428 3087 803 chelte zu ihr auf, sagte:“Mir ist wieder ganz wohl,
715 736 2814 941 Mutter" und dann, vollkommen beherrscht, ihren
715 871 2949 1099 dunklen Blick auf mich heftend, richtete sie die
683 1046 2990 1266 Worte, die ersten, seit wir einander zugehörten, an
704 1175 3002 1436 mich: "Hale ich Sie erschreckt?" Ich versicherte,
701 1404 2928 1515 dass das nicht der F.all gewesen sei und durfte
698 1501 2931 1744 es mit bestem Gewissen, denn tatsächlich war ich
695 1671 2975 1823 während des ganzen Vorfalls nicht nur vollkommen
692 1788 2999 2008 ruhig geblieben, sondern vielmehr mir einer gewis-
689 1946 2999 2196 sen, nicht unangenehmen Spannung bewusst geworden.
686 2134 2917 2380 Ich küsste der Mutter zu verspäteter Begrüssung
671 2225 2861 2524 die Hand und bat um die Erlaubnis die Damen an
677 2401 2717 2591 einen Tisch geleiten und ihnen Gesellschaft
674 2588 2852 2817 leisten zu dürfen, bis das Fräulein sich völlig
683 2714 2761 2981 erholt hätte und zu einem nächsten Tanz Lust
668 2887 2752 3139 verspürte. “Ich denke”. sagte die Mutter,”vom
1222 3019 1624 3116 wohl fiir
660 3081 2963 3292 Tanzen wird Maria heute genug haben“ und wie neu-
668 3192 3025 3453 serdings zur Erkenntnis einer überstandenen Gefahr
651 3339 2873 3620 erwachend rief sie aus: "Was ist dir nur einge-
639 3500 2870 3729 fallen.Maria? Du weisst, wie strange es dir ver-
