6600 4344
2756 523 2915 702 49
3730 490 6141 739 elt So=hangte, ich dann  Gewohnigkeitet Une Märts, denn
1242 629 1729 798 Sinn des
606 656 3057 891 hinausweisende Schicksal, das uns verbunden
3674 739 5976 881 ###abwenülaüch tdie Menschennimeslbegemeinendso
802 881 2898 1037 hatte, sich mir über die letzten Zweifel
3644 898 5939 1057 rerabeschaffen sind, dass habe kunden Inschen
818 1007 3081 1199 hinaus enthüllte. War schon das Wort Liebe
3693 1050 6039 1232 e II Hnhedoch ausghelch edavon zu, ritt ernöve mö-
2822 1120 3077 1222 gall,
745 1153 3054 1352 für das was uns ane i hander hielt, ein arm-
3879 1146 6171 1358 gen meine Gefasstheit, meid Wissen umodas,was
543 1315 2839 1517 -eif seliges wort, so wolltemir gar das Wort
3746 1338 6072 1497 aovkoumen würde „waa ikdunen mussatie,dung ebense
2332 1418 2895 1534 sen müsse.
649 1484 3107 1653 Schürz, für das, was hir bestimmt war, sobald
3852 1530 6122 1696 weft über das hilnausmas man sonst
490 1623 3147 1809 nenen Mariäsmith auf Erdenn ald eihigensxx lächer.
3644 1650 6012 1819 dol rochar ###mgast###n enuidein Jdar f,laal a Imq huolamériően
603 1802 3150 1951 lich nichtig; wiel aus einer anderen leer hal-
3621 1802 6042 1948 sälln umpflindh uggen eübendast hinaugjängete,matoldie
490 1951 3008 2097 xxxilenden fremden sprache geholt erscheinen.
3710 1954 6128 2127 — uä Mensithennetoukte zaflud Littekke aandi B ottoenliz „at ba-
835 2080 3104 2276 Was ich nach Mariae Tode zu erwarten hatte,
3753 2074 6115 2289 dokainthan pflegen. Ehenso töricht wärmkein zu
851 2236 2975 2418 war étwas durchaus Unvorstellbares, darin
3707 2262 6191 2448 del fragen, ob ich mich damals glücklich xxx un-
865 2438 3067 2564 die Fülle der Erinnerung,unstillbare Sehn
3674 2425 6032 2590 -Tos glüht kki dhelgaf ühltka;- miti alikem, jaar ja in
851 2577 3057 2756 sucht und das Ungeheuerste an menschlicher
3823 2557 6148 2769 heiner Seele, ja waa maison Nohstedlungsver-
855 2720 3177 2915 Zinsamheit sich zu etwas Neuem, noch von nie-
3879 2736 5992 2882 mögen und meinen Erfahrungen nach je in
841 2845 3077 3044 mand erlebtem vereinen und aus desen Üner-
3693 2839 6019 3041 uf Mensch### den vorgagangen war,hatte,wie
851 3041 3097 3197 gründlichkeit erst emporsteigen musste, was
3776 2998 6148 3197 se ich heute noch beschwöreh kann, mein Zustand
576 3167 3134 3362 ich als meine Sendung auf Erden früher wohl
3882 3213 6108 3402 in jenen ragen nicht das Geringstaugete in.
871 3293 3127 3524 geahnt, nun aber in seiner ganzen Notwendig-
3687 3362 6009 3531 — t k Nure rükroft eiw fortsetz sollte ich noch im
547 3465 3114 3687 keit erkannt habe, das Werk. wie hätte ich
3677 3495 6095 3664 — a ldgehötwe Heinskykauholu geraunstistu bleiben,
573 3611 3011 3809 alsogum Maria sittern dürfen oder können
3621 3657 6062 3836 -us durohn darast xyz köthgd nimh, den vær alle
752 3773 2812 4031 Sehi enennu bar doim nedü effovaimmiede
