3384 4088
673 472 2945 730 vollkommen aufzugeben, denn, so fern es ihrem wahr
679 659 3023 866 haft reinen Herzen lag für ihren Geliebten äussere
661 851 2892 1071 Ehren und Ruhm zu erstreben, es war noch weniger
685 976 2940 1181 nach ihrem Sinn sich ihn für die Dauer ohne eine
691 1169 2868 1376 nach einem bestimmten Ziel gerichtete Tätigkei
700 1293 3082 1486 vorzustellen und dass eine fruchtbare Tätigkeit für
715 1448 2919 1667 jeden Menschen doch nur innerhalb eines ihm von
694 1557 2984 1803 seiner Begabung angewiesenen Kreises denkbar war,
697 1789 2945 1955 fühlte sie und sprach es mit aller Klarheit aus.
697 1940 2945 2106 Aber von all dem war doch nur nebenher die Rede.
691 2067 2948 2302 Denn war) ist Zukunft für ein leores Wort in ei-
694 2251 3076 2423 ner Gegenwart, die unerschöpflich und darum auch un-
697 2400 1551 2607 aufhörbar scheint.
1115 2477 3103 2732 Der Sommer kam heran mit heissen Tagen und
709 2705 3055 2922 schwülen Nächten. Maria hatte leichte Anwandlungen
715 2836 2910 3073 von Mattigkeit, denen ich umso weniger Bedeutung
709 3029 3017 3207 beilegte, als sie selbst sie gar nicht zu beachten
718 3195 2815 3370 schien, bis sie eines Tags vor Sonnenuntergang
718 3361 2928 3524 während wir beide auf dem kleisen Balkon unsere
706 3491 2865 3752 Wohnung am Arno sassen, ganz unvermutet in eine
