3336 4120
2617 322 2752 490 27
683 485 2758 667 besiegelnden ernst als die reinste und na-
697 614 2868 804 türlichste Angelegenheit von der Welt. Von der
686 780 2788 973 Mutter erbat ich mir die Erlaubnis die Damen
703 928 2876 1135 am nächsten Tag abholen zu dürfen, um ihnen die
708 1102 2738 1289 paar Bilder und Kunstgegenstände zu zeigen,
711 1243 2810 1438 die mir, zum Teil als Erbstücke von meinen El-
722 1397 2824 1573 tern her, zum andern als von mir selbst gesam-
719 1551 2849 1799 melt einen nicht sehr anspruchsvollen Schmuck
760 1700 2772 1893 meiner Villa bedeuteten. Es war ein kühler
733 1857 2871 2041 Vorfrühlingstag„als ich Mutter und Tochter in
733 2003 2890 2265 meinem kleinen Gärtchen herumführte, die Rosen-
744 2152 2796 2424 stöcke waren in Stroh gehüllt, auf dem Rasen
752 2314 2964 2576 zerfloss der Schnee, unter einem kahlen Jaemin-
760 2468 2876 2744 strauch zeigten sich ein paar frühe Teilchen.
774 2595 2929 2912 Später, nachdem ich meine bescheidenen Kostbar-
763 2783 2904 3053 keiten hatte bewundern lassen, sassen wir eine
766 2923 2951 3135 Weile im Arbeitszimmer am Kamin, in dem übri-
788 3099 2926 3372 gens die Asche eines Werks verglimmte, das ich
791 3251 2962 3455 erst vor ein paar Wochen begonnen und an die-
793 3408 3011 3697 sem Morgen, da es mir in seiner frechen und kal-
