6520 4392
4126 454 6077 629 ge bis wir eines Abends am Seeufer uns
503 463 2561 678 wie ich es auf vorhandene Freifellung
4123 583 5163 702 e kov oals, alsmab et
5718 604 5997 706 of the
555 531 2966 785 nach de Tor, wenn hätte, - eine sog vergelebt gelte
2755 687 3120 816 wur
4000 684 6022 850 wie durch zufall wieder einmal ansahen,
696 733 2687 923 gen, würde eine Komöd ie schreiben,kühl,
3969 748 4874 862 amtsm geb Nous bo?
4190 807 6077 1009 sie, sie mich und jeder an des Andern
4006 825 4202 994 ich
712 853 2929 1067 glatt und frech,wie man sie von mir gewohnt
4187 908 5107 1018 sel meidl hoss dol
4000 972 5988 1147 Blick mit Säaunen und Egriffenheit zum
712 1006 2865 1248 war, ja, es würde sich wohl die Notwendig-
3991 1101 5979 1316 Dasein wieder erwachte. Es war derselbe
712 1175 2706 1356 keit ergeben etwas dergleichen zu tun,
6049 1187 6279 1304 eyner
5383 1202 5583 1310 ten
4000 1267 6224 1448 Blick, ganz derselbe, den wir jedes
724 1307 3043 1534 denn, das du es nur weisst, mein Freund,
4077 1383 5564 1466 emer in der onder bage preuet
3730 1304 3896 1497 XXXI
4000 1454 6089 1607 Aug davengetragen, als wir an jenem Ball-
825 1454 1368 1583 meistreicht
739 1488 2770 1702 nicht einmal wohlhabend bin ich; ich habe
4316 1525 4712 1626 devi
3994 1561 6025 1776 abend plötzlich gewusst hatten, dass wir
727 1583 3052 1822 sehr über meine Verhältnisse gelebt und halle
4356 1666 5595 1764 nur erste at den clap in B.5
1887 1690 3080 1825 une liche. j'en butoiy
4114 1739 5994 1914 nander angehörten einander verfallen
739 1758 3206 1975 wüdde ich weiterleben wollen, so bliebe mir weib
933 1755 1439 1865 die lehicht
3718 1804 3899 1942 4 3 3
4212 1828 4770 1929 nereand u
2831 1847 3193 1969 in éviter
1994 1865 2779 1991 wenn februar
3979 1874 5994 2067 waren. Wie zu einem ersten Kuss sanken
1482 1905 1755 2009 audus
2764 1905 3031 2061 wch
730 1923 2779 2141 am Ende gar nichts übrig als Gold zu verdie¬
4417 1972 5365 2083 towaz 3itöw Tew 2-2
3994 2015 6028 2224 wir einander in die Arme und jetzt erst
748 2123 2693 2298 nen. Am Ende könnte man auch noch eine
5310 2129 5534 2221 [incompréhensible]
4083 2147 4368 2245 war
4006 2138 5985 2368 wurde es das Glück Sie wusste, dass sie
733 2245 2788 2463 reiche Heirat machen denkst du dir. Ich
3693 2252 3951 2399 toutes
4429 2359 6043 2543 war und ich konnte nicht daran
4114 2362 4368 2472 rlore
4426 2426 4954 2543 ui s doaed r
4110 2439 4365 2537 a B v r
755 2377 2982 2604 will nicht leugnen, dass mir auch das dum
3721 2368 3942 2574 xx
3997 2482 5936 2693 zweifeln, dass sie es wusste. Aber nie
742 2564 2914 2755 den Kopf ging in jenen Dämmertagen. Solch
4635 2598 4819 2684 sie
2374 2632 2733 2733 Schurke
4003 2653 6083 2850 sprachen wir davon und sie erwartete, sie
764 2724 2917 2905 ein Mensch war ich damals. Kein Schuft, das
4411 2752 4653 2844 men. 2
3475 2718 3951 2880 mer mab.
4000 2788 6046 2994 sehnte sich darnach, ich las es in ihrmm
776 2862 3129 3043 wäre ein viel zu grosses Wort, nein, einfach
5282 2893 5540 2985 kla ä
4411 2911 4887 2991 vaal hor!
5841 2841 6239 2997 ihn Leben
3564 2847 3966 3046 -ed of a
4006 2957 6144 3150 heischenden Blick, an meinem Herzen auszu-
1046 2994 1350 3110 Wohl
767 3003 2871 3209 leer, ausgelöscht, seelenlos. Mein Gott, was
3494 3015 3865 3153 oie
4000 3095 5994 3294 hauchen. Sie verlangte, sie forderta as
773 3169 2877 3371 machen. wir alles durch in unserem kurzen
4632 3202 5641 3298 wäh nach nov, nach
4804 3267 6034 3426 mir, dass meine Zartlieh-
4015 3285 4813 3411 schweigend von
782 3341 2865 3525 Dasein. Es ist verwunderlich,glaube mir,
4298 3365 5169 3479 w nezoweg 7 ln 8 l
5304 3356 5626 3463 nejare
3515 3350 4310 3472 etusntaatm.Jansu
4000 3411 6126 3620 keit, Nun sollte man glauben, dass ein sol-
779 3472 2887 3684 Dieser nur in der Erinnerung unheimliche
4696 3518 5337 3610 KJsato! menf
3571 3497 3890 3632 -aM do
4006 3561 6046 3745 cher Grad von Gefasstheit mich mit Ent-
785 3632 3003 3834 Zustand, denn in seinem Wesen lag es ja,daa
4356 3663 5571 3748 abud nie nehtedoantu asi
3509 3614 4227 3807 ¬nned.medosm u
4000 3706 6101 3893 setzen hätte erfüllen müssen. Vielleicht
779 3791 2936 4015 es mir selbst gar keinen Eindruck machte,
801 3942 2979 4150 dauerte so lange, drei oder acht oder zehn
