6568 4136
2742 240 2896 423 27
843 449 3045 620 ein jünglingshaftes, schmales, Bartloses Ge-
1424 575 1958 700 irgendwie
3905 566 6026 698 Sommerwohnung in der Brühl, die sie all-
617 595 806 746 :d:o 2:
840 586 3062 780 sicht,das mich an die Züge eines Offiziers
3971 720 6241 832 jährlich schon im Mai mit der Mutter be###
832 806 2833 932 aus den Freiheitskriegen erinnerte. Die
5403 812 5872 915 abgesehen
3965 858 6163 1052 und bald erfuhr ich, dass sie, von klei-
832 901 2973 1069 überschattetam Augen, die schmalen Lippen,
3965 1015 5938 1164 nen Ausflügen abgasshen, und von einem
843 1092 3036 1241 das scharfgeschnittene Minn, ganz besunders
3959 1158 6195 1304 im vorigen Herbst auf einem niederösterrei-
838 1238 2890 1386 aber die wunderbar freie Haltung,in der
3965 1344 6121 1475 chischen Landsitz bei Freunden verbrachten
849 1366 2936 1527 sich eine unbedenkliche Leichtigkeit des
5938 1427 6258 1527 Pann
5200 1435 5526 1521 wiling
3945 1478 6109 1664 Aufenthalt sich in der weiteren Welt noch
849 1541 3102 1710 Gebens und zugleich eine stolze Bereitschaft
3945 1644 6058 1810 nicht umgetan hatte. Als ich Miene machte
849 1710 2859 1830 des Empfangens ausdrückte, hatte er der
3876 1792 6003 1915 „sie deswegen zu bedauern, wollte sie das
860 1818 2902 2010 Tochter vererbt, die mir, während ich mit
4691 1892 5146 1987 gelten lassen
3934 1930 6046 2138 durchaus nicht (Begreifen) Unzufriedenheit
846 2001 3065 2135 der Mutter plaudertelin einem dunkelblauen
3934 2093 6092 2244 und Sehnsucht lag ihrem Wesen fern; immer
866 2150 2996 2298 Sammtfauteuil, ohne Hände oder Arme aufzu-
3928 2256 6155 2396 entschiedener gab sich mir eine noch nicht
855 2327 3002 2481 stützen, zuerst ganz schweigsam gegenüber -
3671 2373 5966 2541 erwachte, ja kaum zum Bewusstsein ihrer
852 2447 2942 2607 sass. Erst später beteiligte sie sich am
3922 2564 6149 2733 Selbst gelangten Seele kund und auch unse-
872 2630 2819 2764 Gespräch und ihre erste Frage, da eben
3934 2707 6046 2870 re Begegnung,die ich, jedem Aberglauben a
880 2724 3050 2919 von meinem kleinen Besitztum die Rede war,
3911 2882 6095 3027 abgeneigt wie möglich, doch wie etwas Vor-
866 2904 3087 3053 lautete, ob ich selbst mich mit Gartenarbei-
3762 3033 6055 3193 bestimmtes empfand, nahm sie ohne Verwun-
866 3053 3073 3230 ten beschäftige. Als ich bemerkte, dass ich
2193 3176 2378 3276 1l:1
3922 3185 6195 3325 derung und ohne jede Andacht hin;  sie hat-
866 3216 3027 3373 es bisher nicht weiter gebracht hätte als
3928 3285 6086 3485 te gewiss schon in manchem Buch von jener
866 3419 2962 3536 bis zum Blumenpflücken und Obsthebunter-
2310 3479 2736 3585 schwachen
3911 3448 6146 3659 geheimnisvollen Liebe auf den ersten Blick
880 3548 3022 3731 schütteln ging sie auf den mässigen Söherz
2384 3639 2581 3731 tend.
1770 3636 2321 3756 Stahevdsn I
1172 3679 1332 3762 ain
3862 3588 6161 3856 gelesen, die mir bisher immer al an die ich
400 3642 695 3811 vrais
886 3711 3033 3871 nicht ein,vielmehr erzählte sie von ihrer
