6552 4248
3362 331 3848 496 25./5. 1 987.
5868 364 6033 540 36
3733 391 5824 674 at miel medosnek melle, nehmdnev dotlaöl
2637 496 2803 621 35
3770 637 6280 813 geheimnisutlindüssterben Kraft erfüllen, die fä-
830 570 2924 816 meinem Zimmer auf und ab ging,ergriff er
4128 728 5092 843 daß sie tätig war
3949 799 6111 965 hig war innerhalb einer karg zugenessenen
833 793 2924 961 unwiderstehlich Besitz von meiner Seele.
5555 894 5797 988 reich
3693 931 6104 1093 Frist das geliebte Geschöpf mit reihaben
830 954 2924 1123 Mit Beschämung fast ward ich mir nun
4253 1035 4715 1143 églaite
846 1099 1049 1197 inne
3926 1103 6064 1275 Glücke zu begnaden als es eine behaglich
853 1083 3029 1282 wuszt, dass ich in den vorhergegangenen Ta-
3541 1251 6205 1413 ni xxx unbekümmerte Zärtlichkeit imstande wäre, die
836 1275 3072 1430 gen nichts anderes gewesen war als ein ver-
3555 1403 6155 1548 Gedhove ohne ein Ende! vorbeichsZuusschen, almählich
833 1383 2907 1568 liebter junger Mensch und meiner wahren
3561 1548 6067 1730 ###ich selbst verljächtsÜnds (inrich) ent-
840 1551 3035 1713 Berufung aufs Kläglichste vergessen hatte.
3663 1706 6155 1882 Geschlossen ### verbot oder durch nur
830 1680 2914 1885 Dieser aber ward ich mir jetzt in einem
1578 1838 1852 1943 nicht:
3561 1882 6158 2037 etam. Jusigar vangögänädenni Einrede aüf -das weitere
846 1841 3008 2034 bisher von mir xxxxgekannten.kaum geahn-
3602 2007 6263 2172 Geschehen auflüssezungstätten,besprach ich
840 2007 2863 2185 ten Masse neu bewusst und zugleich mit
3649 2175 6246 2330 ab, atimit Mari###, zu der der Anzt xxx andeutungswei.
846 2172 2975 2337 ihr und mit der gleichen Macht, als wären
860 2324 1126 2415 diese
3656 2320 6124 2469 29 mässe Morsichtigbefden Aufschubt der Höchzeit
840 2303 3055 2523 beide Seelenkräfte untrennbar vereint,mei-
3585 2475 6212 2644 nemmöl bis kaini Nenibstiels wünsche Eswertobezeichnet
860 2492 2921 2678 ner Liebe zu Maria. Dass es mir bestimmt
3703 2600 6239 2792 ### moch am selbem Abend die fluchtartige
860 2610 3035 2813 war vom ersten Augenblick des Besitzes an
3949 2809 6168 2941 Abreise, nach deren Gelingen dis Mutter vor
863 2765 3055 2951 für sie zittern; auferlegt,sie durch eigene
4249 2894 4479 2988 eilig
3602 2883 6313 3136 ni aus eine Tatsache gestellt, ihre Eintilligung auch
853 2927 2968 3167 Schuld verlieren zu müssen; und dass ich
3666 3082 6155 3285 eins nicht längen würde vergässigern können. Ohne
860 3116 3062 3292 mir zugleich zutraute, ja die Verpflichtung
4944 3177 5976 3292 zugicht soll lubzichte,
3578 3241 6162 3416 - sb eit Bedenken, ja mit Leidenschaft erklärte sich
853 3265 3018 3426 auf mich nahm durch ein Werk, das vor Gott
3571 3406 6114 3598 Maria einverstanden. Sie machte kein Hehl
543 3393 2971 3568 höher anzuschda gen war als ein Menschen-
3663 3568 6165 3723 tigkelt gegen muss, iitntus
556 3568 3106 3716 leben, dieser Schuld wieder ledig zu werden,
3679 3696 6162 3888 -Isde über dem priestorlichen Segen. Mit mir un-
503 3693 2937 3885 das musste meine Leidenschaft mit einer
988 3838 2759 4054 so sehr in obgeheure steigen,
