3400 4120
2512 384 2640 560 15
782 427 3004 706 traumlos Schlafende im Arm. Denn ihre Augen wa-
768 677 2947 831 ren geschlossen, und ihre Züge blieben ohne Re-
762 797 2919 1001 gung. Wir berührten einander kaum, auch ruhten
754 947 2956 1181 unsere Hände nur ganz lose ineinander, und doch
754 1124 2879 1329 wussten wir beide, schon in diesem Augenblick,
745 1280 2939 1454 dass unser Schicksal sich für alle Zeitam ent-
751 1420 3030 1610 schieden hatte. Plötzlich sah ich, wie ihre Augen
743 1605 2868 1778 sich weit öffneten, ich spürte wie ihr Körper,
728 1738 2865 1929 der bisher gleichsam gewichtslos gewesen war.
731 1898 2973 2125 schwer und immer schwerer in meinem Arm lastete
723 2083 2908 2250 so dass ich alle M'he aufwenden musste ihn vor
720 2199 2913 2410 dem Hinsinken zu bewahren; in einer mir selbst
706 2344 2862 2535 unbegreiflichen Weise gelang es mir sie unter
703 2538 2882 2706 dem Anschein des "eitertanzens mit mir fortzu-
697 2686 2854 2876 ziehen, bis ich sie an den Rand des Saales ge-
691 2836 2885 2999 bracht hatte, wo mir nichts übrig blieb, als sie
686 2956 2933 3169 auf die Stufen niederzulassen und vorerst ihren
683 3149 2970 3351 Kopf zu stützen, indem ich meine Hand unter ihren
683 3289 2876 3516 Nacken legte. Sie war totenblass, die Lider ge-
728 3494 2871 3713 schlossen, sie schien völlig ohne Bewusstsein.
