6472 4072
5122 252 5420 417 konnt
4967 362 5627 530 es kann, dass
854 404 3001 585 wir in diesem Augenblick beide nicht mehr
3463 482 5895 673 Noß Iged zu mügge, 24 oder also erklärt h. mir, wie auch
446 559 808 689 .. faarm
860 543 2855 731 nötig. Also, warum noch immerdein Hass?
3690 656 5966 834 Das heute noch dass aehonbei unserer ersten
401 656 637 873 nies.
841 705 2846 893 Du hast ja deinen Weg gemacht, hast er-
3874 805 6057 980 Wiederbegegnung mitten in der automatiseh
404 847 808 996 ie doen
860 860 3059 1048 refoht, was du erreichen konntest, wolltest,
3593 960 6041 1138 end beherraschung des Erkennens je.
395 1002 2991 1171 — 7 heb und meur beikah; du darfat vÖh dir sagen,
3690 1099 5905 1294 siw. nar verrätenisch feindsalige Strahl in
391 1161 786 1313 Isdu sllg
841 1174 3024 1319 dass du mit eigener Kraft aus den armsel L.
3661 1271 6037 1442 nde inem Auge aufzuckte, der nich als Knaben
404 1326 2862 1475 re aasb. nach vorhältnissen deiner Jugend binnen
3874 1368 4071 1458 scher
3463 1407 5872 1581 äab, noch (zun arsten Mal) befremdete, als du,
550 1468 702 1597 L.F.P.
828 1481 2978 1652 weniger Jahre zu einer höchst geachteten,
3499 1559 5895 1756 ###n selbst beinahe noch ein Knabe über die
453 1614 799 1779 <gap/>
841 1636 2994 1804 gesicherten Stellung emporgestiegen bist;
3696 1730 5927 1892 Schwelle meines Elternhauses tratest, um
352 1791 770 1937 gina ism
841 1791 2959 1973 der beruf, den du erwählt, den du als hei¬
3648 1882 5934 2047 dich die neuer Hauslehrer vorzustellen.
346 1882 796 2112 de u aas
834 1934 2972 2118 lig empfindest, heiliger als jeden andern,
3683 2047 5979 2205 o a und war es nicht derselbe Blick der mich
492 2089 750 2225 etztei.
834 2102 2933 2254 wenn auch vielleicht mit Unrecht, befrie-
3832 2160 5908 2351 zehn Jahre später traf, als es sich füg-
466 2235 753 2370 cis ud
841 2228 2894 2396 digt, ja, erfüllt dich ganz,- und verstehe
3619 2374 5856 2513 te, dass du auf dem Medizinerkränzchen
388 2370 854 2542 doth umsx
841 2390 2881 2561 ich deine Haltung, richtig zu deuten, die
3641 2471 5979 2671 ici einem etwas unglücklich geschnittenen
446 2538 2910 2720 .toi nok jode Godrücktneft ist, derm Ge¬
4576 2655 6021 2839 mir verüberstreiftest, der
3664 2648 4592 2817 Frack einsan-
2603 2674 2917 2833 greift
3958 2755 4589 2852 den Pimn
437 2713 2733 2888 -Iowtna bahren, das alle Schuhternheit abge-
3648 2830 5979 2982 zenteben mit einem hübschen Plonden Fräulein
340 2862 828 3001 daib sjüd
854 2852 2920 3046 streift hat, so ist dir auch schon gewor-
4220 2936 4492 3014 Culony
3557 2982 5837 3153 vorbeiten###. Und war es nicht wieder
440 3011 2839 3195 den, vonach du dich in jungen Jahren am
4686 3059 5022 3159 tückigt
3528 3079 6067 3282 derselbe etwas tehimmer in deinen
488 3159 766 3321 3f a?
825 3156 3020 3324 heissesten und ach so vergeb lieh sehntest-
3593 3269 5999 3437 in m Ausgaben der fünft oder sieben jahre später
382 3324 2736 3509 ge, oder das Glück dieh an Frauenzärtlichkeit
4110 3386 4317 3476 sch
3609 3425 5921 3589 sehen Sekundererzt, anallgeneinen Kran-
427 3467 2923 3725 uod möglichkeit erfreuen zu dürfen, ohne sie vor bezahlen
3612 3557 5882 3764 kanhause,an einer Strassenseke mit mir
3861 3706 6057 3897 zusammentreffend, nicht umhin konntest, mich
