3272 3992
2589 229 2705 372 51
676 409 2911 665 Beflissenheit auf ihren Zustand acht zu haben und
691 647 2847 839 es durch gelegentliche Fragen zu verraten. Da-
685 789 2900 949 raufhin begann sie selbst, was früher nicht ihre
1672 911 2099 1010 grösserer
691 984 2810 1123 Art gewesen, sich mit xxxx zu be-
702 1112 2902 1271 obachten, und eines Tages fragte sie mich gerade
694 1280 2905 1428 heraus,ob sie nicht doch gefährlicher krank sei
700 1451 2734 1602 als man es ihr bisher zugestanden habe. Ich
700 1562 2868 1779 leughete es natürlich mit Entscheidenheit, doch
702 1742 2923 1875 schlug ich ihr vor nicht etwa zu meiner, sondern
708 1901 2818 2040 zu ihrer Beruhigung den Rat eines Nauheimer
711 2046 2865 2220 Arztes einzuholen, der durch seine Behandlungs-
702 2183 2871 2351 methoden einen Weltruf erworben hatte. Sie war
714 2322 2821 2508 einverstanden, ich traf Vorbereitungen zur Ab-
711 2493 2801 2638 reise und wollte eben eine Depesche an jenen
714 2647 2900 2810 Arzt ab senden,um mich zu vergewissern,ob er an
702 2789 2905 3013 seinem gewöhnlichen Wohnort anzutreffen sei, als
749 2920 3080 3109 der Portier, dem ich mein Telegramm zur Beförderung
740 3088 3051 3280 übergab, mir erklärte, ein Arzt dieses Namens habe
746 3230 2984 3410 für morgen seine Ankunft angekündigt, um hier Er-
746 3410 3019 3625 holungsurlaub zu nehmen. Diese Fügung schien mir
