3320 4104
2591 318 2734 458 32
509 595 3007 754 wahren Berufung aufs Klüglichste vergessen hatte.Die-
522 754 2928 901 ser aber ward ich mir jetzt in einem bisher von mir
522 888 2925 1060 nicht gekannten. kaum geshnten Masse neu bewusst und
528 1044 2743 1219 zugleich mit ihr und mit der gleiche Macht, als
525 1222 2909 1353 wären diese beiden Seelenkräfte untrennbar vereint,
516 1337 2928 1505 meiner Liebe zu Maria. Dass es mir bestimmt war vom
547 1512 2880 1664 ersten Augenblick des Besitzes an für sie zu zit-
541 1658 2953 1839 tern, auferlegt sie durch eigene Schuld zu verlieren,
541 1801 3103 1992 und dass ich mir zugleich zutraute, ja, die Verpflichtung
538 1989 2972 2148 auf mich nahm durch ein Werk, das vor Gott höher an-
544 2132 2937 2323 zuschlagen war als ein Menschenleben, dieser Schuld
535 2295 2985 2447 wieder ledig zu werden, das muste meiner Leidenschaft
538 2435 2931 2600 xx so sehr ins Ungeheuere steigern, dass sie fühig
541 2597 2925 2769 war innerhalb einer karg zugemessenen Frist das ge-
547 2731 3100 2909 liebte Geschöpf reicher zu beglücken, als es eine behag-
547 2899 2998 3065 lich-unbekümmerte Zörtlichkeit imstande war, die ohne
544 3042 2957 3218 ein Ende vor sich zu sehen, allmählig in sich selbst
551 3195 3001 3364 verlischt. Und entschlossen keinem Verbot oder auch
551 3358 2883 3539 nur einer verzögernden Einrede auf das weitere Ge-
551 3491 3030 3717 schehen Einfluss zu gestatten, bepprach ich mit Maria,
