3304 4056
2756 352 2871 563 45
630 473 2925 711 früher wohl gashnt. nun aber in seiner ganzen Not-
636 705 2895 853 wendigkeit erkannt hatte, das werk. So banghte
627 813 2886 982 ich denn auch nicht um Maria, denn wenn  auch die
621 970 2862 1181 Menschen im allgemeinen so boschaffen sind, dass
621 1130 2967 1322 sie etwas wünschen und doch zugleich davor zu zit-
621 1304 2901 1455 tern vermögen.- meine Gefasstheit, mein Wissen um
615 1452 2970 1600 das,was kommen würde, was komnen müsste, ging ebenso
609 1600 2922 1753 weit über das hinaus, was man sonst Hoffnung oder
618 1762 2889 1928 Angst nennen darf, als meine anderen Empfindungen
609 1898 2883 2082 über das hinausgingen, was die Menschen sonst als
596 2076 2871 2220 Liebe und S ohmerz zu bezeichnen pflegen. Ebenso
666 2226 2835 2398 töricht wäre es zu fragen, ob m ich mich damals
606 2374 2762 2549 glücklich oder unglöcklich fühlte;- mit allem,
609 2534 2937 2672 was je in meiner Seele, ja was meinem Vorstellungs-
593 2666 3019 2826 vermögen und meinen Erfahrungen nach je in Menschen-
599 2826 2826 3012 seelen vorgegangen war, hatte,wie ich heute noch
587 2985 2732 3169 beschwören kann, meinen Zustand in jenen Tagen
578 3145 2904 3329 nicht das Geringste gemein. Nur durch ein Ge-
590 3299 2762 3491 setz sollte ich noch im allgemein Menschlichen
587 3470 2832 3675 verwurzelt bleiben, durch jenes einzige zugleich,
