3416 4136
2524 366 2661 525 13
618 568 2891 782 Pepi die dämonischeste Syringe dargestellt hatte
618 792 2881 916 die sich träumen liessen, blickten wir doch beide
615 922 2965 1118 auf diesem Balle nach anderen neuen Gesichtern und
621 1084 2794 1245 wohl auch, unbewusst natürlich, nach einem neuen
624 1242 3030 1363 echteren Glücke aus. So war mein Auge schon manchen
624 1388 2981 1531 blauen, braunen. bekannten. unbekannten in flüchtigem
618 1540 2931 1689 fragendem,lockendem Gruss begegnet.-als plötzlich
621 1717 3049 1879 ein Blick sich in den meinen senkte, so dunkel leuch-
668 1860 2978 2000 tend und ernst, dass ich ihn noch immer in Aug und
621 1993 3108 2152 Sinn unverlöscht weitertrug, als schon die ganze Länge
615 2161 2996 2291 des Saals sich zwischen uns dehnte und tausend Men-
615 2323 3034 2447 schen,- nein, Schatten waren es - zwischen uns einher-
615 2456 3111 2621 schwebten. Wo war Syringe? Meinem Arm entglitten, ohne
624 2633 2981 2770 das ich es nur gemerkt hätte. Irgendwer hatte sie
609 2798 3074 2919 mir entführt, da tanzte sie schon mit ihm an mir vorü-
661 2947 3058 3093 ber und lachte mich spöttisch-vergnügt an; aber ihr
605 3096 2962 3282 Mund blieb halb offen und sie sah kostbar dumm er-
618 3263 2959 3369 schrocken aus, als ich ihr das Lächeln nicht einmal
605 3422 2978 3540 zurückgab, sondern an ihr vorbei, vielmehr durch sie
605 3571 2981 3760 hindurchsah wie durch ein Gespenst. Sie schüttelte
