6568 4312
716 579 2962 796 den sie, einer Toten ähnlich, auf dem Fussbo-
707 781 2873 945 den hingestreckt, meinem erschreckten Auge
710 936 2972 1131 bot, wirkte so unmittelbar auf mich ein, dass
707 1019 2962 1264 es ihm gelang eine natürliche und menschli-
725 1243 2950 1422 che Regung in mir auszulösen. Im Innersten
716 1385 3040 1580 erschüttett hob ich Maria vom Boden auf, trug
710 1534 3071 1707 sie ins patt und sandte nach dem bekanntestem
713 1680 3009 1875 florentiner Arzt, den ich mir übrigens schon
719 1850 2987 2005 vor einigen Tagen vossichtsweise hatte nan¬
728 1974 2897 2169 nen lassen. Er erschien sofort; die milde
719 2154 3018 2374 und doch eindringliche Art seiner Fragestel-
741 2278 2835 2491 lung veraalasste Maria zu Eingeständnis¬
719 2426 3161 2631 sen, zu denen ich selbst sie bisher noch niemal
731 2615 2897 2804 vermocht hatte, und ich erfuhr so, dass sie
734 2767 2950 2938 auch in den Pausen zwischen den Ohnmachts-
1769 2891 2064 2978 agen
728 2919 2944 3133 anfällen manchen schlimmen Beschwerden un-
738 3080 3049 3257 terworfen war, die sie mir in einem Uebermass
750 3226 3006 3412 von Liebe verborgen und die ich, wie ich mir
734 3365 3021 3576 nun nicht länger verhehlen konnte, nur darum
744 3570 3062 3734 übersehen hatte, weil ich sie hatte übersehn
744 3669 2931 3895 wollen. Der Arzt verordnete das Nötige und
3768 508 6055 728 riehte te än Maria so freundliche, ja ermuti-
3784 694 6114 896 gende Worte, dass ich nahe daran war mich von
3805 855 5965 1047 ihnen täuschen zu lassen. Unter vier Augen
3802 1019 6005 1230 aber äusserte er sich mir mit vollkommener
3811 1193 5974 1354 Rückhaltlosigkeit. Maria war verloren, ein
3554 1339 5956 1525 ###et Ende, ob nun binnen weniger Tage oder erst
3560 1469 6008 1667 ßunbain Monaten, unaueihlaijb hieth, Linder uulglichnte
3762 1652 6080 1819 freilich geboten werden, aber, wenn man ett was
3833 1766 6015 1955 für sie wünschen, erhoffen, erfliehen wollte,
3827 1943 5987 2135 so war es nur das Eine, dass sie aus einen
3613 2051 5965 2299 ihrem Anfälle nicht mehr erwachen selhte,
4295 2237 5956 2386 Da er mir zum Schlusse Kringeard
3616 2302 3777 2451 ..1.
3830 2420 6142 2603 geraten hatte nicht Man ist kühlerathöher gele-
3830 2569 5940 2733 gene, waldreichb. Gegenden aufzusuchten, so
3846 2730 6052 2888 fanden wir uns schon wenige Tage daranft in
3842 2857 6123 3034 einem Gebirgsort der Dolomiten, nach welchem
3842 3049 6036 3182 mir von einem dort vor Jahren verbrachten
3818 3167 6176 3337 Sommerr immer eine stille sehnsucht zurückge-
3712 3325 5990 3520 blieben war niet Lahdschaft als chien mir
3641 3495 6132 3653 ph mitshädsuswärtlicher ja feindlicher als da-
3709 3619 6188 3833 nu malö,die WälderteunkdesenndenSonne, in all
