3320 4104
2633 301 2773 509 38
599 450 2883 715 vollkommen aufzugeben, denn, so fern es ihrem wahr-
596 655 2943 852 haft reinen Herzen lag für ihren Geliebten äussere
605 786 2830 1016 Ehren und Ruhm zu erstreben, es war noch weniger
614 950 2869 1197 nach ihrem Sinn sich ihn für die Dauer ohne eine
617 1114 2836 1355 nach einem bestimmten Ziel gerichtete Tätigkeit
626 1293 3009 1489 vorzustellen und dass eine fruchtbare Tätigkeit für
640 1421 2860 1659 jeden Menschen doch nur innerhalb eines ihm von
634 1644 2925 1796 seiner Begabung angewiesenen Kreises denkbar war,
634 1752 2898 1954 fühlte sie und sprach es mit aller Klarheit aus.
640 1886 2895 2127 Aber von all dem war doch nur nebenher die Rede.
640 2032 2907 2279 Denn war ist Zukunft für ein leeres Wort in ei-
643 2195 3035 2449 ner Gegenwart, die unerschöpflich und darum auch un-
646 2437 1507 2571 aufhörbar scheint.
1066 2520 3062 2699 Der Sommer kam heran mit heissen Tagen und
661 2657 3026 2880 schwülen Nächten, Maria hatte leichte Anwandlungen
679 2812 2892 3029 von Mattigkeit, denen ich umso weniger Bedeutung
679 2952 2988 3187 beilegte, als sie selbst sie gar nicht zu beachten
682 3119 2806 3351 schien, bis sie eines Tags vor Sonnenuntergang
679 3277 2940 3503 während wir beide auf dem kleinen Balkon unserer
679 3420 2851 3712 Wohnung am Arno sassen, ganz unvermutet in eine
