6568 4120
2692 339 2868 496 15
907 500 3022 672 jahr lang, nämlich seit den Proben zu mei-
879 641 2908 833 ner letzten Komödie,in der Syringe die
682 783 2908 984 dämonischeste Papi oder Papi die dämo-
466 971 2945 1156 nischeste Syringe dargestellt hatte,die
1819 1067 2146 1175 lassir,
623 1119 3019 1295 sich nur träumen lässt blickten wir doch
533 1274 3004 1493 beide auf die sem Balle nach anderen neu¬
808 1419 2856 1597 en Gesichtern und wohl auch unbewusst
645 1591 2763 1758 natürlich nach einem neuen achteren
533 1733 2889 1900 Glücke aus. So war mein Juge schon man-
503 1850 2951 2069 chen.-blauen,braunen,bekannten, unbekann¬
694 2023 2883 2233 ten in flüchtigem, fragendem, Iockendem
900 2189 2772 2371 Gruas begegnet. - als plötzlich ein
549 2205 836 2415 sawje
617 2356 2951 2529 Blick sich in den meinen senkte,so dun-
922 2519 2815 2664 lauchten und ernst, dass ich ihn
928 2510 1113 2634 kel
907 2624 2902 2862 noch immer in Aug und Sinn unverlöscht
675 2800 2800 2988 Weitertrug, als schon die ganze Länge
904 2967 2926 3152 des Saals sich zwischen uns dehnte und
651 3096 3071 3300 tausend Menschen,- nein,Schatten waren es-
907 3260 2951 3429 zwischen uns einhersthwebten. Wo war Sy-
607 3426 2914 3583 Länneringer Meinem Arm entglitten,ohne dass
567 3574 3007 3775 ich es nur gemerkt hätte. Irgendwer hat-
4092 333 6140 617 te sie mir entführt. wenig tanz te sie schon
4586 512 4792 617 him
4080 515 6041 752 mit einem Herrn an mir vorüber, lachte
4089 703 5949 922 mich spöttisch-vergnügt an; aber ihr
4111 851 6035 1055 Mund blieb halboffen und sie sah kos-
4098 1042 6004 1227 bar dumm erschrocken aus, als ich ihr
4101 1218 6155 1378 das Lächeln nicht einmal zurückgab,son-
4098 1326 6214 1530 den an ihr vorbei, vielmehr durch sie hin
4092 1489 5952 1690 durchsah wie durch ein Gespenst. Sie
4092 1647 6100 1816 schüttelte sich ein wenig,streckte ih-
4101 1813 6115 1977 ren rechten Arm in einer widersinnigen
4114 1955 6257 2122 Weise mit ausgespreizten Fingern von sich
5415 2014 6312 2140 mein Blick blieb uncepind
4104 2109 6217 2297 ab, liess ihn dann sinken und wir kannten
4111 2242 6164 2445 uns nicht mehr. So war Syringe endgiltig
4108 2405 6174 2600 abgetan, noch ehe ich ein Wort mit Maria
4108 2556 6235 2754 gewechselt, ja ehe sich nach jenem ersten
4123 2717 6211 2905 entscheidenden unsere Blicke noch einmal
4120 2883 6232 3071 getroffen hatten. Ich suchte sie nicht im
4132 3034 6075 3250 Saal und wartete nur ohne eigentliche
4132 3179 6121 3380 Ungeduld auf das Unausbleibliche.Ruhig
3895 3244 4061 3398 Tii!
3821 3337 6242 3540 nicht stand ich auf der obersten der drei Stu¬
3889 3519 6254 3701 von fen, die nings um den Saal liefen, als ich
4120 3623 6263 3802 Maria am Arm eines Herrn sich langsam mir
