3288 4008
1288 485 1584 600 Abends
634 485 2895 686 bis wir eines xxxx am Seeufer uns wie durch Zu-
634 688 2860 849 fall wieder einmal ansahen, ich sie, sie mich und
654 823 2909 1007 jeder an des Andern Blick mit Staunen und Ergrif-
645 961 2849 1185 fenheit zum Dasein wieder erwachte. Es war der-
645 1145 2829 1328 selbe Blick.ganz derselbe, den wir.einer in des
648 1302 2734 1454 andern Auge gesenktan jenem Ballabend, da wir
657 1409 2906 1632 plötzlich gewusst hatten, dass wir einander ange-
651 1604 2820 1776 hörten und mehr als das, dass wir einander ver-
648 1707 2958 1959 fallen waren. Wie zu einem ersten Kuss sanken wir
666 1885 2843 2083 einander in die Arme,- und jetzt erstwar es das
668 2080 984 2269 Glück.
935 2166 2846 2415 Sie wueste, dass sie verloren war und ich
671 2355 2872 2547 konnte nicht daran zweifeln, dass sie es wusste.
671 2524 2829 2677 Aber nie sprachen wir davon und sie erwartete,
677 2628 2926 2860 sie sehnte sich darnach, ich las es in ihrem hei-
680 2814 2909 3038 schenden Blick, an meinem Herzen ihr Leben auszu-
671 3004 2900 3158 hauchen. Ich wusste damals, also vor drei Tagen
671 3130 2803 3313 wusst ich noch, dass Mariae Tod auch der meine
688 3293 2897 3471 sein würde. Mein Entschluss war gleich nach ih-
691 3460 2903 3652 rom letzten Atenzug mit mir ein Ende zu machen.
