3384 4136
1871 439 2307 580 die reins
727 507 1313 692 besiegelnden
749 648 1397 823 türlichste Ang
2539 692 2778 866 Damen
1553 779 1683 926 oir.
714 774 1504 1000 Mutter erbat ich
2070 872 2566 1062 dürfen, um ih
735 923 1841 1136 am nächsten Tag abholen
757 1002 2773 1288 paar Bilder und Kunstgegenstände zu zeigen,
757 1160 2868 1438 die mir, zum Teil als Erbstücke von meinen El-
763 1299 2835 1602 tern her, zum andern als von mir selbst gesam
765 1463 2904 1787 melt einen nicht sehr anspruchsvollen Schmuck
814 1596 2841 1893 meiner Villa bedeuteten. Es war ein kühler
798 1770 2933 2062 Vorfrühlingstag, als ich Mutter und Tochter in
801 1931 2953 2253 meinem kleinen Gärtchen herumführte, die Rosen-
820 2111 2860 2367 stöcke waren in Stroh gehüllt, auf dem Rasen
825 2242 3018 2503 zerfloss der Schnee. unter einem kahlen Jaamin-
844 2405 2944 2677 strauch zeigten sich ein paar frühe Vellchen,
844 2566 2835 2833 Später, nachdem ich meine bescheidenen Kost
853 2721 2887 2974 keiten hatte bewundern lassen, sassen wir ei
863 2884 2963 3143 Weile im Arbeitszimmer am Kamin, in dem über?
885 3012 2906 3323 gens die Asche eines Werks verglimmte, das in
882 3173 2686 3486 erst vor ein paar Wochen begonnen und
2223 3353 2623 3541 er freohe
2016 3367 2146 3546 so
994 3394 1863 3617 im Morgen, da es mir
