3416 4200
2865 516 2998 707 60
854 571 3075 900 Gradunterschiede.-Wesensuntersdied gibt es nur
851 863 2920 1070 einen einzigen,- den zwi schen Leben und Tod.
845 998 2954 1194 Und so konnte und kann ich auch nicht voraus-
840 1157 2888 1327 sehen, wie ihr Tod auf mich wirken, was er am
825 1290 3026 1503 Endeaus mir machen würde. Es wäre nicht underk-
828 1457 2954 1659 bar, ja, fast verge ich zu behaupten, wahrschein-
819 1639 3015 1838 lich, dass am Ende doch geschähe, was vom Schick
819 1769 3015 2005 sal gewollt schien, als es mich und Maria einan-
811 1924 2946 2129 der begegnen liess. Ja, ich weiss es jetzt, und
802 2071 2974 2245 in diesem Augenblick gibt es keinen Irrtum, das
796 2221 3052 2446 Ungeheuere würde, sowie ich es einst erwartet,wie
793 2392 2963 2588 ich es gewünscht,wie ich bereit gewesen es auf
776 2533 3096 2772 mich zu nehmen, dieses pUnngeheuere würde mich zum
770 2672 3055 2888 Dichter machen und ich bliebe auf Erden, um meine
770 2830 2960 3041 Seidung zu erfüllen. Und das Werk ohnegleichen,
767 3006 2885 3234 das, mit dem ich gerechtfertigt wäre vor Gott.
765 3168 2891 3396 vor mir selbst und vor der Welt,-ich würde es
750 3300 3067 3523 schaffen. Und das soll nicht sein. Das darf nicht
741 3456 2969 3713 sein. Das wird nicht sein. Maria ist ein Toten-
747 3621 2977 3877 opfer wert, wie es noch keinem sterblichen Wesen
