3320 4088
686 536 2988 734 ders ist als du? Habe ich nicht Grund zu befürch-
692 675 2941 867 ten, dass dich nach meinem voraussichtlich tragi-
683 846 2944 1000 schen Ende - wie du es in jedem Falle bezeichnen
686 1006 2965 1192 wirst - eine flüchtige Empfindung des Bedauerns,
701 1139 2932 1349 ja der Reue überkommen - und dass ein halb unbe-
681 1290 2979 1491 wusstes Schuldgefühl dich eine Viertelstunde lang
681 1470 2950 1642 im Glauben an deine Vortrefflichkeit irre machen
675 1621 2938 1787 könnte? Ja, schreibe ich dir diesen Brief am Ende
672 1766 2802 1932 nur, um mit dem mir eigenen, durch die Nähe der
672 1897 2917 2110 grossen Stunde wahrscheinlich gesteigerten Edel-
660 2068 3042 2278 mut dir auch die geringfügigste peinliche Erregung
781 2228 3048 2400 zu ersparen - und dir überdies die Genugtuung zu
1746 2382 2027 2488 nicht)
734 2400 2852 2559 verschaffen, dass du - nach dem,was du bisher
734 2553 2908 2713 lasest, sondern nach dem,was du weiterhin lesen
725 2722 2888 2885 wirst, -dem unwillkürliches G rauen vor mir ge-
719 2855 2977 3042 wissermassen als eine göttliche Bestätigung dei-
719 3036 2772 3187 nes inneren Ordnungssinnes empfinden darfst,
1083 3190 3036 3335 Eben geht die Schwester, die schöne blinde
713 3340 2985 3551 die du uns oder vielmehr meiner Frau aus Mailand
692 3500 3024 3690 mitgebracht hast, durch mein Zimmer, Warum? Warum
