3400 4136
587 523 2970 813 durchaus nicht gewachsen, und wer in Kenntnis dieser
606 708 2826 960 Umstandes sie dennoch zur Frau nehme, den könne
609 852 2992 1145 man von schwerster Gewissensschuld nicht frei spre-
628 1014 2893 1314 chen. Ich hörte ihn ruhig an und dankte ihm sehr
625 1088 3203 1448 höflich für seine Ratschläge, da ich aber seinen wieder
638 1321 2916 1630 holten  gegenüber meine kühle Haltung
967 1337 1420 1458 Mahnungen
657 1474 3008 1770 beibehielt, empfahl er sich rascher als er offenbar
667 1608 2881 1911 beabsichtigt hatte und in einiger Verlegenheit.
676 1754 3037 2070 in mir aber war während der kurzen
695 1911 3002 2220 Unterredung, in der ich fast nur Zuhörer geblieben
743 2077 2973 2357 war, der Plan, den ich an jenem Ballabend gefasst
702 2249 2922 2533 und either nicht etwa als einen unsinngen oder
708 2386 2976 2680 niederträchtigen, sondern vielmehr als einen nach
708 2568 3046 2858 Lage der Dinge glücklicherweise unanwendbaren ver-
724 2702 3117 3015 worfen hatte.von neuem aufgeleuchtet, und nun,da ich
734 2839 3018 3139 allein gelassen in meinem Zimmer auf und ab ging.
756 2992 3139 3289 ergriff er unwiderstehlich Besitz von meiner Seele.
746 3193 3050 3483 Mit Beschämung fast ward ich nun inne, dass ich in
769 3353 2667 3605 den vorhergegangenen Tagen nichts andere
2479 3503 2635 3662 und
2109 3503 2424 3710 Mense
794 3538 1946 3796 war, als ein verliebter zu
