3432 4136
2435 429 2563 536 12
625 646 2854 810 holen, als man eigentlich müsste,-besonders, wenn
634 780 2872 952 einem die Zeit so karg bemessen ist wie mir. Da-
631 929 2810 1116 her sei nach der Art gewiegter Novellisten bei
640 1125 2819 1301 der Stunde der Anfang gemacht,in der wir beide
649 1232 2854 1446 einander begegneten.Maria und ich; vielmehr bei
649 1408 2816 1589 der, da wir einander Schicksal wurden, im Gewirr
649 1539 2899 1747 dahinschwebender Paare unter Flöten-und Geigen-
655 1753 2911 1884 klang. Doch war es trotz alledem keine sehr frö-
655 1857 2923 2060 liche Stunde; wenigstens liess sie sich nicht so
661 2045 2759 2241 an; denn vorerst wandelte an meinem Arm noch
673 2202 3030 2363 Fräulein Syringe, ein Name, den du mit Recht etwas h
673 2330 2902 2536 heidnisch und sonderbar finden wirst,-aber kann
664 2506 2902 2694 man sich anders nennen, wenn man berufen ist auf
679 2679 2949 2810 dem Theater schwermitige und interessante Frauen
685 2839 2860 2973 darzustellen, bei der Taufe den Namen Josefine
690 2952 2866 3128 erhalten hat und demzufolge durchs bürgerliche
688 3113 2911 3327 Leben als ein Fräulein P epi wandelt? Trotzdem
696 3265 2923 3455 wir einander zärtlich liebten, schon ein Viertel
720 3408 3113 3628 jahr lang, nämlich seit den Proben zu meiner letzten
744 3554 3116 3839 Komödie,in der Syringe die dämonischeste Papi oder
