3320 4184
2574 287 2726 530 56
639 525 2938 728 nur gegen sie, auch gegon mich war eine vollkomme-
631 705 2901 880 ne. Zuweilen liessen wir uns beide im Kahn übers
651 871 2777 1078 Wasser treiben, ohne dass ich ein Ruder rührte
656 1000 2775 1218 oder wir lagen in der kleinen Bucht des Paris
665 1181 2815 1387 unter dunkelnden Eichenschaften, hielten einan-
659 1353 2863 1533 der in der Art von Liebenden bei den Händen ge-
656 1479 2918 1691 fasst, doch war es nur mehr die Gebörde der Liebe
665 1651 2797 1854 und fast die einzige, die noch übrig geblieben
671 1800 2838 1978 war. Einander anzulächeln, schon dazu waren wir
682 1920 2984 2132 beide zu müd. Allmählich erst kam mir die klarere
679 2092 2987 2296 Erkenntnis wieder, doch ohne jede Gefühlsbetonung,
688 2250 2883 2448 dass Maria eine zum Tode Bestimmte sei; nun ja,
699 2425 2835 2597 sie würde sterben, hier im Ort begraben werden,
702 2568 2815 2797 vielleicht gar im Park und dann würde ich eben
699 2709 2872 2926 abreisen, vielleicht in meine Heimat, vieleicht
696 2898 2924 3061 anderswohin; nach einer gewissen Zeit würde ich
717 3053 2978 3219 auch wieder zu arbeiten anfangen,wie ich es auch
699 3156 2840 3428 nach anderen Trauerfällen, nach dem Tod meiner
711 3374 2872 3546 Mutter, einer Jugendgeliebten getan,-würde eine
705 3537 2889 3735 Komödie schreiben, kühl, glatt und frech, wie man
