6456 4088
680 440 2819 593 regt und ich nicht einmal die Spitzen ih-
3459 423 6012 663 indem Meiland sandte gerade diehi an, das Kran-
347 513 500 607 -1
460 597 2676 766 Jahrer kleinen schwanzen Schuhe sehe (die
5315 630 6012 810 ühren musste.
3586 647 5229 820 TaasH konbett meiner geliebten
680 743 2823 893 für einen Krankensmussver auf###gllend ele-
3602 786 6088 950 -re Jaad (Wir) sind nämlich nicht verheiratet, mein
2373 846 2823 963 veil jeter de
543 930 2773 1080 sind). Uebrigens habe ich diese Ga¬
5189 930 6058 1113 einmal nach ei-
3419 943 5095 1123 Jaatifow. Freund). Ich hatte uii
453 1060 2743 1226 das be, die Nähe von Mehschein zu Mühlen, mit
3446 1080 6055 1276 , nassa tib nem detsehen Arzt verlanet aber der Äpo¬
460 1210 2826 1376 ###denen sich xxx sekische Verbindung ange-
5482 1223 6075 1413 oir offenbar
3422 1246 5422 1426 Deans selheker des Orts hier dachte,
610 1406 2729 1526 kmüpft hat, achen Efters an mich xa beeb-
3599 1420 6068 1590 nennid einen Gefallen damit zu erweisen, dass er
520 1456 3143 1680 gehabt. Ob. ### die Schwerle
3502 1556 5939 1733 net of dese mich an einen Landamann wies und nur
387 1693 2686 1823 nicht anlösemandte? Ob mir nicht
3466 1716 6035 1920 tatd megetar es gar ein Schulkameradein Jugend-
1816 1780 2406 1880 in eigne usin.
413 1850 2846 1976 Geschichte in mussre Stunde, selbst und allein
4566 1856 6125 2046 man sah sieh nachdem man ein¬
3512 1866 4512 2063 -ied als fræund
680 2000 2709 2136 an Marias Lager zu weilen, ihre Hand in
3459 2003 6135 2209 verebus ander so gut nie vergessen nach zehn Jah¬
483 2166 2883 2283 ab der meinen oder. meihe Handlauf ihrer Stin¬
5245 2149 6198 2339 Aber jetzt seg
4302 2189 4682 2323 ersten
4672 2166 5195 2359 Malowie
4302 2253 4685 2366 d'art
3512 2189 4316 2359 -ettled. J den 24
663 2299 2743 2436 ne. Und ob es nicht den triftigsten Be-
3556 2333 6082 2526 edetarev sudre mie même au Freund. warum magat du mich
430 2449 2696 2606 weingegen und in einem andern Sinn für
3552 2479 6072 2656 eib. nehmen immer nicht leiden? Ich kann dich
657 2613 2806 2749 mich bedentet, dass ich, stattw dessen beim
3522 2653 6008 2806 -eo leicht imgen deun ich bin ja aehon tot,
673 2733 3109 2896 Schein von zwei Kerzen einen Brief Toihr vl
5565 2786 6035 2926 antwor¬
5565 2876 6005 2983 Nothrein
3736 2793 5305 2973 und du kannet mir noch 1er
686 2876 1380 2986 modif and -
673 2906 2793 3106 Gott###, einen Brief an dieh-verfasse, des-
3526 2939 6128 3113 ten, denn du bist lebendig. Aber hüte dich
4992 3056 5242 3146 daß er sich
650 3073 2749 3193 ###sens Einleitung kehdeldsißhtnurudarum
5042 3089 6098 3266 Antipathie. Das
393 3116 583 3209 nej
3599 3089 5055 3279 noch zu erwidern: Es ist
1966 3159 2723 3286 no weu ferlindus
686 3249 2853 3379 so lange hinausdehne, und Zeit zu gewinnen.
5272 3233 6035 3392 lehe der feige
3436 3253 4955 3432 Saatudes dorti og des hu-
4939 3273 5615 3436 Oderwärtigsten
513 3382 2653 3522 ### Nobeh###inenerkwürdiger Zufall
5092 3402 6105 3549 fere, geelisehe Ange-
3729 3419 5809 3586 JlskiöftJusdruakt überalliset? Es doib
680 3539 2863 3699 übrigens;deroalsbden Arzt, umbden ich nach
5629 3559 6028 3709 te haben
4652 3589 5622 3756 gleichen Ausflüchtung
3502 3572 4646 3762 noi daaed lakonheit
5162 3696 5715 3876 Amskeitige
4679 3699 5045 3876 beige.
