3304 4072
2594 293 2714 463 33
531 472 2726 624 zu der der Arzt nur andeutungsweise, vorsichtig
543 599 2723 815 einen Aufschub der Hochzeit bis zum Herbst als
528 756 2674 945 wünschenswert bezeichnet hatte, noch am selben
540 926 2955 1112 Abend eine fluchtartige Abreise, nach deren Gelingen
546 1081 2908 1257 die Mutter vor eine fertige Tatsache gestellt,ihre
531 1244 2893 1402 Einwilligung nicht länger würde verweigern können.
543 1389 2677 1544 Ohne Bedenken, ja voll Entzücken erklärte sich
2319 1504 2532 1606 Hehl
534 1516 2899 1704 Maria einverstanden. Sie machte kein aus ih-
540 1686 3023 1859 rer völligen Gleichgültigkeit gegenüber dem priester-
546 1846 2788 2041 lichen Segen. Mit mir unlöslich verbunden, allen
534 1976 2933 2174 Menschen fern, je eher je lieber in die Welt hinaus-
543 2140 2773 2331 zureisen, war ihre einzige ASehnsucht, gegenüber
546 2313 2945 2476 der alle Rücksichten, auch die auf ihre zärtlich ge-
553 2473 2961 2649 liebte Mutter schweigen mussten. Diese so wenig wie
543 2615 2742 2819 irgend jemand anderer hätte ihr in den wenigen
537 2785 2930 2964 Tagen, die ich zu den Reisevorbereitungen benötigte,
540 2918 2828 3121 nur die geringste Unruhe anmerken können, und ich
543 3072 2782 3270 selbst, in Verstellungskünsten gewiss nicht ganz
550 3223 2782 3424 ungeübt.musste staunen,wie harmlos-fröhlich sie
540 3412 2915 3612 die Mutter noch an dem Morgen des Tages zu umarmen
