3336 4184
2605 378 2730 529 59
739 491 2797 817 Und das bedeutete gar nicht viel zu sterben
747 753 2570 922 nach ihr; es war eine Form, nicht mehr.
1134 869 2753 1073 So stand es mit uns Beiden, als vor
776 1012 2806 1212 drei Tagen mit einem Mal wieder die äussere
768 1166 3038 1399 Welt in unseren Kreis trat. Denn eswar nötig ge-
785 1361 2771 1526 worden ärztlichen Rat einzuholen, da manche
776 1489 2937 1698 notwendige Erleichterungen, deren sie bedurfte,
791 1686 2826 1855 auf andere Weise nicht zu beschaffen waren.
808 1797 2925 1989 Ich weiss nicht, ob gerade deine Person an dem
805 1980 2934 2163 neuen Entschluss, dem letzten, dem unumstössli-
817 2122 2893 2335 chen, den ich fasste, irgendwie beteiligt ist.
823 2279 3158 2468 Unmöglich scheint es mir nicht, denn gerade von dem
829 2442 3091 2625 Augenblick an, da du zum ersten Male hier gewesen
829 2596 3050 2765 warst,misstraute ich meinem Vorsatz meinem Le-
846 2692 3044 2922 ben nach Mariaa Hinscheiden ein Ende zu machen.
834 2887 3065 3111 Wenn wir uns alles vorzustellen vermögen,-dass
852 3070 3070 3265 einer, der da ist, nicht mehr da sein wird, das zu
849 3160 3128 3408 fassen, wird uns immer versagt sein. Alles übrige
866 3370 3195 3576 ist nur Gradunterschied, nicht Gegensatz: sogar Ju-
866 3547 3140 3733 gend und Alter, Gesundheit und Krankheit sind nur
