3352 4184
2678 315 2812 547 58
1348 529 1634 665 Abends
674 599 2956 790 bis wir eines xxxx am Seeufer uns wie durch Zu-
686 743 2924 931 fall wieder einmal ansahen, ich sie, sie mich und
697 900 2979 1108 jeder an des Andern Blick mit Staunen und Ergrif-
700 1027 2913 1238 fenheit zum Dasein wieder erwachte. Es war der-
697 1169 2890 1394 selbe Blick.ganz derselbe, den wir, einer in des
700 1354 2794 1556 andern Auge gesenkt an jenem Ballabend, da wir
703 1504 2982 1715 plötzlich gewusst hatten, dass wir einander ange-
712 1643 2887 1854 hörten und mehr als das, dass wir einander ver-
712 1822 3037 2045 fallen waren. Wie zu einem ersten Kuss sanken wir
717 1967 2921 2172 einander in die Arme.-und jetzt erstwar es das
723 2187 1027 2352 Glück.
1007 2282 2924 2488 Sie wusste, dass sie verloren war und ich
726 2433 2959 2638 konnte nicht daran zweifeln, dass sie es wusste.
743 2592 2919 2791 Aber nie sprachen wir davon und sie erwartete,
735 2736 3000 2933 sie sehnte sich darnach, ich las es in ihrem hei-
746 2875 3008 3081 schenden Blick, an meinem Herzen ihr Leben auszu-
740 3095 2991 3231 hauchen. Ich wusste damals, also vor drei Tagen
743 3216 2913 3393 wusst ich noch, dass Marias Tod auch der meine
758 3326 2976 3575 sein würde. Mein Entschluss war gleich nach ih-
767 3506 2991 3754 rem letzten Atenzug mit mir ein Ende zu machen.
