3320 4056
2424 359 2560 495 47
617 513 2876 770 mir meinen inneren Zustand von gestern mit voll-
620 724 2835 878 kommener Klarheit ins Gedächtnis zurückzurufen.
631 892 2957 1069 der mir nun wie der eines ganz anderen, nicht viel-
643 1051 2795 1240 leicht glücklieheren oder unglücklicheren, aber
631 1205 2775 1338 eines höheren, überlegenen, gottnäheren
628 1329 2676 1480 Menschen erschien, als der ich heute war und
643 1463 2879 1639 erschauernd fühlte ich, dass ich aus einem unor-
643 1642 2960 1830 messlichen reichen Mann mit einem Mal ein Bettler
652 1816 2902 1961 geworden war. Und als mein Herz im selben Augen-
649 1967 2908 2126 blick Rettung erhoffend nach Maria suchte tauchte
660 2120 2899 2276 zwar sofort ihr Bild, ihre Gestalt in schärfster,
649 2219 2882 2404 fast körperlicher Umrissenheit vor mir auf, doch
652 2413 2974 2583 wie in einem luftleeren Raume schwebend, durch den
657 2560 2751 2754 kein Ruf der Seele zu dringen vermochte. Aus
660 2696 2983 2890 einem begreiflichen, rasch erwachenden Selbstorhal-
666 2908 2888 3056 tungstrieb versuchte ich dieses qualvolleinnere
657 3047 2925 3186 Versagen, dessen ich mir bewusst wurde, zuerst auf
672 3163 2931 3368 eine vorübergehende Ermattung zurückzuführen, die
672 3336 2893 3522 eben durch die besondere ebenso körperliche, als
655 3507 2917 3687 seelische Leidenschaftlichkeit unserer gegensei-
