3416 4136
2379 442 2512 583 15
657 623 2872 779 traumlos Schlafende im Arm. Denn ihre Augen, wa-
646 782 2832 918 ren geschlossen, und ihre Züge blieben ohne Re-
671 960 2799 1071 gung. Wir berührten einander kaum, auch ruhten
654 1099 2832 1235 unsere Hände nur ganz lose ineinander, und doch
651 1218 2765 1365 wussten wir beide, schon in diesem Augenblick,
657 1368 2832 1527 dass unser Schicksal sich für alle Zeit### ent-
657 1547 2929 1697 schieden hatte. Plötzlich sah ich,wie ihre Augen
663 1705 2779 1830 sich weit öffneten, ich spürte wie ihr Körper,
666 1884 2765 2000 der bisher gleichsam gewichtslos gewesen war,
668 2037 2892 2141 schwer und immer schwerer in meinem Arm lastete,
668 2192 2835 2311 so dass ich alle M'he aufwenden musste ihn vor
666 2334 2847 2470 dem Hinsinken zu bewahren; in einer mir selbst
668 2507 2790 2606 unbegreiflichen Weise gelang es mir sie unter
666 2648 2835 2770 dem Anschein des "eitertanzens mit mir fortzu-
663 2750 2787 2915 ziehen, bis ich sie an den Rand des Saales ge-
663 2920 2838 3073 bracht hatte, wo mir nichts übrig blieb, als sie
666 3068 2895 3249 auf die Stufen niederzulassen und vorerst ihren
668 3215 2943 3416 Kopf zu stützen, indem ich meine Hand unter ihren
671 3376 2841 3572 Nacken legte. Sie war totenblass, die Lider ge-
728 3560 2844 3705 schlossen, sie schien völlig ohne Bewusstsein.
