3288 4184
2651 293 2753 515 57
598 542 2774 778 sie von mir gewohnt war; ja es würde sich wohl
598 697 2777 940 die Notwendigkeit ergeben etwas dergleichen zu
613 871 2780 1098 tun, denn, dass du es nur weisst.mein Freund, ich
607 997 2873 1263 bin nicht reich, nicht einmal wohlhabend bin ich;
613 1173 2888 1359 ich habe sehr über meine Verhältnissegelebt und
610 1350 2912 1574 hätte ich die Absicht weiter zu leben wie bisher,
649 1493 2885 1685 . ja nur überhappt weiter zu existieren,so bliebe
625 1622 2891 1825 mir gar nichts anderes übrig, als mir meinen Le-
634 1822 2816 2029 bensunterhalt zu verdienen. Am Ende könnte man
637 1948 2978 2149 auch noch eine reiche Heirat machen, denkst du dir.
649 2113 2825 2280 Ich will nicht leugnen, dass mir auch das durch
646 2265 2795 2454 den Kopf ging in jenen Dämmertagen. Solch ein
649 2403 2930 2627 Mensch war ich damals. Kein Schurke, das wäre ein
697 2577 3064 2798 viel zu grosses Wort; nein, einfach ein Wicht,-leer
658 2726 3061 2936 ausgelöscht, seelenlos. Mein Gott, was machen wir al-
667 2873 2918 3058 les durch in unserem kurzen Dasein. Es ist ver-
2523 2963 3016 3073 Erinnerung
667 3040 3070 3232 wunderlich, glaube mir, dieser nur in der
682 3229 2900 3379 unheimliche Zustand, denn in seinem Wesen lag es
685 3352 2921 3558 ja, dass esmir selbst gar keinen Eindruck machte,
682 3519 2945 3759 dauerte so lange, drei oder acht oder zehn Tage.-
