3256 4008
2723 313 2838 471 60
721 414 2924 695 Gradunterschiede,-Wesensunter schied gibt es nur
738 635 2778 810 einen einzigen,- den zwi schen Leben und Tod.
721 804 2832 962 Und so konnte und kann ich auch nicht voraus-
732 928 2758 1074 sehen, wie ihr Tod auf mich wirken, was er am
721 1089 2904 1267 Ende aus mir machen würde. Es wäre nicht underk.
735 1281 2847 1410 bar, ja, fast stage ich zu behaupten,wahrschein-
730 1405 2916 1611 lich, dass am Ende doch geschähe, was vom Schick
735 1566 2918 1738 sal gewollt schien, als es mich und Maria einan.
732 1709 2858 1881 der begegnen liess. Ja, ich weiss es jetzt,und
741 1873 2904 2060 in diesem Augenblick gibt es keinen Irrtum, das
747 2011 2987 2206 Ungeheuere würde, sowie ich es einst erwartet,wie
741 2169 2910 2355 ich es gewünscht,wie ich bereit gewesen es auf
738 2338 3045 2516 mich zu nehmen, dieses Hunngeheuere würde mich zum
738 2502 3002 2657 Dichter machen und ich bliebe auf Erden, um meine
735 2631 2921 2841 Sendung zu erfüllen. Und das Werk ohnegleichen
747 2766 2829 2962 das, mit dem ich gerechtfertigt wäre vor Gott
750 2947 2870 3122 vor mir selbst und vor der Welt,-ich würde es
735 3111 3048 3260 schaffen. Und das soll nicht sein. Das darf nicht
744 3260 2941 3467 sein. Das wird nicht sein. Maria ist ein Toten-
758 3392 2967 3608 opfer wert, wie es noch keinem sterblichen Wesen
