6520 4392
385 680 2753 909 sib, nie verstanden ich traf verheftungen zur
388 847 2880 1052 Ahrsise und Mollin eben eins. Depesche an
540 1006 2852 1192 niedenen Arst-absendenen nich xxxregenis-
506 1124 2921 1372 xyz zu köhnli-
757 1304 2675 1499 chen Mohnort, anzutreffen schieds oder
767 1440 2914 1664 Portier, dem ich mein Telegramm zur Beför-
413 1543 580 1704 af.
788 1602 2942 1797 derung übergab, mir erklärte, ein Arzt die-
410 1766 2896 1968 ses Namens habe für morgen seine Ankunft
801 1909 2980 2107 angekündigt, um hier Erholungsaufenthalt zu
798 2064 2955 2312 nehmen. Diese Fügung schien mis so glükk-
798 2213 2871 2409 lich, als hätte das Schicksal mich damit
804 2374 2908 2592 seines Einverständnisses,seines Wohlwol-
795 2489 3225 2713 lens, seiner Verzeihung versichern wollen.
764 2663 2936 2883 auch Maria sah der Ankunft des Arztes mit
295 2834 2790 3132 Hoffnungsfrawe entgegen. Am nächsten
590 2998 2883 3203 „ „Morgen stand ich am Ter als zur mit Frau
450 3122 2933 3352 Kindern, angefahren, kam und schon die
562 3315 2874 3495 sute Fröhlichkeit seines „Erschaubensichärkte
674 3461 2809 3659 auszubring. Bürgericht in einer
698 3619 2961 3811 Für Abersleuten, xxx
540 3790 2992 3995 obodtenajnei kamohokaput närena het.o 6 k. r8 jn Ansu-
503 3867 2998 4122 -nto rach19 obwohl er solche auf dem Lande sonst
5813 410 5990 568 58
4743 472 5947 633 entgegenkunnen
4333 456 4500 649 G.F.P.
3538 574 3737 670 eb 8l
3954 605 6114 804 abzulehnen gesohnt war, mit aller Zu vorkom
3951 742 6142 962 nenheit auf und noch am gleichen Vormittag
3970 878 4283 981 de Votre
3960 900 6015 1133 durfte ich seinen Besuch erwarten. Doch
3973 1046 6183 1263 schon der erste Blick, mit den er eintretend
3957 1220 6040 1425 Maria ins Auge fasste,die auf den Divan
3960 1363 6099 1589 hingestreckt lag, drückte für mich wenig-
4004 1536 5978 1713 stens ein so untrügliches und erschüt-
4094 1629 5118 1738 et ienmald zu seinem
3976 1661 6062 1853 terndes Erkennen ihres Zustandesaus, dass
3982 1791 4600 1887 Diebsoa, J ao 1
3504 1735 3911 1918 d a fas!
3982 1837 6111 2017 alles was ich nach erfolgter Untersuchung
3451 1927 5084 2048 Isie JaT geb si ab bn0.nedoerd
3988 1999 6117 2117 aus seinem Munde vernahm, mir keine Ueber-
3976 2080 5621 2185 stral bau, netglo1 eger oglda“
3526 2067 3932 2266 nl dola
3988 2170 6117 2266 raschungen mehr bereiten konnte. Zwar ver-
4032 2222 5608 2343 nenöllne Jaiwioaeg me
3982 2269 6009 2427 suchte er auch mir gegenüber zuerst mit
3849 2399 5621 2505 munde neafel aenie doss dolm do
3470 2346 3631 2542 819
3982 2436 6111 2601 der Wahrheit zurückzuhalten, und riet nur,
5317 2526 5643 2629 ereazas!
3656 2542 4296 2694 etduaij.neas
3979 2613 6077 2818 wie beiläufig, vor Eintritt, der herbätli-
3988 2775 6108 2936 chen Witterung heimzureisen, da ja Leiden
4137 2855 5134 2973 uulteH aogriföv “¬
3988 2918 6086 3101 de zuhause ja immer am besten aufgehoben
3982 3076 6031 3256 seien; aber meine Mitteilungen über die
3995 3203 6102 3414 Aeusserungen früherer Aerzte, meine Frage
4001 3361 6080 3585 stellung,meine ganze Haltung veranlasste
4469 3538 6099 3731 sich zu mir ohne alle Umschwei-
4004 3557 4407 3666 ihn bald
5143 3613 5674 3718 heb. aass
3991 3631 4640 3746 1 nebü8 meb.
4823 3622 4982 3721 ant
4010 3653 6037 3911 fe zu äussern. Immerhin versuchte er es
3796 3774 4476 3917 neustetusJanu###
