6440 4232
631 511 2724 715 löslich verbunden, allen Menschen fern, je
171 702 2831 900 It eib. eherije lieber: im tlieb Weltv hinabatureisen,
359 833 2936 1082 neuen war ihre einzige Sehhaucht, gegenüber der al¬
363 974 2805 1219 monedle Rücksichten, auch die auf-ihrekärtlich
430 1155 2902 1344 dollgeliebte Mutterfschweigen mussten. Diese so
285 1333 2962 1525 16. an wenige wiel irgende jemand anderm xxx hätte ihr in
336 1478 2946 1689 die ieder eigenigenigen Tageh, die ich zu denspadsevorbe-
447 1629 2925 1817 -teräitungen benötigte, nur die geringste Unruhe
356 1763 2845 1992 xxx können und ichsselbat, in: Verstel-
386 1891 2936 2116 nungskünsten gewiss nicht ganz ungeübt, musste
255 2079 2905 2281 xxxstaunen, wie harmlose frühl Ech sie die Mutter
1599 2197 1938 2314 des Taxe
655 2271 2858 2415 noch an den Morgen/ zu umarmen vermochte,da
447 2402 2858 2573 sie das Heim ihrer Kinderjahre, als wäre es
343 2526 2969 2764 bendotazu einem Spaziergang, in Wirklichkeit für gar
289 2734 2831 2909 lange Zeit,wenn nicht für immen, verlassen
1290 2855 2284 3056 Mifel meheb dosme
400 2892 1162 3067 sollte.
245 3020 2939 3204 ###usl###lich hatte Borge getragen, dass uns in
403 3151 2878 3402 den ersten Tagen keine Nachricht uden Hause
400 3278 2972 3513 doia ernlichen konnte. Marias Briefe aber,die da-
443 3439 2986 3658 heim erst eintrafen, wenn wir unseren Aufent-
400 3604 2892 3846 negehaltsoort achna gewechselt hatten, waren von
393 3758 2902 4024 Anbeginn, so unhafangen und bestimmt gehal-
3550 333 3718 474 88
3574 490 6012 702 einten, dass die Muttenischen in den ersten Ant
3574 675 5925 816 — Wantschreibenstridt z###des Versuchae.Gfakll und
3530 816 6019 1038 -mii Gekränktheit merken au. lassen ihre Befriedi-
3480 957 6016 1118 burg über das offenbare wohlbefinden und die
3449 1149 5935 1276 rebei. ungetrükte. Stämmung ihr###chter, nicht zu
3527 1290 5972 1461 nen verbrengen verhehlend, yem ochten und
3460 1404 5871 1599 - oder ihre wohlgemeinte, etwas schüchterne, Anre-
3671 1572 5878 1747 gung, ob wir unsere Rpise nicht zum Zwecke
3594 1736 5921 1891 nogäger, beidigen, standesgenässen-Trauung ab-
3449 1904 6002 2069 kürzen oder doch unterbrechen wollten, rührte
5824 1998 6022 2076 um
3943 2019 5387 2096 mantte une beider sur l'école
3429 2076 6029 2250 ###nän Magängsgegängötseimich einomig hatte ausz
4501 2176 4766 2257 karte
3721 2193 5958 2358 eher die Tirkung xxx
3765 2318 5549 2408 aber Remenoy du novembre pon de Mille
5696 2304 6066 2398 I use
3621 2368 6012 2519 reszötzen als uns in der gesümchten Richtung
4628 2479 4867 2576 mehr
3527 2516 5979 2687 noden Jhastimmen..se näher wir uns von den Hei-
4591 2620 4887 2717 water
3570 2663 5801 2828 -ematzwanbfeutenhunse mehr achnaudhuuseab
4746 2774 5189 2868 allerdings
3580 2835 5968 2993 do über hünraat, ogs Tähme, stondnamèv.aus ihr
3644 2959 5945 3130 Gemittgeteilt hatte, Kast ohne Ruhepause uren
3463 3080 5985 3288 neh männgeh Neapaldnehaugtjhieromuen mir ei-
3480 3268 5848 3446 -ted nen ersten hünsegesbaufasthalt, daan Igsat
3480 3406 5992 3601 astnaging jaa duordwärta, nach jemand seudthab nach
5162 3564 6063 3708 zweilen gedachten
4743 3577 5099 3681 er zu v
3587 3564 5095 3809 -nkser onz og tai «k längä» og
