3272 4008
2582 267 2698 421 59
711 421 2765 656 Und das bedeutete gar nicht viel zu sterben
714 630 2518 841 nach ihr; es war eine Form, nicht mehr.
1097 792 2698 966 So stand es mit uns Beiden, als vor
734 917 2750 1108 drei Tagen mit einem Mal wieder die äussere
746 1088 2988 1271 Welt in unseren Kreis trat. Denn eswar nötig ge-
749 1253 2736 1410 worden ärztlichen Rat einzuholen, da manche
746 1384 2916 1596 notwendige Erleichterungen, deren sie bedurfte,
757 1561 2782 1741 auf andere Weise nicht zu beschaffen waren.
775 1697 2884 1921 Ich weiss nicht,ob gerade deine Person an dem
766 1866 2884 2051 neuen Entschluss, dem letzten, dem unumstössli-
778 2034 2840 2225 ohen, den ich fasste, irgendwie beteiligt ist.
783 2159 3119 2356 Unmöglich scheint es mir nicht, denn gerade von dem
783 2289 3046 2527 Augenblick an, da du zum ersten Male hier gewesen
792 2486 3029 2660 warst, misstraute ich meinem Vorsatz meinem Le-
792 2637 3011 2835 ben nach Marias Hinscheiden ein Ende zu machen.
801 2794 3011 2962 Wenn wir uns alles vorzustellen vermögen,-dass
812 2927 3038 3110 einer, der da ist, nicht mehr da sein wird, das zu
812 3070 3084 3273 fassen,wird uns immer versagt sein. Alles übrige
812 3232 3125 3435 ist nur Gradunterschied, nicht Gegensatz: sogar Ju
827 3435 3093 3615 gend und Alter, Gesundheit und Krankheit sind nur
