3352 4120
2556 455 2700 658 14
749 640 3105 790 sich ein wenig.streckte ihren rechten Arm in einer
746 749 3105 949 widersinnigen Weise mit ausgespreizten Fingern von
746 949 3102 1116 sich ab, liess ihn dann sinken, mein Blick blieb un-
746 1081 2935 1263 ergründlich und wir kannten uns nicht mehr. So
746 1254 2938 1407 war Syringe endgültig abgetan, noch ehe ich ein
749 1395 3026 1566 Wort mit Maria gewechselt. ja ehe sich nach jenem
761 1548 2967 1724 ersten entscheidenden unsere Blicke noch einmal
764 1663 3026 1859 getroffen hatten. Ich suchte sie nicht im Saal
767 1827 3087 2042 und wartete nur ohne eigentliche Ungeduld auf das
761 2027 3081 2194 Unausbleibliche. Ruhig stand ich auf der obersten
761 2171 3070 2344 der drei Stufen.die rings um den Saal liefen, als
770 2341 2940 2520 ich Maria am Arm eines Herrn sich langsam mir
764 2488 3084 2656 nähern sah. Unsere. Augen grüssten sich, ohne dass
767 2635 2984 2814 unsere Mienen sich bewegten. Da wir uns in Ge-
773 2799 2970 2982 sellschaftxx schon etliche Male begegnet waren.
758 2958 3037 3120 durfte ich ohneweiters an sie herantreten, um sie
808 3108 3040 3281 zu einem Tanz aufzufordern. Sie nickte, verliess
761 3266 2911 3443 mit schweigendem Gruss Ihren Begleiter, und im
802 3390 3034 3613 nächsten Augenblick schwebte sie mit mir dahin.
770 3584 3090 3745 Mir war als hielte eine Träumende, wenn nicht eine
