<?xml version="1.0" encoding="UTF-8" standalone="yes"?>
<PcGts xmlns="http://schema.primaresearch.org/PAGE/gts/pagecontent/2013-07-15" xmlns:xsi="http://www.w3.org/2001/XMLSchema-instance" xsi:schemaLocation="http://schema.primaresearch.org/PAGE/gts/pagecontent/2013-07-15 http://schema.primaresearch.org/PAGE/gts/pagecontent/2013-07-15/pagecontent.xsd">
    <Metadata>
        <Creator>prov=READ-COOP:name=TrHtr:version=2.1.0:model_id=51170:date=15_08_2023_00:03</Creator>
        <Created>2023-05-10T14:56:35.052+02:00</Created>
        <LastChange>2023-08-15T00:03:45.325+02:00</LastChange>
        <TranskribusMetadata docId="1428693" pageId="55427777" pageNr="51" tsid="132831626" status="IN_PROGRESS" userId="64420" imgUrl="https://files.transkribus.eu/Get?id=CVHOLNUBQQJXVCKQZFJVUBWK&amp;fileType=view" xmlUrl="https://files.transkribus.eu/Get?id=FSETNZIZSHYMRVPSGDYEZVJW" imageId="44701850"/>
    </Metadata>
    <Page imageFilename="1428693_0051.jpg" imageWidth="3304" imageHeight="4072">
        <ReadingOrder>
            <OrderedGroup id="ro_1711808876543" caption="Regions reading order">
                <RegionRefIndexed index="0" regionRef="tr_1"/>
                <RegionRefIndexed index="1" regionRef="tr_2"/>
            </OrderedGroup>
        </ReadingOrder>
        <TextRegion id="tr_1" custom="readingOrder {index:0;}">
            <Coords points="644,391 3033,391 3033,2275 644,2275"/>
            <TextLine id="tr_1_tl_1" custom="readingOrder {index:0;}">
                <Coords points="2442,493 2493,502 2511,493 2526,505 2537,493 2579,502 2579,327 2540,324 2496,291 2457,318 2442,315"/>
                <Baseline points="2459,447 2495,441 2540,441 2585,444"/>
                <TextEquiv>
                    <Unicode>12</Unicode>
                </TextEquiv>
            </TextLine>
            <TextLine id="tr_1_tl_2" custom="readingOrder {index:1;}">
                <Coords points="627,749 1961,698 2169,755 2558,686 2838,761 2864,579 2475,588 2344,511 1815,606 1102,541 630,606"/>
                <Baseline points="644,722 674,716 719,716 764,716 809,719 853,716 898,719 943,716 988,713 1032,710 1077,710 1122,710 1167,707 1212,707 1256,707 1301,707 1346,707 1391,707 1435,707 1480,704 1525,701 1570,701 1615,698 1659,698 1704,695 1749,695 1794,692 1838,692 1883,689 1928,686 1973,686 2018,683 2062,686 2107,683 2152,683 2197,680 2241,680 2286,680 2331,680 2376,680 2421,677 2465,677 2510,677 2555,674 2600,677 2645,674 2689,674 2734,674 2779,671 2824,671 2868,671"/>
                <TextEquiv>
                    <Unicode>holen, als man eigentlich müsste,-besonders, wenn</Unicode>
                </TextEquiv>
            </TextLine>
            <TextLine id="tr_1_tl_3" custom="readingOrder {index:2;}">
                <Coords points="642,882 2876,835 2790,740 2240,716 645,755"/>
                <Baseline points="659,871 689,871 734,874 779,874 823,874 868,871 913,871 958,868 1003,868 1047,865 1092,865 1137,862 1182,862 1226,859 1271,859 1316,859 1361,859 1406,859 1450,856 1495,856 1540,856 1585,856 1629,856 1674,853 1719,853 1764,850 1809,847 1853,847 1898,844 1943,844 1988,844 2033,844 2077,841 2122,841 2167,841 2212,838 2256,838 2301,835 2346,835 2391,835 2436,835 2480,832 2525,832 2570,832 2615,829 2659,832 2704,832 2749,829 2794,826 2839,826 2883,823"/>
                <TextEquiv>
                    <Unicode>einem die Zeit so karg bemessen ist wie mir. Da-</Unicode>
                </TextEquiv>
            </TextLine>
            <TextLine id="tr_1_tl_4" custom="readingOrder {index:3;}">
                <Coords points="636,1061 2603,1037 2808,992 2811,915 642,885"/>
                <Baseline points="656,1029 665,1026 710,1026 755,1026 800,1026 844,1026 889,1023 934,1023 979,1020 1023,1023 1068,1020 1113,1020 1158,1020 1203,1018 1247,1018 1292,1015 1337,1015 1382,1015 1426,1015 1471,1015 1516,1012 1561,1009 1606,1009 1650,1012 1695,1009 1740,1006 1785,1006 1830,1006 1874,1006 1919,1003 1964,1000 2009,1000 2053,997 2098,997 2143,994 2188,994 2233,994 2277,994 2322,994 2367,994 2412,991 2456,991 2501,988 2546,988 2591,988 2636,988 2680,985 2725,985 2770,982 2815,988"/>
                <TextEquiv>
                    <Unicode>her sei nach der Art gewiegter Novellisten bei</Unicode>
                </TextEquiv>
            </TextLine>
            <TextLine id="tr_1_tl_5" custom="readingOrder {index:4;}">
                <Coords points="639,1188 2356,1203 2799,1165 2802,1073 642,1076"/>
                <Baseline points="656,1185 659,1185 704,1182 749,1182 794,1182 838,1182 883,1179 928,1179 973,1179 1018,1179 1062,1176 1107,1176 1152,1176 1197,1173 1241,1173 1286,1173 1331,1173 1376,1170 1421,1170 1465,1170 1510,1167 1555,1167 1600,1167 1644,1170 1689,1170 1734,1167 1779,1164 1824,1161 1868,1161 1913,1158 1958,1158 2003,1155 2047,1158 2092,1155 2137,1155 2182,1152 2227,1149 2271,1149 2316,1149 2361,1149 2406,1146 2450,1146 2495,1146 2540,1143 2585,1143 2630,1140 2674,1140 2719,1140 2764,1137 2809,1137"/>
                <TextEquiv>
                    <Unicode>der Stunde der Anfang gemacht,in der wir beide</Unicode>
                </TextEquiv>
            </TextLine>
            <TextLine id="tr_1_tl_6" custom="readingOrder {index:5;}">
                <Coords points="648,1361 2820,1349 2858,1150 2627,1221 651,1236"/>
                <Baseline points="665,1340 668,1340 713,1337 758,1340 803,1340 847,1337 892,1334 937,1334 982,1334 1026,1331 1071,1334 1116,1331 1161,1328 1206,1328 1250,1328 1295,1328 1340,1328 1385,1325 1429,1325 1474,1322 1519,1322 1564,1322 1609,1322 1653,1319 1698,1319 1743,1316 1788,1316 1832,1316 1877,1316 1922,1313 1967,1313 2012,1310 2056,1310 2101,1310 2146,1307 2191,1307 2236,1307 2280,1307 2325,1304 2370,1304 2415,1301 2459,1301 2504,1301 2549,1298 2594,1298 2639,1295 2683,1292 2728,1295 2773,1292 2818,1292 2862,1298"/>
                <TextEquiv>
                    <Unicode>einander begegneten, Maria und ich; vielmehr bei</Unicode>
                </TextEquiv>
            </TextLine>
            <TextLine id="tr_1_tl_7" custom="readingOrder {index:6;}">
                <Coords points="645,1498 2790,1492 2829,1343 648,1382"/>
                <Baseline points="662,1489 680,1492 725,1489 770,1492 814,1492 859,1492 904,1492 949,1489 994,1489 1038,1483 1083,1483 1128,1483 1173,1483 1218,1483 1262,1483 1307,1480 1352,1480 1397,1477 1441,1477 1486,1474 1531,1474 1576,1474 1621,1474 1665,1474 1710,1471 1755,1471 1800,1471 1844,1468 1889,1465 1934,1465 1979,1465 2024,1465 2068,1465 2113,1465 2158,1462 2203,1462 2247,1459 2292,1459 2337,1459 2382,1456 2427,1456 2471,1453 2516,1453 2561,1450 2606,1450 2650,1450 2695,1447 2740,1447 2785,1447 2830,1453"/>
                <TextEquiv>
                    <Unicode>der, da wir einander Schicksal wurden, im Gewirr</Unicode>
                </TextEquiv>
            </TextLine>
            <TextLine id="tr_1_tl_8" custom="readingOrder {index:7;}">
                <Coords points="651,1691 2543,1610 2808,1667 2882,1649 2885,1503 654,1560"/>
                <Baseline points="668,1647 695,1647 740,1647 785,1644 829,1644 874,1644 919,1641 964,1638 1009,1638 1053,1638 1098,1635 1143,1635 1188,1632 1232,1632 1277,1632 1322,1632 1367,1632 1412,1632 1456,1632 1501,1632 1546,1629 1591,1629 1635,1627 1680,1627 1725,1627 1770,1627 1815,1624 1859,1621 1904,1621 1949,1621 1994,1621 2038,1618 2083,1615 2128,1615 2173,1612 2218,1612 2262,1612 2307,1612 2352,1612 2397,1612 2442,1609 2486,1609 2531,1606 2576,1606 2621,1603 2665,1606 2710,1609 2755,1606 2800,1603 2845,1600 2889,1594"/>
                <TextEquiv>
                    <Unicode>dahinschwebender Paare unter Flöten-und Geigen-</Unicode>
                </TextEquiv>
            </TextLine>
            <TextLine id="tr_1_tl_9" custom="readingOrder {index:8;}">
                <Coords points="648,1842 2416,1771 2662,1836 2888,1783 2891,1664 651,1700"/>
                <Baseline points="665,1803 704,1803 749,1803 794,1800 838,1800 883,1800 928,1800 973,1800 1018,1797 1062,1794 1107,1794 1152,1794 1197,1791 1241,1791 1286,1788 1331,1788 1376,1788 1421,1788 1465,1785 1510,1785 1555,1785 1600,1782 1644,1782 1689,1782 1734,1779 1779,1779 1824,1779 1868,1776 1913,1776 1958,1776 2003,1773 2047,1773 2092,1773 2137,1773 2182,1770 2227,1770 2271,1767 2316,1767 2361,1767 2406,1764 2450,1764 2495,1764 2540,1761 2585,1761 2630,1758 2674,1758 2719,1758 2764,1755 2809,1755 2853,1752 2898,1752"/>
                <TextEquiv>
                    <Unicode>klang. Doch war es trotz alledem keine sehr frö-</Unicode>
                </TextEquiv>
            </TextLine>
            <TextLine id="tr_1_tl_10" custom="readingOrder {index:9;}">
                <Coords points="663,1985 2915,1940 2849,1801 666,1845"/>
                <Baseline points="680,1958 683,1958 728,1958 773,1955 817,1955 862,1952 907,1949 952,1949 997,1949 1041,1949 1086,1946 1131,1946 1176,1943 1221,1943 1265,1943 1310,1946 1355,1943 1400,1943 1444,1943 1489,1943 1534,1943 1579,1940 1624,1937 1668,1937 1713,1937 1758,1934 1803,1934 1847,1931 1892,1931 1937,1928 1982,1928 2027,1928 2071,1928 2116,1925 2161,1922 2206,1925 2250,1925 2295,1925 2340,1922 2385,1922 2430,1919 2474,1919 2519,1919 2564,1916 2609,1916 2653,1913 2698,1913 2743,1913 2788,1913 2833,1913 2877,1910 2922,1913"/>
                <TextEquiv>
                    <Unicode>liche Stunde; wenigstens liess sie sich nicht so</Unicode>
                </TextEquiv>
            </TextLine>
            <TextLine id="tr_1_tl_11" custom="readingOrder {index:10;}">
                <Coords points="660,2127 2745,2107 2748,1961 663,2003"/>
                <Baseline points="677,2113 695,2113 740,2113 785,2110 829,2113 874,2110 919,2110 964,2107 1009,2107 1053,2104 1098,2104 1143,2101 1188,2101 1232,2098 1277,2098 1322,2098 1367,2095 1412,2095 1456,2095 1501,2095 1546,2092 1591,2092 1635,2092 1680,2089 1725,2086 1770,2086 1815,2086 1859,2086 1904,2086 1949,2086 1994,2083 2038,2083 2083,2080 2128,2080 2173,2080 2218,2080 2262,2080 2307,2077 2352,2074 2397,2074 2442,2074 2486,2071 2531,2071 2576,2071 2621,2071 2665,2068 2710,2068 2755,2068"/>
                <TextEquiv>
                    <Unicode>an; denn vorerst wandelte an meinem Arm noch</Unicode>
                </TextEquiv>
            </TextLine>
            <TextLine id="tr_1_tl_12" custom="readingOrder {index:11;}">
                <Coords points="663,2282 3025,2246 3025,2142 2754,2116 666,2175"/>
                <Baseline points="680,2265 704,2265 749,2262 794,2259 838,2262 883,2259 928,2259 973,2259 1018,2259 1062,2256 1107,2259 1152,2256 1197,2256 1241,2256 1286,2256 1331,2256 1376,2256 1421,2256 1465,2253 1510,2250 1555,2250 1600,2250 1644,2247 1689,2247 1734,2247 1779,2244 1824,2241 1868,2244 1913,2239 1958,2239 2003,2241 2047,2239 2092,2239 2137,2236 2182,2236 2227,2236 2271,2236 2316,2233 2361,2233 2406,2230 2450,2230 2495,2230 2540,2230 2585,2227 2630,2224 2674,2224 2719,2224 2764,2224 2809,2224 2853,2224 2898,2224 2943,2224 2988,2221 3033,2221"/>
                <TextEquiv>
                    <Unicode>Fräulein Syringe, ein Name, den du mit Recht etwas h</Unicode>
                </TextEquiv>
            </TextLine>
        </TextRegion>
        <TextRegion id="tr_2" custom="readingOrder {index:1;}">
            <Coords points="677,2329 3092,2329 3092,3681 677,3681"/>
            <TextLine id="tr_2_tl_1" custom="readingOrder {index:0;}">
                <Coords points="657,2439 2698,2433 2879,2395 2882,2279 660,2315"/>
                <Baseline points="677,2421 692,2421 737,2421 782,2421 826,2421 871,2418 916,2418 961,2415 1006,2415 1050,2415 1095,2415 1140,2412 1185,2412 1229,2409 1274,2409 1319,2409 1364,2409 1409,2409 1453,2406 1498,2406 1543,2403 1588,2403 1632,2400 1677,2403 1722,2400 1767,2400 1812,2400 1856,2397 1901,2397 1946,2397 1991,2394 2036,2394 2080,2394 2125,2391 2170,2391 2215,2391 2259,2388 2304,2388 2349,2388 2394,2388 2439,2388 2483,2385 2528,2382 2573,2385 2618,2382 2662,2382 2707,2382 2752,2382 2797,2379 2842,2379 2886,2382"/>
                <TextEquiv>
                    <Unicode>heidnisch und sonderbar finden wirst,-aber kann</Unicode>
                </TextEquiv>
            </TextLine>
            <TextLine id="tr_2_tl_2" custom="readingOrder {index:1;}">
                <Coords points="657,2615 2885,2585 2885,2460 2728,2413 660,2472"/>
                <Baseline points="677,2579 695,2579 740,2576 785,2576 829,2576 874,2576 919,2573 964,2573 1009,2570 1053,2570 1098,2570 1143,2567 1188,2567 1232,2567 1277,2564 1322,2564 1367,2564 1412,2564 1456,2561 1501,2561 1546,2561 1591,2558 1635,2558 1680,2558 1725,2558 1770,2558 1815,2555 1859,2555 1904,2555 1949,2552 1994,2552 2038,2552 2083,2549 2128,2546 2173,2546 2218,2546 2262,2543 2307,2543 2352,2543 2397,2543 2442,2543 2486,2540 2531,2540 2576,2540 2621,2537 2665,2537 2710,2537 2755,2537 2800,2537 2845,2534 2889,2543"/>
                <TextEquiv>
                    <Unicode>man sich anders nennen, wenn man berufen ist auf</Unicode>
                </TextEquiv>
            </TextLine>
            <TextLine id="tr_2_tl_3" custom="readingOrder {index:2;}">
                <Coords points="663,2772 2217,2707 2835,2763 2924,2745 2927,2597 666,2633"/>
                <Baseline points="683,2734 692,2734 737,2731 782,2731 826,2731 871,2731 916,2728 961,2728 1006,2725 1050,2725 1095,2725 1140,2725 1185,2722 1229,2722 1274,2722 1319,2719 1364,2719 1409,2716 1453,2716 1498,2716 1543,2713 1588,2713 1632,2713 1677,2713 1722,2716 1767,2713 1812,2713 1856,2713 1901,2710 1946,2710 1991,2707 2036,2707 2080,2707 2125,2704 2170,2701 2215,2701 2259,2701 2304,2701 2349,2698 2394,2698 2439,2698 2483,2695 2528,2695 2573,2692 2618,2692 2662,2692 2707,2692 2752,2692 2797,2692 2842,2692 2886,2689 2931,2689"/>
                <TextEquiv>
                    <Unicode>dem Theater schwermütige und interessante Frauen</Unicode>
                </TextEquiv>
            </TextLine>
            <TextLine id="tr_2_tl_4" custom="readingOrder {index:3;}">
                <Coords points="666,2909 2838,2891 2841,2760 669,2769"/>
                <Baseline points="683,2889 695,2889 740,2889 785,2889 829,2889 874,2886 919,2883 964,2883 1009,2880 1053,2880 1098,2880 1143,2880 1188,2880 1232,2880 1277,2880 1322,2877 1367,2877 1412,2877 1456,2874 1501,2874 1546,2871 1591,2871 1635,2871 1680,2874 1725,2868 1770,2868 1815,2868 1859,2868 1904,2865 1949,2862 1994,2862 2038,2862 2083,2862 2128,2862 2173,2859 2218,2856 2262,2856 2307,2856 2352,2856 2397,2856 2442,2853 2486,2853 2531,2850 2576,2850 2621,2850 2665,2850 2710,2848 2755,2848 2800,2845 2845,2850"/>
                <TextEquiv>
                    <Unicode>darzustellen,bei der Taufe den Namen Josefine</Unicode>
                </TextEquiv>
            </TextLine>
            <TextLine id="tr_2_tl_5" custom="readingOrder {index:4;}">
                <Coords points="672,3060 2739,3049 2841,3013 2843,2924 674,2947"/>
                <Baseline points="692,3045 698,3048 743,3045 788,3042 832,3042 877,3042 922,3042 967,3042 1012,3042 1056,3039 1101,3039 1146,3036 1191,3036 1235,3036 1280,3036 1325,3036 1370,3033 1415,3033 1459,3030 1504,3027 1549,3027 1594,3027 1638,3027 1683,3027 1728,3027 1773,3027 1818,3024 1862,3027 1907,3024 1952,3024 1997,3021 2041,3021 2086,3018 2131,3018 2176,3018 2221,3018 2265,3015 2310,3012 2355,3012 2400,3009 2444,3012 2489,3012 2534,3009 2579,3009 2624,3006 2668,3006 2713,3006 2758,3006 2803,3003 2848,3006"/>
                <TextEquiv>
                    <Unicode>erhalten hat und demzufolge durchs bürgerliche</Unicode>
                </TextEquiv>
            </TextLine>
            <TextLine id="tr_2_tl_6" custom="readingOrder {index:5;}">
                <Coords points="674,3233 2555,3206 2894,3170 2897,3090 677,3111"/>
                <Baseline points="692,3203 707,3200 752,3200 797,3200 841,3197 886,3197 931,3197 976,3197 1020,3197 1065,3194 1110,3194 1155,3194 1200,3191 1244,3191 1289,3191 1334,3191 1379,3191 1424,3188 1468,3188 1513,3185 1558,3185 1603,3185 1647,3185 1692,3182 1737,3182 1782,3182 1827,3179 1871,3179 1916,3176 1961,3179 2006,3176 2050,3176 2095,3176 2140,3173 2185,3173 2230,3173 2274,3173 2319,3170 2364,3170 2409,3170 2453,3170 2498,3170 2543,3167 2588,3167 2633,3167 2677,3164 2722,3164 2767,3161 2812,3161 2856,3161 2901,3161"/>
                <TextEquiv>
                    <Unicode>Leben als ein Fräulein P epi wandelt? Trotzdem</Unicode>
                </TextEquiv>
            </TextLine>
            <TextLine id="tr_2_tl_7" custom="readingOrder {index:6;}">
                <Coords points="672,3411 2543,3325 2888,3390 2924,3245 2493,3179 2276,3256 674,3254"/>
                <Baseline points="689,3358 692,3358 737,3355 782,3355 826,3355 871,3358 916,3355 961,3352 1006,3352 1050,3352 1095,3352 1140,3349 1185,3349 1229,3349 1274,3349 1319,3346 1364,3343 1409,3343 1453,3343 1498,3343 1543,3343 1588,3340 1632,3340 1677,3337 1722,3337 1767,3337 1812,3334 1856,3334 1901,3334 1946,3334 1991,3334 2036,3331 2080,3334 2125,3331 2170,3331 2215,3331 2259,3328 2304,3328 2349,3328 2394,3325 2439,3325 2483,3322 2528,3322 2573,3322 2618,3319 2662,3319 2707,3319 2752,3316 2797,3316 2842,3316 2886,3316 2931,3322"/>
                <TextEquiv>
                    <Unicode>wir einander zärtlich liebten, schon ein Viertel-</Unicode>
                </TextEquiv>
            </TextLine>
            <TextLine id="tr_2_tl_8" custom="readingOrder {index:7;}">
                <Coords points="698,3539 3084,3479 3057,3384 2199,3340 701,3393"/>
                <Baseline points="716,3522 719,3522 764,3516 809,3513 853,3513 898,3513 943,3510 988,3507 1032,3507 1077,3510 1122,3510 1167,3510 1212,3507 1256,3504 1301,3501 1346,3501 1391,3501 1435,3501 1480,3498 1525,3498 1570,3498 1615,3495 1659,3495 1704,3495 1749,3492 1794,3489 1838,3489 1883,3489 1928,3489 1973,3489 2018,3486 2062,3486 2107,3489 2152,3486 2197,3486 2241,3486 2286,3483 2331,3483 2376,3483 2421,3480 2465,3480 2510,3480 2555,3480 2600,3477 2645,3477 2689,3477 2734,3480 2779,3477 2824,3474 2868,3474 2913,3474 2958,3471 3003,3471 3048,3471 3092,3471"/>
                <TextEquiv>
                    <Unicode>jahr lang, nämlich seit den Proben zu meiner letzten</Unicode>
                </TextEquiv>
            </TextLine>
            <TextLine id="tr_2_tl_9" custom="readingOrder {index:8;}">
                <Coords points="710,3699 1566,3747 3078,3643 3078,3560 2909,3512 713,3557"/>
                <Baseline points="728,3671 758,3671 803,3671 847,3668 892,3668 937,3668 982,3668 1026,3665 1071,3668 1116,3668 1161,3665 1206,3665 1250,3663 1295,3663 1340,3660 1385,3660 1429,3660 1474,3663 1519,3660 1564,3660 1609,3660 1653,3657 1698,3660 1743,3657 1788,3654 1832,3651 1877,3648 1922,3648 1967,3648 2012,3648 2056,3645 2101,3648 2146,3645 2191,3645 2236,3645 2280,3645 2325,3645 2370,3642 2415,3642 2459,3639 2504,3639 2549,3639 2594,3639 2639,3639 2683,3636 2728,3639 2773,3642 2818,3639 2862,3639 2907,3639 2952,3636 2997,3636 3042,3636 3086,3639"/>
                <TextEquiv>
                    <Unicode>Komödie, in der Syringe die dämonischeste Papi oder</Unicode>
                </TextEquiv>
            </TextLine>
        </TextRegion>
    </Page>
</PcGts>
