3320 4088
2769 352 2917 559 42
640 525 3075 751 geboteh werden, aber, wenn man etwas für sie wünschen,
633 695 2877 887 erhoffen, erflehen wollte, so war es nur das Eine
655 853 2871 1091 dass sie aus einem ihrer Anfälle nicht mehr er-
646 1044 995 1245 wachte.
1010 1174 3068 1344 Da er mir zum Schlüsse dringend geraten mit
649 1319 3133 1505 Maria kühlere, höher gelegene, waldreiche Gegenden aus-
671 1483 3075 1644 zusuchen, so fanden wir uns schon wenige Tage darauf
674 1653 3025 1820 in einem Gebirgsort der Dolomiten, nach welchem mir
680 1755 3081 1962 von einem dort vor Jahren verbrachten Sommer immer
683 1937 2864 2123 eine stille Sehnsucht zurückgeblieben war. Die
683 2110 2920 2284 Landschaft erschien mir diesmal unwirtlicher, ja
689 2280 2988 2432 feindlicher als damals, die Wälder dunkler und die
692 2410 2923 2608 Sonne in all ihrem Glanz wie verhängt. Da Maria
695 2596 3044 2735 keine weiteren Spaziergänge unternehmen durfte, mir
689 2741 2923 2898 aber solche unter allen Umständen unentbehrlich
695 2905 2969 3087 waren, fügte es sich, dass ich oft stundenlang von
695 3041 3087 3207 ihr fern blieb. Wenn sie mich des Morgens mit zärt-
708 3207 3028 3399 lichem Abschiedsgruse entliess, glaubte ich in dem
726 3356 3062 3557 gespielt heiteren Ausdruck ihrer Mienen immer wie-
711 3507 2942 3711 der zu lesen, dass es auch ein Abschied auf ewig
