3304 4072
653 477 2938 739 Nun, es bedurfte keiner besonderen Seelenkunde,um
653 699 3126 859 deine Blicke,wie deine ganze Grundstimmung mir gegen-
650 872 3021 1032 über zu erfassen; - zu verwundern ist nur.dass sie
659 1029 2886 1158 auch nach so langer Zeit unvermindert andauert
665 1130 3025 1340 und dass es dir nicht einmal gelingt in diesen für
665 1306 3077 1472 mich, wie du wohl annehmen musst, schweren Tagen dich
662 1478 2846 1651 so weit zu beherrschen,um ein freundliches, ja,
678 1629 2914 1786 um nur ein unbefanges Wort mir gegenüber zu fin-
675 1768 2895 1956 den. Zum Neid gebe ich dir doch in keiner Weise
671 1919 2855 2110 mehr Anlass,- selbst mein Ruhm, der dir als der
684 2079 2988 2264 eines Dichters wohl nie sonderlich erstrebenswert
681 2245 2871 2405 erschienen sein dürfte, gehört nicht zu der Art,
681 2378 3037 2587 die die Welt mit ihrem Widerhall erfüllt, und ich
684 2559 2871 2732 zweifle so wenig daran als du, dass in etlichen
675 2710 2877 2892 Jahrzehnten kein Hahn mehr nach mir und meinen
684 2864 3046 3028 Werken krähen wird. Warum also, mein Freund, dieser
696 3018 2972 3222 unauslöschliche Hass gegen einen Menschen, dem du
687 3172 3105 3351 doch bisher nichts weiter vorzuwerfen hast, als dass
699 3323 3049 3539 er nicht besser, auch nicht schlechter, nur eben an-
