3304 4088
2697 281 2826 469 27
747 485 2818 618 besiegelnden Ernst als die reinste und na-
767 587 2928 783 türlichste Angelegenheit von der Welt. Von der
745 750 2846 938 Mutter erbat ich mir die Erlaubnis die Damen
756 907 2934 1078 am nächsten Tag abholen zu dürfen, um ihnen die
764 1040 2769 1233 paar Bilder und Kunstgegenstände zu zeigen,
750 1200 2887 1409 die mir, zum Teil als Erbstücke von meinen El-
761 1382 2868 1547 tern her,zum andern als von mir selbst gesam-
753 1536 2882 1704 melt einen nicht sehr anspruchsvollen Schmuck
800 1666 2793 1867 meiner Villa bedeuteten. Es war ein kühler
756 1831 2893 1980 Vorfrühlingstag, als ich Mutter und Tochter in
753 1983 2917 2162 meinem kleinen Gärtchen herumführte, die Rosen-
764 2134 2796 2327 stöcke waren in Stroh gehüllt, auf dem Rasen
767 2311 2959 2462 zerfloss der Schnee, unter einem kahlen Jasmin-
764 2446 2879 2631 strauch zeigten sich ein paar frühe Veilchen.
769 2617 2920 2788 Später, nachdem ich meine bescheidenen Kostbar-
756 2791 2884 2945 keiten hatte bewundern lassen,sassen wir eine
756 2912 2931 3075 Weile im Arbeitszimmer am Kamin, in dem übri-
769 3069 2890 3251 gens die Asche eines Werks verglimmte, das ich
772 3248 2937 3408 erst vor ein paar Wochen begonnen und an die-
753 3411 2973 3574 sem Morgen, da es mir in seiner frechen und kal-
