<?xml version="1.0" encoding="UTF-8" standalone="yes"?>
<PcGts xmlns="http://schema.primaresearch.org/PAGE/gts/pagecontent/2013-07-15" xmlns:xsi="http://www.w3.org/2001/XMLSchema-instance" xsi:schemaLocation="http://schema.primaresearch.org/PAGE/gts/pagecontent/2013-07-15 http://schema.primaresearch.org/PAGE/gts/pagecontent/2013-07-15/pagecontent.xsd">
    <Metadata>
        <Creator>prov=READ-COOP:name=TrHtr:version=2.1.0:model_id=51170:date=15_08_2023_00:04</Creator>
        <Created>2023-05-10T14:56:43.963+02:00</Created>
        <LastChange>2023-08-15T00:04:26.376+02:00</LastChange>
        <TranskribusMetadata docId="1428693" pageId="55428191" pageNr="108" tsid="132831684" status="IN_PROGRESS" userId="64420" imgUrl="https://files.transkribus.eu/Get?id=SCATVQDWTVGUXGUBMZKVXXZP&amp;fileType=view" xmlUrl="https://files.transkribus.eu/Get?id=FEMADYKMFUDIQIBQISQLHGHO" imageId="44702264"/>
    </Metadata>
    <Page imageFilename="1428693_0108.jpg" imageWidth="3400" imageHeight="4104">
        <ReadingOrder>
            <OrderedGroup id="ro_1711808990318" caption="Regions reading order">
                <RegionRefIndexed index="0" regionRef="tr_2"/>
                <RegionRefIndexed index="1" regionRef="tr_1"/>
            </OrderedGroup>
        </ReadingOrder>
        <TextRegion id="tr_2" custom="readingOrder {index:0;}">
            <Coords points="665,403 3071,403 3071,1645 665,1645"/>
            <TextLine id="tr_2_tl_1" custom="readingOrder {index:0;}">
                <Coords points="2466,455 2487,452 2500,467 2531,473 2537,483 2559,483 2568,362 2543,359 2531,346 2515,359 2509,353 2500,359 2472,356"/>
                <Baseline points="2483,459 2525,456 2569,453"/>
                <TextEquiv>
                    <Unicode>3</Unicode>
                </TextEquiv>
            </TextLine>
            <TextLine id="tr_2_tl_2" custom="readingOrder {index:1;}">
                <Coords points="659,721 3063,767 3063,579 2871,529 2487,640 659,609"/>
                <Baseline points="677,680 722,680 767,680 811,680 856,680 901,683 946,683 990,683 1035,683 1080,680 1125,683 1170,680 1214,680 1259,683 1304,683 1349,680 1393,683 1438,683 1483,686 1528,686 1572,686 1617,686 1662,689 1707,686 1752,686 1796,686 1841,689 1886,689 1931,692 1975,692 2020,692 2065,692 2110,689 2154,692 2199,692 2244,689 2289,689 2334,692 2378,692 2423,692 2468,692 2513,695 2557,695 2602,692 2647,695 2692,698 2736,698 2781,698 2826,701 2871,701 2916,701 2960,704 3005,701 3050,701 3071,698"/>
                <TextEquiv>
                    <Unicode>was du dich selbst auch fragen dürftest - warum ich</Unicode>
                </TextEquiv>
            </TextLine>
            <TextLine id="tr_2_tl_3" custom="readingOrder {index:2;}">
                <Coords points="1222,777 1250,770 1272,783 1299,767 1315,773 1333,767 1346,777 1377,770 1386,780 1395,770 1445,767 1442,696 1389,712 1336,696 1321,702 1312,693 1219,702"/>
                <Baseline points="1238,755 1283,755 1328,758 1372,758 1417,761 1453,764"/>
                <TextEquiv>
                    <Unicode>denn</Unicode>
                </TextEquiv>
            </TextLine>
            <TextLine id="tr_2_tl_4" custom="readingOrder {index:3;}">
                <Coords points="656,872 3020,866 3020,777 2899,739 656,752"/>
                <Baseline points="674,832 719,832 764,835 808,835 853,832 898,835 943,835 987,835 1032,835 1077,832 1122,832 1167,835 1211,838 1256,841 1301,841 1346,841 1390,841 1435,841 1480,841 1525,841 1569,841 1614,841 1659,844 1704,844 1749,841 1793,844 1838,844 1883,844 1928,844 1972,847 2017,847 2062,844 2107,844 2151,847 2196,847 2241,850 2286,850 2331,850 2375,850 2420,850 2465,850 2510,850 2554,853 2599,853 2644,853 2689,853 2734,853 2778,856 2823,856 2868,856 2913,856 2957,856 3002,856 3023,853"/>
                <TextEquiv>
                    <Unicode>diesen Brief gerade an dich richte, dem all das, was</Unicode>
                </TextEquiv>
            </TextLine>
            <TextLine id="tr_2_tl_5" custom="readingOrder {index:4;}">
                <Coords points="650,1015 3013,1036 3013,922 2837,897 650,940"/>
                <Baseline points="668,987 713,987 758,987 802,987 847,990 892,990 937,990 981,990 1026,990 1071,990 1116,993 1161,993 1205,993 1250,996 1295,996 1340,996 1384,996 1429,996 1474,996 1519,999 1563,996 1608,996 1653,996 1698,996 1743,996 1787,999 1832,999 1877,999 1922,999 1966,999 2011,999 2056,999 2101,1002 2146,1002 2190,1002 2235,1005 2280,1005 2325,1005 2369,1005 2414,1005 2459,1005 2504,1002 2548,1005 2593,1005 2638,1008 2683,1008 2728,1008 2772,1008 2817,1011 2862,1011 2907,1008 2951,1008 2996,1008 3020,1011"/>
                <TextEquiv>
                    <Unicode>ich bisher gesagt habe und noch sagen werde, ebenso</Unicode>
                </TextEquiv>
            </TextLine>
            <TextLine id="tr_2_tl_6" custom="readingOrder {index:5;}">
                <Coords points="659,1185 3023,1203 2945,1077 656,1043"/>
                <Baseline points="674,1140 719,1140 764,1140 808,1143 853,1143 898,1143 943,1143 987,1143 1032,1146 1077,1146 1122,1146 1167,1149 1211,1152 1256,1152 1301,1152 1346,1152 1390,1152 1435,1152 1480,1152 1525,1152 1569,1152 1614,1152 1659,1152 1704,1152 1749,1152 1793,1155 1838,1155 1883,1155 1928,1155 1972,1155 2017,1155 2062,1155 2107,1155 2151,1158 2196,1155 2241,1158 2286,1158 2331,1158 2375,1158 2420,1158 2465,1158 2510,1158 2554,1161 2599,1158 2644,1161 2689,1161 2734,1161 2778,1164 2823,1164 2868,1164 2913,1164 2957,1164 3002,1164 3026,1164"/>
                <TextEquiv>
                    <Unicode>kwiderwärtig als im tiefsten Grunde unverständlich</Unicode>
                </TextEquiv>
            </TextLine>
            <TextLine id="tr_2_tl_7" custom="readingOrder {index:6;}">
                <Coords points="647,1302 3029,1364 3063,1225 644,1210"/>
                <Baseline points="665,1295 710,1295 755,1298 799,1298 844,1298 889,1298 934,1298 978,1298 1023,1301 1068,1298 1113,1298 1158,1298 1202,1298 1247,1301 1292,1301 1337,1301 1381,1301 1426,1304 1471,1304 1516,1304 1561,1307 1605,1307 1650,1307 1695,1307 1740,1307 1784,1307 1829,1307 1874,1307 1919,1310 1963,1310 2008,1310 2053,1310 2098,1313 2143,1313 2187,1313 2232,1310 2277,1310 2322,1310 2366,1313 2411,1313 2456,1316 2501,1313 2545,1316 2590,1316 2635,1316 2680,1319 2725,1319 2769,1319 2814,1319 2859,1319 2904,1322 2948,1319 2993,1322 3038,1322 3071,1328"/>
                <TextEquiv>
                    <Unicode>sein dürfte - sein muss? Warum nicht an eine dankba-</Unicode>
                </TextEquiv>
            </TextLine>
            <TextLine id="tr_2_tl_8" custom="readingOrder {index:7;}">
                <Coords points="656,1500 3054,1522 3050,1401 2732,1371 653,1374"/>
                <Baseline points="671,1456 716,1450 761,1450 805,1453 850,1456 895,1456 940,1456 984,1453 1029,1456 1074,1456 1119,1456 1164,1456 1208,1456 1253,1456 1298,1456 1343,1462 1387,1459 1432,1462 1477,1462 1522,1459 1566,1462 1611,1462 1656,1462 1701,1462 1746,1462 1790,1462 1835,1462 1880,1465 1925,1465 1969,1465 2014,1465 2059,1468 2104,1465 2149,1465 2193,1465 2238,1465 2283,1468 2328,1465 2372,1468 2417,1468 2462,1468 2507,1468 2551,1468 2596,1468 2641,1468 2686,1471 2731,1471 2775,1474 2820,1474 2865,1474 2910,1474 2954,1474 2999,1474 3044,1477 3062,1480"/>
                <TextEquiv>
                    <Unicode>rere, eine würdigere Adresse? An die Nachwelt - oder</Unicode>
                </TextEquiv>
            </TextLine>
            <TextLine id="tr_2_tl_9" custom="readingOrder {index:8;}">
                <Coords points="647,1634 2917,1661 2917,1528 2642,1497 647,1531"/>
                <Baseline points="665,1605 710,1605 755,1608 799,1608 844,1608 889,1611 934,1611 978,1611 1023,1608 1068,1611 1113,1611 1158,1611 1202,1614 1247,1614 1292,1614 1337,1617 1381,1617 1426,1617 1471,1617 1516,1617 1561,1617 1605,1617 1650,1617 1695,1617 1740,1617 1784,1617 1829,1617 1874,1617 1919,1620 1963,1620 2008,1620 2053,1623 2098,1623 2143,1623 2187,1620 2232,1620 2277,1620 2322,1620 2366,1620 2411,1620 2456,1623 2501,1623 2545,1623 2590,1623 2635,1626 2680,1629 2725,1629 2769,1629 2814,1629 2859,1626 2904,1629 2925,1635"/>
                <TextEquiv>
                    <Unicode>bescheidener gesprochen - an die Unbekannten, die</Unicode>
                </TextEquiv>
            </TextLine>
        </TextRegion>
        <TextRegion id="tr_1" custom="readingOrder {index:1;}">
            <Coords points="635,1710 3133,1710 3133,3666 635,3666"/>
            <TextLine id="tr_1_tl_1" custom="readingOrder {index:0;}">
                <Coords points="653,1797 2803,1819 2837,1677 1197,1714 897,1649 653,1708"/>
                <Baseline points="671,1763 716,1760 761,1760 805,1760 850,1763 895,1763 940,1766 984,1766 1029,1766 1074,1766 1119,1766 1164,1766 1208,1766 1253,1766 1298,1766 1343,1766 1387,1766 1432,1769 1477,1769 1522,1769 1566,1769 1611,1769 1656,1769 1701,1769 1746,1769 1790,1772 1835,1772 1880,1772 1925,1772 1969,1772 2014,1775 2059,1775 2104,1775 2149,1775 2193,1775 2238,1775 2283,1775 2328,1775 2372,1775 2417,1775 2462,1775 2507,1775 2551,1775 2596,1778 2641,1778 2686,1778 2731,1778 2775,1778 2820,1781 2844,1781"/>
                <TextEquiv>
                    <Unicode>diemels meine Feinde und niemals meine Freunde</Unicode>
                </TextEquiv>
            </TextLine>
            <TextLine id="tr_1_tl_2" custom="readingOrder {index:1;}">
                <Coords points="647,1943 3094,1961 3091,1859 2760,1807 1231,1794 919,1878 647,1807"/>
                <Baseline points="665,1922 710,1919 755,1919 799,1919 844,1919 889,1919 934,1919 978,1922 1023,1922 1068,1922 1113,1919 1158,1922 1202,1922 1247,1922 1292,1922 1337,1925 1381,1925 1426,1925 1471,1925 1516,1925 1561,1925 1605,1925 1650,1928 1695,1928 1740,1928 1784,1928 1829,1931 1874,1931 1919,1931 1963,1928 2008,1928 2053,1931 2098,1931 2143,1928 2187,1928 2232,1931 2277,1931 2322,1931 2366,1931 2411,1934 2456,1934 2501,1934 2545,1934 2590,1937 2635,1937 2680,1937 2725,1940 2769,1940 2814,1943 2859,1946 2904,1943 2948,1943 2993,1943 3038,1940 3083,1940 3098,1943"/>
                <TextEquiv>
                    <Unicode>waren und daher in jedem Falle von Vorurteilen gegen</Unicode>
                </TextEquiv>
            </TextLine>
            <TextLine id="tr_1_tl_3" custom="readingOrder {index:2;}">
                <Coords points="644,2098 3004,2135 3125,2042 640,1946"/>
                <Baseline points="659,2074 704,2074 749,2074 793,2071 838,2074 883,2074 928,2074 973,2074 1017,2074 1062,2074 1107,2074 1152,2074 1196,2074 1241,2077 1286,2077 1331,2077 1375,2077 1420,2077 1465,2077 1510,2080 1555,2080 1599,2083 1644,2083 1689,2083 1734,2083 1778,2083 1823,2083 1868,2080 1913,2083 1957,2083 2002,2083 2047,2083 2092,2083 2137,2083 2181,2086 2226,2086 2271,2086 2316,2086 2360,2086 2405,2089 2450,2089 2495,2089 2540,2089 2584,2089 2629,2092 2674,2092 2719,2089 2763,2089 2808,2092 2853,2092 2898,2095 2942,2098 2987,2095 3032,2095 3077,2095 3122,2095 3133,2098"/>
                <TextEquiv>
                    <Unicode>mich frei sein werden? Sollte es etwa eine Art von Bus</Unicode>
                </TextEquiv>
            </TextLine>
            <TextLine id="tr_1_tl_4" custom="readingOrder {index:3;}">
                <Coords points="640,2274 3020,2274 2989,2128 2580,2203 2336,2119 637,2172"/>
                <Baseline points="656,2226 701,2223 746,2226 790,2226 835,2223 880,2226 925,2229 970,2229 1014,2232 1059,2229 1104,2232 1149,2229 1193,2229 1238,2232 1283,2232 1328,2232 1372,2232 1417,2232 1462,2235 1507,2235 1552,2235 1596,2235 1641,2235 1686,2235 1731,2238 1775,2235 1820,2235 1865,2238 1910,2235 1954,2235 1999,2238 2044,2238 2089,2238 2134,2238 2178,2238 2223,2241 2268,2241 2313,2244 2357,2244 2402,2244 2447,2244 2492,2244 2537,2244 2581,2247 2626,2247 2671,2247 2716,2247 2760,2247 2805,2247 2850,2250 2895,2253 2939,2253 2984,2259 3026,2271"/>
                <TextEquiv>
                    <Unicode>se sein, die ich mir und meiner Eitelkeit auferlege,</Unicode>
                </TextEquiv>
            </TextLine>
            <TextLine id="tr_1_tl_5" custom="readingOrder {index:4;}">
                <Coords points="640,2407 2973,2404 2846,2292 2580,2345 2302,2262 640,2323"/>
                <Baseline points="656,2381 701,2378 746,2378 790,2378 835,2381 880,2381 925,2381 970,2381 1014,2381 1059,2384 1104,2381 1149,2384 1193,2381 1238,2381 1283,2381 1328,2384 1372,2387 1417,2384 1462,2384 1507,2387 1552,2387 1596,2387 1641,2387 1686,2387 1731,2390 1775,2390 1820,2387 1865,2390 1910,2390 1954,2390 1999,2390 2044,2390 2089,2393 2134,2393 2178,2393 2223,2393 2268,2393 2313,2396 2357,2396 2402,2393 2447,2396 2492,2399 2537,2399 2581,2399 2626,2399 2671,2399 2716,2399 2760,2399 2805,2402 2850,2402 2895,2402 2939,2399 2978,2396"/>
                <TextEquiv>
                    <Unicode>indem ich diesen Brief - als Vermichtnis gewisser-</Unicode>
                </TextEquiv>
            </TextLine>
            <TextLine id="tr_1_tl_6" custom="readingOrder {index:5;}">
                <Coords points="634,2577 2732,2602 2939,2518 2228,2432 1009,2506 631,2441"/>
                <Baseline points="650,2540 695,2537 740,2537 784,2537 829,2537 874,2537 919,2540 964,2537 1008,2537 1053,2540 1098,2540 1143,2540 1187,2540 1232,2540 1277,2540 1322,2540 1367,2540 1411,2540 1456,2542 1501,2542 1546,2545 1590,2545 1635,2545 1680,2542 1725,2542 1769,2542 1814,2545 1859,2545 1904,2545 1949,2548 1993,2548 2038,2548 2083,2548 2128,2548 2172,2551 2217,2551 2262,2548 2307,2548 2351,2548 2396,2551 2441,2551 2486,2551 2531,2554 2575,2554 2620,2554 2665,2554 2710,2554 2754,2557 2799,2557 2844,2557 2889,2557 2933,2557 2948,2557"/>
                <TextEquiv>
                    <Unicode>massen - gerade dir hinterlasse, mit dem eines Ta-</Unicode>
                </TextEquiv>
            </TextLine>
            <TextLine id="tr_1_tl_7" custom="readingOrder {index:6;}">
                <Coords points="637,2732 2769,2757 2766,2617 2698,2611 2243,2658 1111,2583 637,2654"/>
                <Baseline points="653,2698 698,2695 743,2692 787,2692 832,2692 877,2692 922,2692 967,2692 1011,2692 1056,2692 1101,2692 1146,2692 1190,2692 1235,2692 1280,2695 1325,2695 1369,2695 1414,2695 1459,2698 1504,2698 1549,2698 1593,2701 1638,2701 1683,2704 1728,2701 1772,2704 1817,2701 1862,2704 1907,2704 1952,2704 1996,2704 2041,2704 2086,2704 2131,2704 2175,2704 2220,2707 2265,2707 2310,2707 2354,2707 2399,2707 2444,2710 2489,2710 2534,2710 2578,2710 2623,2710 2668,2710 2713,2713 2757,2719 2775,2725"/>
                <TextEquiv>
                    <Unicode>ges.eines sehr fernen Tages wollen wir hoffen.</Unicode>
                </TextEquiv>
            </TextLine>
            <TextLine id="tr_1_tl_8" custom="readingOrder {index:7;}">
                <Coords points="625,2862 2859,2899 2803,2753 625,2781"/>
                <Baseline points="641,2847 686,2847 731,2844 776,2844 820,2847 865,2844 910,2844 955,2844 999,2847 1044,2847 1089,2847 1134,2850 1178,2850 1223,2850 1268,2850 1313,2853 1358,2853 1402,2853 1447,2853 1492,2853 1537,2853 1581,2853 1626,2856 1671,2856 1716,2856 1760,2856 1805,2859 1850,2856 1895,2856 1940,2856 1984,2856 2029,2856 2074,2859 2119,2859 2163,2859 2208,2859 2253,2862 2298,2862 2343,2862 2387,2862 2432,2862 2477,2862 2522,2862 2566,2862 2611,2862 2656,2865 2701,2865 2745,2865 2790,2868 2835,2871 2865,2877"/>
                <TextEquiv>
                    <Unicode>mei Geheimnis, die Geschichte meiner Schuld und</Unicode>
                </TextEquiv>
            </TextLine>
            <TextLine id="tr_1_tl_9" custom="readingOrder {index:8;}">
                <Coords points="625,3020 2902,3050 2852,2905 625,2924"/>
                <Baseline points="641,3002 686,2999 731,2999 776,2999 820,2999 865,3002 910,3002 955,3002 999,3002 1044,3005 1089,3002 1134,3005 1178,3005 1223,3005 1268,3005 1313,3005 1358,3008 1402,3005 1447,3005 1492,3005 1537,3008 1581,3008 1626,3011 1671,3011 1716,3014 1760,3014 1805,3014 1850,3011 1895,3011 1940,3011 1984,3011 2029,3014 2074,3014 2119,3014 2163,3014 2208,3014 2253,3017 2298,3014 2343,3014 2387,3017 2432,3017 2477,3017 2522,3017 2566,3017 2611,3020 2656,3020 2701,3023 2745,3023 2790,3023 2835,3020 2880,3023 2910,3020"/>
                <TextEquiv>
                    <Unicode>Sühne, wie andere dir sympathischere Autoren sich</Unicode>
                </TextEquiv>
            </TextLine>
            <TextLine id="tr_1_tl_10" custom="readingOrder {index:9;}">
                <Coords points="625,3221 2927,3202 2927,3088 2716,3072 625,3066"/>
                <Baseline points="641,3160 686,3160 731,3160 776,3160 820,3160 865,3160 910,3160 955,3157 999,3160 1044,3160 1089,3160 1134,3160 1178,3160 1223,3163 1268,3163 1313,3163 1358,3160 1402,3163 1447,3163 1492,3166 1537,3166 1581,3169 1626,3169 1671,3169 1716,3172 1760,3172 1805,3172 1850,3172 1895,3172 1940,3172 1984,3175 2029,3172 2074,3172 2119,3175 2163,3175 2208,3178 2253,3175 2298,3175 2343,3175 2387,3175 2432,3178 2477,3178 2522,3178 2566,3178 2611,3178 2656,3178 2701,3181 2745,3181 2790,3181 2835,3181 2880,3184 2925,3187 2931,3187"/>
                <TextEquiv>
                    <Unicode>ausdrückten dürften.endgiltig begraben sein wird?</Unicode>
                </TextEquiv>
            </TextLine>
            <TextLine id="tr_1_tl_11" custom="readingOrder {index:10;}">
                <Coords points="1074,3381 1176,3329 1575,3388 2902,3369 2899,3205 1070,3224"/>
                <Baseline points="1092,3313 1137,3316 1181,3316 1226,3316 1271,3319 1316,3316 1361,3319 1405,3319 1450,3319 1495,3319 1540,3319 1584,3319 1629,3322 1674,3322 1719,3324 1763,3327 1808,3327 1853,3330 1898,3330 1943,3330 1987,3330 2032,3330 2077,3330 2122,3330 2166,3330 2211,3330 2256,3327 2301,3330 2345,3330 2390,3330 2435,3333 2480,3333 2525,3333 2569,3336 2614,3336 2659,3336 2704,3336 2748,3336 2793,3336 2838,3336 2883,3336 2910,3339"/>
                <TextEquiv>
                    <Unicode>Doch wie immer ;- geschrieben</Unicode>
                </TextEquiv>
            </TextLine>
            <TextLine id="tr_1_tl_12" custom="readingOrder {index:11;}">
                <Coords points="622,3518 2825,3530 2893,3366 622,3412"/>
                <Baseline points="638,3468 683,3468 728,3468 773,3468 817,3471 862,3468 907,3471 952,3471 996,3471 1041,3471 1086,3474 1131,3471 1175,3474 1220,3474 1265,3477 1310,3477 1355,3477 1399,3477 1444,3477 1489,3477 1534,3477 1578,3477 1623,3477 1668,3477 1713,3477 1758,3480 1802,3480 1847,3483 1892,3483 1937,3486 1981,3486 2026,3486 2071,3486 2116,3486 2160,3486 2205,3486 2250,3486 2295,3486 2340,3486 2384,3486 2429,3486 2474,3489 2519,3489 2563,3492 2608,3495 2653,3495 2698,3495 2742,3492 2787,3495 2832,3495 2877,3495 2901,3498"/>
                <TextEquiv>
                    <Unicode>soll es stehen; in Worte soll gefasst sein,warum</Unicode>
                </TextEquiv>
            </TextLine>
            <TextLine id="tr_1_tl_13" custom="readingOrder {index:12;}">
                <Coords points="622,3672 3001,3703 2958,3514 619,3539"/>
                <Baseline points="635,3626 680,3626 725,3626 770,3629 814,3629 859,3629 904,3626 949,3629 993,3629 1038,3629 1083,3632 1128,3632 1172,3632 1217,3632 1262,3632 1307,3632 1352,3632 1396,3632 1441,3632 1486,3635 1531,3635 1575,3635 1620,3635 1665,3635 1710,3635 1755,3635 1799,3635 1844,3638 1889,3638 1934,3638 1978,3638 2023,3638 2068,3641 2113,3641 2157,3641 2202,3641 2247,3641 2292,3641 2337,3641 2381,3644 2426,3644 2471,3644 2516,3647 2560,3650 2605,3650 2650,3650 2695,3650 2739,3653 2784,3653 2829,3656 2874,3656 2919,3653 2963,3656 3005,3656"/>
                <TextEquiv>
                    <Unicode>ich sterbe, vielmehr, warum ich zu sterben entschlos-</Unicode>
                </TextEquiv>
            </TextLine>
        </TextRegion>
    </Page>
</PcGts>
