3288 4072
2220 404 2336 538 29
637 523 3000 742 oft in meinem Leben hatte ich böse, verbrecherische
634 703 2815 897 teuflische Einfälle und nicht minder edle und
649 858 2949 1044 opfervolle nach Dichter-und Narrenart ungehindert
634 1020 3015 1176 ihre Bahn laufen lassen; es waren Spiele der Gedan-
631 1188 2976 1370 ken, für die ich mich, weder im Bösen noch im Guten,
640 1331 2336 1546 als verantwortlich empfinden konnte.
1188 1496 2952 1636 Wir betrachteten uns als verlobt, aber
640 1669 2982 1804 einigten uns dahin, dass jede Mitteilung an Freunde
634 1834 2896 1968 und Verwandte zu unterbleiben habe. Doch brachte
634 1962 2770 2127 ich bei der Mutter, der wir unseren Entschluss
625 2115 2899 2267 weder verschweigen konnten noch wollten,in aller
634 2258 2818 2459 Form meine Werbung an. Diese aber erklärte mir
646 2405 2940 2599 unter vier Augen, dass sie sich ausser Stande sehe
643 2569 2896 2728 ohne vorherige Rücksprache mit dem Hausarzt ihre
628 2749 2937 2899 Einwilligung zu erteilen, Zwar war ihr leicht an-
640 2916 3009 3042 zumerken, dass sie einen sovorteilhaften Antrag, wie
634 3051 3033 3213 ihr der meine zu sein schien, lieber ohneweiters an-
646 3165 2955 3383 genommen und sich durch meine in aller Aufrichtig
631 3350 2857 3521 keit vorgebrachte Meinung gern hätte überreden
634 3497 2970 3697 lassen, Mariae Zustand würde durch eine glückliche
