3368 4120
2525 339 2658 590 12
686 590 2939 813 holen, als man eigentlich müsste, -besonders, wenn
695 777 2948 974 einem die Zeit so karg bemessen ist wie mir. Da-
680 934 2888 1095 her sei nach der Art gewiegter Novellisten bei
689 1110 2885 1288 der Stunde der Anfang gemacht,in der wir beide
702 1243 2930 1415 einander begegneten.Maria und ich; vielmehr bei
698 1403 2891 1563 der, da wir einander Schicksal wurden, im Gewirr
702 1530 2969 1724 dahinschwebender Paare unter Flöten-und Geigen-
698 1717 2972 1857 klang. Doch war es trotz alledem keine sehr frö-
698 1863 2981 2020 liche Stunde; wenigstens liess sie sich nicht so
698 1984 2818 2180 an; denn vorerst wandelte an meinem Arm noch
708 2192 3084 2331 Fräulein Syringe, ein Name, den du mit Recht etwas h
702 2334 2939 2492 heidnisch und sonderbar finden wirst,-aber kann
695 2495 2945 2637 man sich anders nennen, wenn man berufen ist auf
708 2640 2994 2818 dem Theater schwermütige und interessante Frauen
698 2767 2894 2969 darzustellen, bei der Taufe den Namen Josefine
714 2948 2897 3127 erhalten hat und demzufolge durchs bürgerliche
698 3102 2954 3275 Leben als ein Fräulein P epl wandelt? Trotzdem
698 3254 2990 3426 wir einander särtlich liebten, schon ein Viertel-
714 3396 3148 3607 jahr lang, nämlich seit den Proben zu meiner letzten
750 3589 3139 3804 Komödie, in der Syringe die dämenischeste Papi oder
