3496 4232
2449 443 2591 603 24
665 525 2787 772 eingezogen zu haben, denn sie zeigte sich über
650 749 2793 968 meine persönlichen v Verhältnisse auffallend
673 901 2795 1111 gut unterrichtet.wusste, dass ich meine Eltern
685 1079 2696 1274 schon vor vielen Jahren verloren, dass meine
682 1192 2787 1408 Schwester mit einem Fabrikanten in den Rhein-
685 1399 2895 1568 landen verheiratet sei, und dass ich für mich al
685 1513 2836 1723 lein ein Häuschen in Hietzing bewohnte. Ueber-
691 1699 2769 1874 dies liess sie die T Titel von zweien oder
694 1854 1006 1953 dreien
691 1825 2915 2026 meiner Stücke, die sie gewiss nie gesehen
700 2000 2486 2195 hatte, in die Unterhaltung einfliessen.
1122 2116 2997 2361 An der Wand hing das nachgedunkelte Por-
714 2285 2921 2507 trätbildnis des Ministerialrates, ihres frühver-
714 2440 2851 2667 storbenen Mannes, ein jünglingshaftes, schmales,
723 2615 2746 2801 bartloses Gesicht, das mich irgendwie an die
711 2790 2836 2973 Züge eines Offiziers aus den Freiheitskriegen
737 2932 2863 3148 erinnerte. Die überschatteten Augen.die schma-
720 3093 3067 3291 len Lippen, das scharfgeschnittene Minn, ganz beson-
714 3212 3052 3434 ders aber die wunderbar freie Haltung, in der sich
729 3393 2915 3594 eine unbedenkliche Leichtigkeit des Gebens und
743 3574 3000 3778 zugleich eine stolze Bereitschaft des Empfangens
