3496 4200
2574 347 2759 579 23
744 568 2868 791 blasse.dahinsterbende Frau ruht.O,was für ein
726 747 2347 871 und es ist am Ende noch ein Glück
738 753 2829 965 Bild, dass ich nicht zudem noch ein Maler
744 979 968 1153 bin!
1079 1026 3024 1271 Zwei Tage nach dem Ball hielt ich es für
759 1221 2965 1418 richtig.mich nach dem Befinden Marias zu erkun-
768 1391 3077 1603 digen. Sie wohnte mit ihrer Mutter in einem alten
756 1529 3018 1732 Haus der inneren Stadt, einigermassen beschränkt,
774 1653 3000 1935 wie leicht zu bemerken war, aber nicht ganz ohne
779 1847 2953 2082 Behaglichkeit, mit alten Möbeln, die auf mässige
791 1997 3106 2191 Wohlhabenheit und einen erträglichen bürgerlichen
791 2168 2921 2362 Geschmack hindeuteten, wie man beides in einer
788 2321 3006 2518 Familie guten österreichischen Beamtenadels er-
809 2465 2941 2685 warten durfte, wo die Witwe ausser den Pension
809 2612 3109 2824 auch noch über eine kleine Rente zu verfügen hat.
806 2741 2915 2982 Die Mutter empfing mich liebenswürdig, ja ein
815 2915 3038 3147 wenig geschmeichelt und wenn ihr auch nicht nur
809 3082 3006 3324 meine Person, sondern auch mein Name als der ei¬
821 3218 2991 3453 nes bekannten Bühnenschriftstellers schon frü-
824 3394 3062 3635 her nicht fremd gewesen war, sohien sie indessen
841 3559 3203 3782 in ihrer Umgebung weitere Erkundigungen über mich
