3320 4088
2550 310 2688 462 22
753 490 2982 764 meinem Schmerz wird meine Sendung sich erfüllen.
759 617 2940 894 können. So und nicht anders dachte ich, während
775 836 2857 1013 ich neben ihr sass, mit ihrem kleinen weissen
778 980 2857 1160 Fächer spielte und mit den B licken an ihren
784 1116 2830 1323 blassen,leise bebenden Lippen hing,wie ich
786 1274 2963 1484 niemals an volteren und glühenderen Lippen mit
795 1445 2924 1664 den meinen gehangen war. Ich liebte sie - sie
803 1570 2855 1786 war das erste Geschöpf. das ich liebte - und
820 1733 2855 1971 dachte an ihren, nein, ich rechnete mit ihrem
825 1886 2946 2090 Tod und liebte sie gerade darum noch tausend
1310 2079 1498 2215 G.H.F.P
822 2115 1276 2290 Mal mehr.
1152 2182 3093 2373 Und nun ist die Schwester wieder bei ihr.
847 2348 2932 2564 Ich weiss es, obwohl ich sie nicht kommen ge-
844 2522 2982 2722 hört oder gesehen habe. Sie hat vergeblich im
853 2647 2979 2877 Garten gewartet. W elch ein wunderbares Bild.
858 2819 2957 3032 Ich sehe es so deutlich, als xxxx wäre ich im
858 3004 2990 3215 Zimmer bei ihnen. Die blinde, schöne, ins Leben
872 3151 2968 3350 blühende Schwester regungslos auf dem Sessel
880 3300 3023 3491 zu Häupten des Betts, in dem die dunkelhaarige
