3336 4120
2609 290 2715 489 Le
713 462 2990 680 boten ist. Hätte ich geshnt, dass mein kluges Kind
722 670 2957 864 imstande wäre, so unvorsichtig und ungehorsam zu
716 837 2860 1003 sein, nie hätte ich die Billets angenommen.“ -
704 1006 2941 1154 Maria lächelte: “Das hätte E duard zu sehr ver-
722 1078 2993 1308 letzt." Und zu mir gewandt, erklärend: "Mein Vet-
716 1293 3029 1453 ter Eduard ist nämlich Mitglied, ja sogar Vizeprä-
722 1431 3038 1592 sident des Ballkomitess." Immer noch sass sie auf
722 1592 3044 1779 den Stufen, mit ihrem kleinen, weissen Fächer spie-
722 1733 2896 1936 lend, in einer wunderbar freien Haltung und das
713 1906 2848 2057 Lächeln blieb um ihren Mund. Die Mutter aber
725 2075 3138 2235 sprach erregt zu mir weiter: "Der Arzt,was sage ich
713 2220 2890 2362 alle Aerzte haben es ihr verboten,-sie bekommt
710 2392 3132 2537 nämlich Herzklopfen durch jede rasche Bewegung. Wenn
719 2522 2996 2712 es auch nichts Ernstes zu bedeuten hat,-man mu###
707 2673 2984 2848 doch vorsichtig sein! Sie ist ja sonst ganz ver-
704 2824 3077 2999 nünftig. In den letzten Wochen waren wir drei oder
722 2981 3089 3129 viel Mal in Gesellschaften und nie fiel es ihr ein
710 3123 2911 3313 sich am Tanz zu beteiligen. - "Es war ja auch
692 3283 3080 3461 heute nur eine einzige Runde.Mutter“,sagte
698 3458 3008 3684 Maria," und es soll auch die letzte gewesen sein."
