3336 4088
2725 286 2842 469 34
859 488 2906 735 vermochte, da sie das Heim ihrer Kinderjahre
837 718 2975 912 als wäre es zu einem Spaziergang, in Wirklich-
837 801 3036 1092 keit für gar lange Z eit, wenn nicht für immer,
840 1009 1658 1178 verlassen sollte.
1267 1176 2975 1375 Ich hatte Sorge getragenn, dass
826 1347 3005 1517 uns in den ersten Tagen keine Nachricht vom
818 1503 2992 1658 Hause erreichen konnte. Marias Briefe aber, die
818 1639 2992 1835 daheim erst eintrafen, wenn wir unseren Aufent-
818 1783 3047 1985 halt schon gewechselt hatten,waren von Anbeginn
815 1966 2897 2129 so unbefangen und bestimmt gehalten, dass die
796 2088 2870 2285 Mutter schon in dem ersten Antwortschreiben
804 2262 2969 2429 trotz des Versuchs Groll und Gekränktheit mer-
796 2412 2992 2590 ken zu lassen, ihre Befriedigung über das offen-
793 2562 2922 2742 bare Wohlbefinden und die ungetrübte Stimmung
790 2720 3011 2914 ihrer Tochter nicht zu verhehlen vermochte; und
779 2894 2906 3080 ihre wohlgemeinte, etwas schüchterne Anregung,
785 3044 2955 3224 ob wir unsere Reise nicht zum Zwecke einer bal
765 3191 2811 3363 digen, standesgemässen Trauung abkürzen oder
768 3341 2811 3527 doch unter-brochen wollten, machte uns beide
751 3507 2889 3704 nur lächeln. Je weiter wir uns von der Heimat
