3304 4072
2476 258 2606 411 44
705 360 2929 578 wir waren wahrhaft eins geworden, einander nicht
714 550 2946 751 wie andere in Schuld-nur in Seligkeit verfallen
714 685 2994 960 waren wir einander. Und nun erst geschah es, dass
725 838 2852 1051 der geheimnisvolle über mich und unsere Liebe
734 980 2920 1198 hinausweisende Sinn des Schicksals, das uns ver-
731 1156 2915 1447 bunden hatte, sich mir über die letzten Zweifel
745 1289 2832 1521 hinaus erhüllte. War schon "Liebe" für das,was
751 1459 2929 1666 uns aneinander hielt, ein allzu armseliges Wort,
762 1617 2838 1830 so wollte mir gar das Wort "Schmerz" für das
756 1759 2934 2039 was mir bestimmt sein musste, sobald Maria mich
770 1932 2889 2136 auf Erden allein gelassen, lächerlich nichtig,
770 2082 2861 2311 wie aus einer anderen, leer hallenden, fremden
785 2209 2951 2518 Sprache geholt erscheinen. Was ich nach Marias
782 2399 3011 2603 Tode zu erwarten hatte,war etwas durchaus Unvor-
790 2558 2900 2750 stellbares, darin die Fülle der Erinnerung,un-
796 2711 2827 2900 stillbare Sehnsucht und das Ungeheuerste an
804 2816 2881 3062 menschlicher Einsamkeit sich zu etwas Neuem,
804 2997 2971 3280 noch von niemanden Erlebten vereinen,- und aus-
816 3158 2810 3368 dessen Unergründlichkeit erst emporsteigen
810 3328 2799 3529 musste, was ich als meine Sendung auf Erden
