3272 4024
611 452 2764 682 sie von mir gewohnt war; ja es würde sich wohl
605 632 2784 818 die Notwendigkeit ergeben etwas dergleichen zu
623 747 2787 995 tun. denn, dass du es nur weisst.mein Freund, ich
617 909 2864 1131 bin nicht reich, nicht einmal wohlhabend bin ich;
635 1036 2885 1234 ich habe sehr über meine Verhältnissegelebt und
629 1219 2911 1405 hätte ich die Absicht weiter zu leben wie bisher,
655 1364 2893 1571 ja nur überhappt weiter zu existieren,so bliebe
632 1526 2882 1730 mir gar nichts anderes übrig, als mir meinen Le-
647 1680 2826 1872 bensunterhalt zu verdienen. Am Ende könnte man
641 1839 2973 2022 auch noch eine reiche Heirat machen, denkst du dir.
653 1978 2831 2229 Ich will nicht leugnen, dass mir auch das durch
661 2164 2778 2356 den Kopf ging in jenen Dämmertagen. Solch ein
653 2303 2938 2471 Mensch war ich damals. Kein Schurke, das wäre ein
717 2465 3068 2651 viel zu grosses Wort; nein, einfach ein Wicht,-leer
676 2598 3029 2778 ausgelöscht, seelenlos. Mein Gott, was machen wir al
679 2743 2902 2952 les durch in unserem kurzen D'asein. Es ist ver
2533 2823 3015 2938 Erinnerung,
673 2932 3047 3112 wunderlich, glaube mir, dieser nur in der
691 3071 2896 3251 unheimliche Zustand, denn in seinem Wesen lag es
697 3198 2902 3407 ja, dass esmir selbst gar keinen Eindruck machte
688 3422 2896 3623 dauerte so lange, drei oder acht oder zehn Tage,
