3448 4136
2463 403 2769 550 11
706 562 2941 835 Schicksal versuchend, meinen Namen vor sich
703 757 2815 943 hin, in Sehnsucht und Angst zugleich, dass ich
709 919 3028 1138 ihn vernehme? Nun aber will ich nach Maria sehen.
1078 1117 2833 1238 Das Morphium wirkt wundervoll weiter.
706 1235 3064 1391 Maria schläft tief, ihr Atem geht ruhig wie vorher.
682 1364 3055 1550 Ueber ihrem nackten Arm, der auf der Decke las, fiel
694 1484 2965 1604 ein silberblauer Strahl, und von ihrer Stirn ging
694 1634 2923 1757 ein blasser, wie unmödischer Schimmer aus; sonst
721 1823 2923 1949 war alles dunkel im Raum. Und nun schreibe ich
679 1991 2878 2130 weiter und will dir endlich erzählen, warum ich
697 2133 2971 2280 eitschlossen bin nach eigenemRatschluss zu ster-
697 2298 2995 2418 ben, und noch vor Maria, die nach einem unerforsch-
688 2418 2845 2613 lichen dahingeht. Oder sollte das am Ende auf
697 2601 1988 2775 das Gleichehinauslaufen -?
1075 2733 3079 2905 Aber wo beginneich? Als wäre es so leicht
700 2917 2983 3046 zu sagen, wo eine Geschichte anfängt. Bei unserer
709 3064 3055 3223 Geburt-? Bei unseren Eltern-? Unseren Grosseltern-
700 3241 2965 3394 Bei Ahnen, von denen wir nichts wissen--? Urahnen,
706 3358 3124 3577 die im fernsten Dunkel der Vergangenheit verschwin-
721 3511 2989 3749 den? Es hätte seine Schwierigkeit so weit auszu-
