3304 4024
2509 318 2630 439 47
691 431 2954 722 mir meinen inneren Zustand von gestern mit voll-
702 621 2881 786 kommener Klarheit ins Gedächtnis zurückzurufen
699 780 3011 965 der mir nun wie der eines ganz anderen, nicht viel
691 936 2858 1107 leicht glücklieheren oder unglücklicheren, aber
694 1092 2826 1292 eines höheren, überlegenen, gottnäheren
685 1251 2728 1416 Menschen erschien, als der ich heute war und
696 1393 2864 1572 erschauernd fühlte ich, dass ich aus einem uner
688 1555 2985 1717 messlich reichen Mann mit einem Mal ein Bettler
691 1705 2919 1902 geworden war. Und als mein Herz im selben Augen.
682 1876 2936 2063 blick Rettung erhoffend nach Maria suchte tauchte
694 2020 2887 2202 zwar sofort ihr Bild, ihre Gestalt in schärfster
676 2168 2902 2347 fast körperlicher Umrissenheit vor mir auf, doch
679 2338 2988 2529 wie in einem luftleeren Raume schwebend, durch den
676 2483 2760 2644 kein Ruf der Seele zu dringen vermochte. Aus
682 2636 3006 2800 einem begreiflichen, rasch erwachenden Selbsterhal-
673 2806 2884 3037 tungstrieb versuchte ich dieses quakvolleinnere
668 2948 2928 3141 Versagen, dessen ich mir bewustt wurde, zuerst auf
665 3107 2928 3361 eine vorübergehende Ermattung zurückzuführen, die
665 3266 2876 3430 eben durch die besondere ebenso körperliche, als
650 3413 2890 3639 seelische Leidenschaftlichkeit unserer gegensei
