6552 4136
869 488 3006 652 da Ballkomitees". Immer noch sass sie auf
876 652 3090 826 den Stufen, mit ihrem kleinen weissen Fächer
869 819 3039 963 spielend, in einer wunderbar freien Haltung
1080 916 2421 996 das Lichtete blieb tui cher même
853 976 3056 1113 und lächelte. Die Mutter aber sprach erregt
853 1140 3009 1294 zu mir weiter:“Der Arzt, was sage ich, alle
839 1254 3053 1398 Aerzte haben es ihr verboten. Wenn es auch
2508 1361 2993 1471 bekommt
853 1401 3060 1558 nicht viel zu bedeuten hat, sie leidet näm¬
2003 1518 2214 1632 New
1234 1525 1789 1638 duut geve r
846 1572 2899 1749 lich an Herzklopfen, Aber man muss doch
281 1588 789 1772 Wienou
231 1705 2856 1889 vorsichtig sein. Sie ist ja sonst ganz
224 1889 2912 2016 zu leverleitet - vernünftig. In den letzten Wochen waren
2177 1993 2401 2086 ran
836 2050 3096 2190 wir drei oder viel Mal in Gesellschaften, we¬
836 2190 3056 2327 getanzt wurde und nie fiel es ihr ein sich
1167 2294 1541 2394 en Soveny
836 2307 2906 2494 daran zu beteiligen. — „Es war ja auch
2190 2444 2521 2578 Mutter
829 2498 2993 2632 heute nur eine einzige Runde,sagte Maria
1889 2598 2999 2712 du letzte février rem
839 2665 3060 2815 „und es soll auch niemals wieder vorkommen.
1695 2745 2404 2859 sluitement
836 2812 3039 2929 Sie erhob sich, richtete einen raschen, aber
1301 2899 1518 3003 doch
829 2966 3060 3083 bedeutungsvoll ernsten Blick auf mich, dann
792 3056 1732 3177 Mapple ni itre ta ser-
1986 3053 2287 3153 nerab
816 3106 3076 3267 schaute sie an sich herunter und strich ihr
823 3270 1578 3424 Kleid zurecht.
1247 3384 2932 3588 ßer Geschwindigkeit, mit der eine
816 3574 2989 3735 Gedanke nreihe von schicksalsvoller Bedeu -
2030 3705 2377 3809 verma
816 3735 2892 3909 tung im Hirn abrollt, lässt sich, auch in
5775 308 5935 471 22
3859 358 4066 562 de
3842 458 6029 716 der gedrängtesten Sprache niemals folgen.
5166 602 5671 709 me à Frei n
3865 645 6106 869 Was ich jetzt versuchen will dir mit kurzen
3849 833 5855 943 Worten deutlich zu machen, Erleuchtung,
5818 926 6046 1003 man
3855 993 6012 1107 Ueberlegung und Entschluss,all dies hatte
4524 983 6366 1154 in den naa zurück der begeben abgefte
3862 1140 6072 1327 sich in meiner Seele begeben,während Maria
3869 1301 5858 1468 ihren kleinen Fächer zuklappte und ihr
3902 1404 4140 1481 a une
4534 1384 4925 1495 gebieten
3862 1438 6035 1625 Kleid zurechtsreich. Es beschäftigte mich
3584 1511 4400 1682 Jd of elleiv, en is
3862 1541 6072 1722 kaum mehr, als ich mit Maria und ihrer Mut¬
4668 1699 4832 1792 a été
4905 1692 5076 1789 G:C:H:F:K:P:H;F::H2E::[::1:1 E:1
3862 1705 5985 1866 ter an einem Tisch im Logengang sass und
4805 1839 5490 1956 obutlate de ab
3855 1869 6163 2023 mit ihnen wie mit guten alten Bekannten, die
3872 2000 5534 2090 nicht unterführt waren
3865 2076 6025 2190 von allerlei harmlosen und gleichgültigen
5193 2153 5363 2250 B & Co
4945 2143 5099 2254 3e
3855 2177 5985 2404 Dingen plauderte. Dies aber waren vorher
3849 2317 5952 2555 meine gedanken gewesen:/Maria hat einen
3350 2421 3822 2648 S. N. F.
3865 2454 6223 2632 Herzfehler (die Kühnheit meiner Diagnose M
5748 2601 6216 2705 M halten
3862 2625 4688 2728 ist es sich zweifert
3842 2675 6116 2866 ist in doppelter Weise entschuldigt; einmal
4828 2765 5079 2876 dol
3865 2825 6025 2932 damit, dass ich kein Arzt bin und zweitens
3862 2963 6035 3170 damit,dass die Diagnose richtig war). Sie
3872 3143 6046 3324 weiss von ihrer Krankheit und von der Ge-
4250 3230 4842 3360 igarete,
3702 3213 4002 3354 4 ouw
3865 3327 6256 3488 fahr, die allzu rasche Bewegung für sie im xxx
5210 3394 5393 3484 1919
4588 3387 4751 3491 Ad
3845 3384 5952 3591 Gefolge haben kann und hat mir trotzdem
3869 3558 5925 3785 den erbetenen Tanz nicht verweigert.Sie
5551 3645 6387 3855 so wohl kingegeben
3872 3685 5821 3875 welche ich nur in diesen Tage
3869 3809 5835 3942 untergeben – wie es ein in Wien
