3320 4168
2553 361 2683 511 63
796 537 2948 704 schiedsbriefes mit aller wünschenswerten Deut-
796 672 2868 889 lichkeit heraus. So dürfte man alles Weitere
799 831 2856 1027 auf sich beruhen lassen, wenn nicht einzelne
793 984 2972 1180 Partien des Briefes dringend einer Richtigstel
805 1140 2790 1339 lung bedürften. Die Verdächtigung, dass ich
811 1290 2830 1474 der Kranken eine zu starke Injektion verab-
805 1468 2925 1613 reicht und so ihr Leben leichtfertig verkürzt
805 1593 3122 1774 hätte,verdient freilich keine Erwiderung. Die ver-
814 1766 3081 1944 steckten Anwürfe gegen mich als einen neidischen
816 1936 2940 2095 Philister (ich setze die Worte, die der Brief-
816 2077 3055 2233 schrieber mit Mühe unterdrückt ohneweiteres her
822 2227 3023 2418 erledigen sich gleichfalle von selbst. Eine ge-
828 2395 3049 2579 wisse Antipathie gegen den Schreiber zu leugnen.
834 2542 2957 2712 fällt mir umso weniger ein, als sie den Lesern
825 2683 2992 2868 seines Briefes nicht ganz ungerechtfertigt er-
831 2871 3127 3049 scheinen dürfte. Der Vollständigkeit halber führe
828 3009 2980 3188 ich ferner an, dass ich ein ziemlich reichlich
840 3191 3148 3355 bemessenes Honorar, das der Selbstmörder in einem
840 3329 2853 3494 versiegelten Couvert für mich hinterlassen,
903 3465 2839 3678 einem wohltätigen Zwecke zugeführt habe.
