3320 4104
2644 273 2779 496 39
702 488 2779 693 völlige Bewusstlosigkeit sank. Ich hätte sie
690 637 2826 843 für eine Schlafende halten können, hätten ihre
690 793 2820 987 Züge nicht jene furchtbare Blässe angenommen,
702 925 2923 1137 die mir noch von dem Ballabend her in mahnender
693 1099 3017 1284 Erinnerung war. Als sie auf mein wiederholtes An-
705 1287 2844 1460 rufen die Augen aufschlug,behauptete sie, dass
714 1416 2943 1630 es nichts gewesen sei und sie sich schon wieder
717 1539 2855 1777 ganz wohl fühle. Am selben Abend noch war sie
723 1742 2861 1918 imstande mit mir einen kleinen Spaziergang zu
720 1880 3073 2092 unternehmen, der sie nicht im Geringsten ermüdete.
728 2000 3008 2224 Trotzdem wiederholte sich der Anfall am nächsten
723 2188 2914 2397 Tag zur gleichen Stunde. Sie blieb eine Minute
740 2350 2958 2550 bewusstlos. Ihr Pule war kaum zu fühlen, nach dem
726 2497 2952 2676 Erwachen kehrte ihre Farbe nicht gleich zurück,
740 2673 3046 2846 auch das erwartete Lächeln blieb aus und in ihren
737 2817 2958 2996 Augen war ein Ausdruck der Verlorenheit, der mir
737 2967 3061 3161 völlig neu war. Sie bat mich dringend keinen Arzt
740 3137 3032 3325 zu Rate zu ziehen, denn, da solche Anfälle sie in
746 3302 2861 3466 früherer Zeit nicht selten überkommen hätten,
755 3416 3111 3640 ohne üble Folgen nach sich zu ziehen, zweifelte sie
