6536 4408
867 642 2958 786 noch mit dem matten Trost, dass es gerade
1186 769 2969 869 im. nes Jndoweg neudelus afszubete
314 775 619 950 modo
867 850 2911 967 bei dieser Art von Leidenden mathemati-
1944 922 2500 1030 das Jiednen
855 939 1108 1044 1331
328 933 778 1103 KisimoV
864 930 3033 1119 sche Gewissheiten nicht gebe,und erklärte,
922 1086 1175 1192 legen.
853 1078 3033 1272 dass er selbst, so wenig das eigentlich mit
1769 1230 1950 1328 jai
1255 1236 1550 1347 is.xol
486 1233 769 1389 .F.M.
867 1233 3025 1414 dem Wesen seines Berufs übereinstimme,von
933 1386 2497 1483 o tus eib, ejaas! ogua asi sita!
456 1375 764 1550 navid
853 1422 3027 1578 Jahr zu Jahr mehr an Wunder zu glauben ge-
1286 1536 2408 1639 eixcürb, gai pioedasv
850 1555 2964 1722 lernt habe. So töricht es erscheinen mag,
1655 1694 1822 1794 G.F.P.
855 1691 2844 1880 an diese Bemerkung klammerte ich mich
1847 1839 2489 1939 nenttä aebune
950 1855 1217 1958 of the
425 1847 805 2008 2280, zu
855 1883 3000 2028 nicht wie an einen Trost, sondern fast wi
864 2005 3039 2178 an ein Versprechen.Und da in der Tat eini-
828 2166 997 2286 1732
855 2147 2994 2341 ge ruhige Tage folgten, und Maria sich in
855 2316 3047 2486 dem geschwisterlichen Zusammenleben, zu dem
1789 2461 2094 2566 oue 7
850 2458 3086 2653 ich mich nach einer leisen Mahnung des Pro¬
1769 2608 2455 2711 sichtlich erholte.
855 2672 2883 2855 fessors hatte verstehen müssen glaubte
855 2769 2833 2947 ich mich mehr und mehr berechtigt, das
864 2922 3044 3108 Wunder einer völligen Heilung zu erwarten.
2080 3083 2303 3186 rau
861 3077 2836 3269 Ein Uebriges tat noch der emutigende
855 3230 3061 3405 Blick des Professors, der warme Händedruck,
850 3391 2911 3561 mit dem er sich von mir verabschiedete,
475 3505 794 3691 a j a s i n
855 3541 2800 3722 als ich mit Maria schon in dem Wagen
864 3691 3033 3877 sass, der uns ins Tal, dem Süden zu,bringen
847 3850 2797 4133 sollte.Und während im Hinunterfahren
5927 350 6080 489 60
4002 453 6172 686 Maria an meiner Brust schlummerte, und ich
4000 664 6022 825 die Hand auf ihrer Stirne ruhen liess,
4002 822 6110 980 konnte ich die gleichnishafte Empfindung
4022 967 6110 1125 nicht abwehren, dass ich aus einer Höhen-
4555 1064 5655 1180 Überirdische Reinheit
4022 1150 6122 1289 luft, für deren herbe Kühle ich nicht ge-
5938 1222 6138 1330 und
4016 1242 6027 1430 schaffen war,talabwärts, einem hold be-
4030 1428 6069 1650 scheidenen Alltagsglück entgegenreiste.
3777 1575 5994 1786 Es sind noch keine drei Wochen wie du
4047 1725 6091 1889 weisst, dass wir hier unseren Aufenthalt
4025 1872 6055 2053 nahmen an dem wunderbaren See, über den
4058 2080 6222 2216 jetzt die ersten Morgendünste hinschweben.
4033 2205 6105 2347 Bis es ganz helle ist wird es wohl noch
4047 2333 6160 2508 eine Stunde dauern und so lange habe ich
4038 2514 6135 2664 Zeit. Eben war ich ein paar Sekunden im
3661 2564 3958 2816 Xx
4052 2675 6160 2830 Zimmer nebenan. Die schöne Schwester ist
4052 2827 6172 2986 auf ihrem Sessel eingeschlummert, sie hat
4050 2947 6238 3205 mich nicht gehört. Und Maria schläft tief,
4069 3130 6224 3344 sehr tief. Du hast gut getan,mein Freund,
4061 3266 6255 3497 aber du hättest mir auch sagen dürfen,dass
4080 3411 6188 3669 sie diesmal nicht mehr erwachen wird. Ich
4072 3552 6155 3830 weiss es und ich bin ruhig, denn ich in
4072 3794 4783 3938 entschlossen.
