3320 4104
2537 327 2689 520 21
728 538 3025 815 bin. Und dann erst, wenn ich diesen Schmerz durch-
728 716 2873 967 fühle, werde ich der geworden sein, zu dem mich
731 921 3019 1111 Gott geschaffen hat. (Nenne mich nicht einen Got
736 1043 2920 1219 teslästerer, nie bin ich frommer gewesen als in
769 1189 2922 1385 jenem Augenblick). Dass ich den Schmerz bisher
739 1397 2920 1575 nicht gekannt habe, das ist die Schwäche meines
731 1508 2920 1724 Wesens, das Grundübel meiner Kunst. Darum fehlt
736 1707 2771 1882 allem, was ich bisher versucht.allem.was mir
739 1835 2811 2028 bisher bis zu einem gewissen Grad gelungen,
739 2005 3004 2136 Leidenschaft und Tiefe. Darum ist alles so kühl,
742 2168 2922 2353 so glatt, so leer wie meine Feinde sagen. Aber
742 2306 3092 2484 wer sind unsere Feinde? Die Recht gegen uns haben,
748 2452 2841 2610 wenn auch meist aus unlauteren Gründen.- Und
751 2616 2969 2794 weil ich, bei aller Leichtigkeit und Begabung, so
745 2782 2984 2958 kühl bleibe, daher entbehrt auch meine Laune, die
742 2899 3031 3107 man mir wohl zugestehen mag, jener Heiterkeit des
748 3092 2993 3273 Herzens, die nur aus dem Leid erblüht. Erst wenn
748 3209 2852 3431 ich mein Schicksal mit dem Marias verbunden
745 3399 2908 3595 haben werde, in unserer Liebe, in ihrem Tod, in
