6456 4072
763 461 2833 658 aber du liest weiter. Dass ich schon tot
960 623 1218 716 dient
776 665 2767 782 bin macht dich milder oder doch wenig
1129 789 1288 862 C D
770 773 2744 964 stens neugierig. Ich aber frage dich
1482 903 1940 1002 swis,
776 929 2837 1145 was dudich selbst auch fragen dürftest.
782 1110 2970 1247 warum ich diesen Brief denn gerade an dich
1628 1202 2366 1301 Kre Leberf.S.C
782 1266 2938 1456 richte, dem all das, was ich bisher gesagt
1994 1358 2201 1447 1.fl
999 1393 1208 1495 und
782 1409 2872 1545 habe noch sagen werde ebenso widerwärtig
1946 1514 2134 1590 and
795 1549 2770 1746 als im tiefsten Grunde unverständlich
795 1698 2763 1883 sein dürfte. sein muss. Warum nicht an
798 1851 2795 2000 eine danbarere, eine würdigere Adresse?
820 1994 2970 2204 an die Nachwelt oder bescheidener gespro-
805 2178 2903 2353 chen an die Unbekannten, dieniemals meine
795 2356 2872 2512 Feinde und niemals meine Freunde waren,
1361 2430 1806 2560 in jevim
801 2464 2970 2617 und daher von Vorurteilen gegen mich frei
805 2646 2922 2770 sein werden? Sollte es etwa eine Art von
805 2770 2932 2932 Zusse sein, die ich mir und meiner Eitel-
2019 2910 2236 2983 1: 3 1
811 2967 2840 3081 keit auferlege, indem ich diesen Brief.
824 3097 2878 3298 als Vermächtnis gewissermassen - gerade
1790 3215 1991 3294 33
1393 3221 1580 3304 sib
830 3272 2900 3393 dir hinterlasse, mit dem eines Tages, ei-
865 3399 1116 3485 aswij
830 3431 2926 3549 nes sehr fernen Tages wollen wir hoffen,
830 3565 2741 3746 mein Geheimnis, die Geschichte meiner
1202 3673 1940 3768 neb Inde###ev
865 3705 1135 3800 3. 5.
3587 490 6080 588 Schuld und Sühne, wie andere dir sympathi-
3721 652 5959 763 elf schare Autorenesich ausdrücken dürften,
3578 776 5721 894 -  „ Hendgiltig begraben sein widd.
3638 932 5880 1084 Es O es ereit doi Doch wie ###; ###geschwieben
3857 1084 5956 1266 soll es stehen; in Worte soll gegefasst
3584 1253 5943 1361 sain, warum ich isiter be, vi mehr warun ich
3682 1415 5794 1510 adre zu sterben entschlossen bin, noch ehe
3778 1574 5886 1666 si Maria, deren Tod du für morgen oders für
3838 1720 6029 1816 Übermorgen mit? solcher Sicherheit vorher-
3565 1876 5982 1975 gesagt hast,Zeit gefunden da te mirl woran-
3708 2013 5730 2118 I lugeheml.nellew us regad asinaK na
3533 2188 5985 2280 -1 the### Ins Säs###schläft. Dank xxxn ernehnder -
3660 2315 5769 2445 -es tätigen! Morphäumspritze, mein Freund,
3727 2484 5969 2592 ###rschläft###esrundgeund kiefnund, die Kran-
3638 2652 5915 2748 chen kenschwester, die dasselbsten-d worndrei
3660 2795 5928 2932 mit Tagehrause Mailand mit ZubringenlddeßGüte
3616 2964 6023 3056 -aeb. hathseywacht am Ihrem Behte. Die Türe ist
3647 3116 6017 3215 schurvangedöhnt; ich hörende heruhigssen Atem
3558 3256 5867 3352 .rennider geiläfändene undbapüredzugleichadie
3762 3415 5921 3520 Ri Nähy der Ändern, der: Wachenden,Gesunden,
3558 3562 6115 3679 dem isé nachdarsdmäßebenden, obwohl###sich n. 11
