3416 4152
509 525 2795 880 leicht gut, wie du dir wohl denken magst, dass das
525 701 2836 1000 Schicksal darauf verzichtet hat mich auf die Pro-
531 1034 1217 1195 be zu stellen.
1041 990 2870 1295 Es war mir kaum aufgefallen, dass Maria
544 1204 2873 1465 über meine dichterischen Bestrebungen und Erfolge
563 1336 2889 1628 bisher noch kaum ein Wort geäussert hatte. Leicht
569 1531 2939 1789 zu merker war freilich, dass meine Stücke, ohne dass
572 1688 3106 1933 sie es geradezu aussprach.ihr alle/ ziemlich widerwär-
582 1823 2955 2103 tig gewesen waren. Und es überraschte sie kaum, als
591 1993 2952 2245 sie mich von dieser Erkenntnis, aus der ich ja kein
591 2153 2955 2414 Hehl machte, nicht nur nicht verletzt, sondern sogar
604 2298 2917 2550 belustigt sah. Aber soltsam und freudig berührte
607 2477 2899 2738 es mich, als sie mir nun eingestand, dass sie auch
610 2603 2892 2880 in jenen ihr peinlichen Produkten zuweilen einen
616 2738 2836 3037 anderen und bes eren Menschen geehnt als den, de
632 2908 2917 3166 sich darin kundgegehen;- ob auch eine höhere Art
629 3056 2889 3317 von Dichter als die Menge bisher in mir erkannt,
644 3229 2917 3496 darüber masste sie sich freilich kein Urteil an.
644 3386 2766 3656 Doch keineswegs war sie zufrieden, als ich sie
651 3518 3049 3813 nen Entschluss vernehmen liess, die Schriftstellerei
