3352 4136
561 558 2954 745 fragen, denn ich bin ja schon tot, und du kannst mir
571 690 2996 909 noch leichter antworten, denn du bist lebendig. Aber
584 835 3022 1084 trotzdem hüte dich zu erwidern: es ist einfach Anti-
597 1003 2954 1209 pathie. Dergleichen feige Umschreibungen haben wir
590 1164 3180 1377 in diesem Augenblick beide nicht mehr nötig. Also, warum
590 1284 3019 1522 noch immer dein Hass? Du hast ja deinen Weg gemacht,
587 1458 2899 1680 hast erreicht, was du erreichen konntest, wolltest,
587 1596 3061 1829 uue mehr beinah; du darfst von dir sagen, dass du mit
593 1771 3151 1987 eigener Kraft aus den armseligen Verhültnissen deiner
603 1954 3173 2158 Jugend binnen weniger Jahre zu einer höchst geachteten
613 2080 2970 2316 gesicherteh Stellung emporgestiegen bist; dein Be-
610 2277 3061 2451 ruf den du erwählt, den du als heilig empfindest,hei-
610 2386 3022 2619 liger als jeden andern, wenn auch vielleicht mit Un-
613 2567 3022 2761 recht, befriedigt, ja, erfüllt dich ganz,-und verstehe
610 2722 3090 2938 Ich deine Haltung richtig zu deuten.die ohne jede Ge-
622 2899 3115 3080 drücktheit scheint, dein Gebahren, das alle Schüchtern-
655 3019 3080 3238 heit abgestreift, so ist dir auch schon geworden, wo-
619 3160 3048 3399 nach du dich in jungen Jahren am heissesten und ach
632 3338 2996 3544 so vergeblich sehntest - das Glück dich an Frauen-
629 3477 3148 3673 zärtlichkeit erfreuen zu dürfen, ohne sie bar bezahlen
