3496 4200
2452 349 2603 526 21
675 556 2958 908 bin. Und dann erst, wen ich diesen Schmerz durch
695 727 2833 1062 fühle, werde ich der geworden sein, zu dem mich
724 884 2987 1172 Gott geschaffen hat. (Neune mich nicht einen Got-
733 1062 2912 1353 teslästerer nie bin ich frommer gewesen als in
780 1178 2915 1515 jenem Augenblick). Dass ich den Schmerz bisher
762 1367 2929 1655 nicht gekannt habe, das ist die Schwäche meines
768 1507 2929 1792 Wesens, das Grundübel meiner Kunst. Darum fehlt
782 1696 2813 1992 allem, was ich bisher versucht.allem.was mir
803 1795 2848 2112 bisher bis zu einem gewissen Grad gelungen
814 1926 3063 2304 Leidenschaft und Tiefe. Darum ist alles so kühl,
829 2097 3011 2440 so glatt,-so leer wie meine Feinde sagen. Aber
841 2272 3182 2580 wer sind unsere Feinde? Die Recht gegen uns haben,
855 2438 2929 2749 wen auch meist aus unlauteren Gründen.- Und
876 2586 3089 2880 weil ich, bei aller Leichtigkeit und Begabung, so
881 2717 3107 3063 kühl bleibe, daher entbehrt auch meine Laune, die
902 2874 3165 3188 man mir wohl zugestehen mag, jener Heiterkeit des
913 3048 3147 3333 Herzens, die nur aus dem Leid erblicht. Erst wenn
942 3197 3013 3490 ich mein Schicksal mit dem  Marias verbunden
948 3351 3083 3674 haben werde,in unserer Liebe,in ihrem Tod,in
