3320 4088
720 546 3070 717 Hand auf ihrer Stirne. Und ob es nicht den triftig-
729 729 2936 885 sten Beweis gegen und in einem andern Sinn
698 854 2899 1009 f ü r mich bedeutet, dass ich statt dessen beim
705 1003 2852 1220 Schein von zwei Kerzen einen Brief - oh, ist's
695 1158 3008 1353 möglich! an dich einen Brief verfasse, dessen Ein-
705 1366 3091 1536 leitung ich vielleicht nur darum so lang hinausdeh-
689 1499 2834 1639 ne,um für mein Geständnis Z eit zu gewinnen.
1080 1651 3063 1803 Welch ein merkwürdiger Zufall übrigens, der
698 1800 3076 1977 als den Arzt, um den ich nach Mailand sandte, gerade
701 1983 2933 2151 dieh an das Krankenbett meiner Geliebten führen
692 2154 2973 2281 musste. (Wir sind nämlich nicht verheiratet, mein
689 2263 2967 2402 Freund). Ich hatte nicht einmal nach einem deut-
689 2427 2924 2604 schen Arzt verlangt, aber der Apotheker des Orts
689 2598 2967 2753 hier dachte mir offenbar einen Gefallen damit zu
686 2747 3011 2921 erweisen, dass er mich an einen Landsmann wies. Und
680 2927 3175 3045 nun war es gar ein Schulkamerad, ein Jugendfreund! Und
670 3060 2986 3219 man sah sich, nachdem man einander so gut wie ver-
674 3197 3101 3368 gessen, nach zehn Jahren zum ersten Mal wieder. Aber
677 3380 2828 3501 sag mir doch, mein Freund, warum magst du mich
667 3479 2902 3700 noch immer nicht leiden? - Ich kann dich leicht
