3512 4280
223 348 1645 602 2. Sèvres in St Gaubrohr. Sonk.
246 543 1637 749 3 heim nicht ihm, allein. da 18.
248 721 1681 916 nal. d. Enquelle ses trinkers.
255 897 1718 1143 Es ist fürchte alleine kein Anfangs
265 1050 1624 1279 2. in Rudelschein. Frau bevor.
301 1196 1631 1463 be umschlägen, befreieren;
153 1370 1675 1592 's Tadel?  Endlich ab sorgen; sond
255 1544 1612 1762 von Jahren sie seit allerbracht
261 1720 1618 1942 kollen - jetzt nicht nach heran¬
273 1902 1645 2106 zukomm. Nämlich immer Anlehnde,
255 2065 1752 2258 und heilz Weise, xxx zusam¬
276 2233 1645 2458 gefüllt mich sie entfah. zu klin. is
267 2422 1614 2598 de wohl zu künfte. Da soll er
308 2598 1626 2814 geweckt. doch doch noch etwa
263 2793 1711 3015 Auch alt, je frühe die Liebschaft
288 2947 1728 3143 Das soll ihn ein sich - in der Provinz
276 3128 1565 3316 auch noch später, geht Ende u
335 3302 1660 3484 Weilchen für sich. von man
320 3450 1546 3637 Mickelreden sieh'il
363 3594 1586 3772 willende an. eifere sich so
344 3783 1209 3982 ihr angefahren
390 3899 1622 4084 9 fehlt hat heil unglücklich
