3544 4280
187 329 1605 587 die sehr zu sagen schön dann
212 525 1561 723 als Thea Weib – sitafes Geschen
192 703 1627 906 soricht ist... Den sonst der Klau
243 860 1579 1078 oderlerie  - Dies heiht de¬
201 1045 1385 1224 die gibt sei ihm da Geschwerde.
231 1210 1570 1398 Ich kurzt den statt jener, die
210 1345 1563 1537 wint im Montagplaus
348 1515 1652 1706 Frediſi waren den angesucht.
209 1685 1682 1850 Het. weil d. Kland gesagt hat. Dann
201 1806 1649 2015 hat habet. Ehr hatt ihr hauptsächlich habe
253 1980 375 2026 Gouvernement mais elle
309 1971 1632 2180 Noch d'heil sie nie zu sammen
242 2145 1490 2326 der Klänteri, die Kreigicht mit
232 2319 1327 2544 Logen.  S. schreiend
