3496 4248
140 331 1573 590 Jest erlaut sein Zeichen... Ist soll
124 526 1404 748 er sinnere.. Er hiltsinnen.
213 649 1586 917 Gerrit. Gewill zurück. Aber in
178 828 1506 1072 zubal. er versteht nicht. Brau
174 1017 1301 1232 Störz. Flurry. Thies
183 1152 1552 1397 Gavleit Ost. Faffungslav. 9. Oct 6
148 1331 1442 1546 Muh. Blanche flosent A
176 1466 1570 1708 som. der heil sind Coll. lach t.
164 1653 1498 1909 sich nicht drei - Labenkreis
217 1785 1555 2026 eolentissiedel. Man heil
212 1987 1438 2224 verweigern noch bleiben.
233 2151 1539 2357 Sie bist 1 Crie. 4 v. z. 4/4.
201 2304 1618 2583 trägt wieder. - Wieder Ausweg
267 2517 1566 2734 Gglaub. - ich Colbr seit is
265 2654 1607 2869 Sevon Miss: Mr. who boll heeft
244 2824 1582 3072 Clapel - Nove, ouolut jus au
249 3016 1605 3212 kungen der jetzigiert. - - Worte
270 3166 1658 3406 Sie auf mich nach der Theale schlechter
286 3359 1234 3580 bei die Kleuchis zu
