3560 4296
146 292 1500 538 der Partie selbst ihr über den Ruhe,
190 482 1431 697 leine. Aber traut, d ist,
185 696 1220 857 at Garebska. Auf:
227 813 1539 1112 Sie hing seer Flung im Costen der
239 1089 657 1322 Pogen
242 1179 1465 1404 Sag hin d’herrn, t Reisserantet
200 1349 1490 1583 der Elis seit sich arbeist – u xxx
181 1537 1507 1774 but we were untoncul entbe by
156 1769 771 1966 7 Gärt ich ist er
326 1940 1618 2209 W will ihr lächelich machen
329 2218 820 2382 sich immer.
