4568 5656
3265 275 4221 581 V.J. I. Stücken.
973 380 1545 581 "    "   11 "
2100 332 3274 698 V. 7, '10"
1864 406 2056 624 1
1445 367 1859 650 1 6/10
3684 476 4134 685 1,112)
711 576 1069 768 (Kunst)
681 794 2837 1126 zihungen des betreffenden Dichtwerkes tritt.
991 934 4134 1213 Gleichklang der Worte, wie sie durch die Armut unserer Ausdrucks-
698 1135 3990 1362 mittel und die Notwendigkeit falscher Verständigung bedingt ist, be-
729 1327 1846 1550 deutet nicht Identität.
1061 1449 4134 1681 Und wie wir durch gewisse physikalische Instrumente, ganz gewiss
729 1619 4055 1886 aber durch Gleichungen feststellen könnten, dass z.B. das C innerhalb
729 1733 4099 1999 eines bestimmten Schubert-Liedes ein ganz anderes ist als das C in der
729 1916 4234 2148 Meistersinger-Ouvertüre, oder das C/ in einem anderen Schbertischen Lied,
733 2052 4077 2261 oder das C des gleiches Lieds an einer anderen Stelle,- ebenso müsste
764 2217 3924 2449 es unter gewissen Umständen möglich sein, die Nicht- laentität der
746 2361 3942 2597 scheinbar gleichen Worte in zwei verschiedenen Dichtwerken oder im
742 2536 3418 2737 gleichen Dichtwerk an verschiedenen Orten nachzuweisen.
1043 2671 3985 2942 Und das Gefühl, das im Bereich der Musik durch Berechnung ge¬
768 2781 4177 3069 rechtfertigt werden kann, und das dem "musikalischen" Mensch innewohnt,
781 2986 4155 3226 ohne erst nach mathematischer Rechtfertigung zu verlangen, ist bei dem
2580 3112 3069 3221 Produkten
803 3152 4138 3361 "poetisch Verständigen" dichterischen xxxx gegenüber auch vorhanden,
781 3317 4020 3584 und dieser hört mit dem Wort immer auch den Schwingungswert des be-
781 3505 1698 3706 treffenden Wortes.
1113 3488 4182 3863 Lesen oder hören wir "ohne Stimmung" - oder zerstreut, so tritt
794 3771 4256 4033 das Wort nur als Wort ansich in seiner mathematischen Nacktheit in unser
794 4011 1410 4173 Bewusstsein,
1174 4029 4160 4260 Der C-Du r-Akkord, als C-Dus-Akkord in der Klavierstunde, ist
799 4208 4230 4457 etwas total Anderes als z.B.der C-Du r-Akkord am Schluss der Meistersin-
812 4396 4155 4605 ger, der nicht sich selbst bedeutet, sondern seine Beziehung zu allen
816 4513 4208 4784 Tönen und Akkorden und allen Beziehungen dieser Töne und Aktorde, die
812 4719 4278 4932 vom ersten C-Bur-Akkord der Meistersinger an in unser Bewusstsein einge-
834 4915 1445 5125 treten sind,
