4536 5608
1012 268 1501 645 Votre très obéissant à
1800 286 2648 610 1 /1 1/2 1 1 1 : 1.
3085 281 3297 580 1er
2535 441 3037 653 1 1 "
2704 658 3517 857 (September 1904)
943 835 3768 1129 Unter allen Künsten wird die Dichtkunst mit der geringsten
658 1030 1566 1242 Achtung behandelt.
947 1095 3868 1389 Vornehmster Grund: Weil sie scheinbar nicht auf gesetzmässig
662 1320 2678 1523 Mathematisches zurückgeführt werden kann.
952 1389 3980 1679 Daran scheint das Material schuld zu sein, mit dem zu arbeiten
679 1648 1579 1860 sie gezwungen ist.
978 1722 3764 1999 Das Material der Dichtkunst ist ausschliesslich das Wort -
740 1873 3971 2172 scheinbar dasselbe also, das als Verständigungsmittel jedermann zur
710 2116 1497 2341 Verfügung steht.
1021 2198 4002 2479 Aber das Wort innerhalb der Dichtkunst ist nicht mit dem Wort
701 2401 3984 2695 der Verständigung zu vergleichen, sondern nur mit dem Material einer
710 2552 2557 2829 anderen Kunst - nämlich mit den Tönen.
1129 2669 3885 2916 Es ist bekannt, dass wir nur dem Zang der Vereinfachung
722 2838 4110 3063 nachgeben, wenn wir, von C, Cis etz. als den in jedem Fall identischen
731 2994 4080 3206 C und Cis reden. Dem Musiktheoretiker ist bekannt, dass das C, zu dem
722 3150 4019 3387 wir über das Fis hingelangen, ein anderes ist als z.B.dasjenige Cis,
740 3331 4127 3573 zu dem wir über G oder dasjenige, zu dem wirler H G gelangen, ja, um
740 3452 4218 3677 den mathematisch richtigen Schwingungswert eines Tones anzugeben, müsste
740 3608 4153 3868 man immer eine Gleichung setzen, die nicht dieses Cis schlechtweg, son-
757 3777 3941 3989 dern den Weg zu diesem Cis von Anbeginn der Melodie an bezeichnet.
1224 3946 4140 4175 Und ebenso, wie es unendlich viele Cis, resp. Cu.s.w. gibt,
753 4097 4132 4296 durch die unendlich vielen Beziehungen, in welche es zu dem vor seiner
761 4244 4110 4465 eigenen Apperception gehörten Einzeltönen und Tonbeziehungen getreten
770 4439 4084 4642 ist, und somit unsere Bezeichnung Cis, resp. C u.s.w. nur etwas Unge-
770 4547 4158 4781 fähres, "annähernd Richtiges" ausdrückt,- ebenso hat jedes Wort inner-
766 4703 4127 4971 halb des Dichtwerkes seinen spezifischen Schwingungswert, je nach der
783 4858 4175 5166 Bezeichnungs,in die es zu den früheren Worten und den fröheren wertbe-
