3754 4440
768 511 941 649 47)
2172 565 2769 713 Wien, 10.11.903.
813 604 1542 752 Mein lieber Hermann,
819 675 3325 838 ich danke Dir herzlichst, dass Du die Excentrik zu einem so schönen Er-
829 777 3302 893 folg gebracht hast und gratuliere Dir zu dem ganzen Abend. Ich war mit
838 835 3161 954 Olga auf dem Semmering, darum haben wir Dich nicht um Karten
832 887 3267 1025 im Bösendorfer Saal gebeten. Ich selbst wäre übrigens keineswegs dort
829 951 3261 1092 gewesen - denn Du verstehst es gewiss, ich kann mir eigene Sachen vor
826 1034 2226 1169 grossem Publikum nicht vorlesen lassen.
829 1095 3338 1246 Der xxx ist prachtvoll und ich würde ihn mit Freuden vor die nächste
970 1118 1205 1195 Recurs
829 1182 3338 1324 Auflage des Reigen drucken lassen - wenn er nicht so viel Lob über mich
845 1243 3325 1365 enthielte. Man lässt sich gern an fremden Höfen mit schmetternden Trom-
832 1295 3331 1433 petenstössen empfangen - aber man kann sich doch nicht im eigenen Hause
835 1359 3235 1491 feiern lassen.. Doch wäre es zu schade, wenn dieses Meisterstück der
845 1417 3257 1532 Oeffentlichkeit vorenthalten würde. Dass sich in Wien nichts würden an-
845 1455 3299 1600 fangen lassen war voraus zu sehen. Die Kerle sind ja nicht mehr feig,
838 1536 3200 1651 weil ihnen evenentuell was geschehen könnte - sondern aus Liebe zur
842 1561 3402 1706 Sache. Wie wäre denn mit dem Ausland? Berliner Tageblatt (Toder Vossische
842 1645 3216 1786 wären vielleicht zu gewinnen? Wenn kein Tagesblatt, eine Wochen-
842 1690 3405 1818 oder Monatsschrift? - wie immer - ich danke Dir und Burckhardt
835 1757 3241 1886 vielmals und wärmstens. Was ist das übrigens für eine Stelle
842 1825 3177 1956 im Lamprecht, die durch die Blätter geht? Ich habe nichts gelesen.
851 1899 3376 2059 Salten tue ich gewiss nicht Unrecht. Lies nur - wenn es soviel Interesse
848 1992 3206 2117 für Dich hat, meinen ganzen Brief an Salten. Nicht um Lob und Tadel
842 2034 3386 2181 handelt es sich. Das Wesentliche für mich bleibt, dass in dem Feuilleton
858 2111 3319 2242 genau die Sachen zu meinen Ungunsten drinstehen - über deren mangelnde
845 2156 3425 2300 Berechtigung sich sein Verfasser dutzende Mal mir gegenüber ausgesprochen
851 2217 3421 2358 Lies den Brief.- Und das Aergerliche - worüber wir auch so oft gesprochen
848 2281 3277 2419 haben - der Versuch, einem Dichter Gebiete abzustecken - oder zu ver-
855 2313 3383 2467 wehren. Ich, als einziger Mensch auf der bewohnten Erde, soll nicht mehr
858 2400 3386 2541 das Recht haben, erotische Beziehungen zu schildern, oder unverehelichte
861 2451 3367 2592 junge Damen darzustellen? - Es werden nach mir noch etwa kunderttausend
855 2515 3293 2657 Bücher von Liebe und Liebelei, süssen und sauren Mädeln, und Anatolen
858 2567 3357 2705 und Mäxen geschrieben werden - wie sie vor mir geschieben worden sind.
858 2637 3328 2772 Und gerade ich bekomm immer sozusagen einen Krach in den Schädel, wenn
858 2686 3322 2821 auch nur aus der Ferne ein Hauch von Erotik über meine Gestalten weht?
861 2721 3434 2882 Und der letzte Krach geht gerade von Salten aus, mit dem gemeinschaftlich
867 2814 3264 2943 ich mich über diese Kräche so oft belustigt und geärgert habe? - Aber
864 2830 3431 3007 lassen wir das auf eventuelle mündliche Unterhaltung.- Ich darf Dich wohl
867 2952 2291 3078 dieser Tage wieder in St.Veit aufsuchen?
858 3068 1741 3212 Herzlichst Dein getreuer
2599 3090 2846 3222 Arthur
