3769 4441
579 697 676 823 6)
554 851 1126 990 Lieber Hermann,
558 938 3295 1070 Wie kann ich Dir den Titel sagen, wenn ich noch nicht weiss was ich lebe? Das
575 1028 3281 1154 zu entscheiden kommen wir ja morgen zusammen. Wahrscheinlich eine Novellette,
575 1060 3385 1206 die ich vorgestern zu Ende geschrieben, vielleicht eine, die morgen fertig wird
575 1133 3267 1259 am End was ganz anderes. Es ist nemlich zu bedenken dass Du, Hirschfeld und
575 1203 3207 1307 ich Novelletten lesen, (Hugo wirkt nicht mit) - dass also das Programm von
582 1252 3204 1367 einer beispiellosen Langweiligkeit sein wird. Meine Hoffnung ist, dass uns
572 1266 3371 1426 morgen abend doch noch was gescheidtes einfällt.- Hirschfelds Geschichte heisst
596 1370 3246 1489 "Bei beiden". Von mir kannst Du sagen, dass ich eine ungedruckte tovellette
582 1440 3232 1537 vorlesen werde. Wenn das Programm Freitag gedruckt wird, ist Zeit genug,--.
575 1503 3141 1670 Meiner Ansicht nach. Sterben sterb ich, aber hetzen lass ich mich nicht.
572 1614 889 1747 Herzlich
2078 1677 2503 1841 Dein Arthur
572 1865 854 1987 23.3.97
586 1994 3239 2130 Der Donnerstag Notiz wäre jedenfalls mehr Geschmack zu wünschen als die von
593 2032 3385 2189 Sonntag verriet. Wir sind ja nicht Mitglieder des Vereins "Gemütliche Harmonie",
593 2161 2046 2266 dass man uns durch Epiteta erklären muss.
