3765 4440
545 482 640 604 P.
673 667 1198 809 Lieber Freund,
680 812 3239 888 ich beisse bereits seiteinigen Tagen in den dauren Apfel, und werde mein
693 875 3199 954 Versprechen halten. Es ist nur wie ein Verhängnis, dass mir nichts nach
693 901 3265 1007 Wunsch gelingen will. Es ist, wie wenn mich die Empfindung: "man erwartet
693 987 3248 1070 von Dir" lähmte.- Seit ich Feuilletons schreiben soll, hab ich eine ewige
693 1013 3321 1122 unbezingliche Lust, fünfaktige Trauerspiele zu schreiben. Wirken Sie dahin,
693 1089 3298 1218 dass Burckhardt eines von mir fordert, - ich werde die schönsten Wiener Ge-
690 1175 1413 1261 schichten schreiben.
677 1228 3262 1350 Im Uebrigen haben Sie Dienstag oder spätestens Mittwoch das bewueste Ein-
687 1320 3212 1416 gangsfeuilleton. Eventuell werden Sie das Bedürfnis haben, es zu ändern,
687 1373 3334 1489 wogegen ich prinzipiell nichts einzuwenden habe.- (Nur müssté'ich natürlich
690 1456 1472 1532 wissen, wie, wo, etc.)
683 1528 3272 1637 Vielleicht werd ich auch noch imstande sein, Ihnen statt des Artikels was
680 1588 3331 1700 gescheiteres zu geben. Wollen Sie mir ihn nicht vorläufig zurückleihen, En-
683 1667 3321 1812 mit ich zum mindesten die bösesten Verse in ein behaglicheres Deutsch über-
673 1750 954 1849 trage?-
693 1829 1307 1968 -Herzlichen Gruss
2030 1931 2700 2070 Ihr sehr ergebener
2030 2047 2671 2192 Arthur Schnitzler
683 2149 1208 2255 Wien, 3.11.93
