3754 4440
730 600 875 717 54)
2367 652 2883 794 Wien 22.2.904.
720 700 1449 833 Mein lieber Hermann,
726 788 3197 921 wir waren eben in Hitzing, mit Hugo's und Richard's und Karg zusammen,
736 856 3181 982 und da hab ich mit grosser Freude gehört, dass Du Dich viel wohler be-
733 892 3314 1041 findest. Nun möchte ich aber gern recht bald ein Wort von Dir selbst ver-
733 973 3281 1102 nehmen, und wissen, wienes mit Deinen Plänen für die nächste Zeit steht.
739 1025 3285 1171 Ich bin seit Freitag Abend wieder in Wien-, Wir (Olga und ich) waren auf
743 1086 3252 1222 der Rückreise einen Tag in Dresden und haben allzu kurze Stunden in der
749 1193 1391 1300 Galerie verbracht.
730 1242 3294 1388 Ueber den Einsamen Weg hast Du wohl, soweit es sich um den äusserlichen
746 1323 3223 1443 Verlauf des ersten Abends handelt, das Wesentliche gelesen. Es war ein
743 1381 3217 1505 leidlichen Abfall, Husten und Unruhe von Anbeginn, matter Beifall nach
743 1440 3161 1569 2. und 3. Akt mit Widerspruch.. Gelächter und starker Beifall nach dem
746 1482 3343 1618 4. Akt, Viel Applaus und viel Zischen am Schluss. Der 2.Abend, ausverkauft,
746 1550 3314 1689 ging beträchtlich besser - und nun scheint sich, wie ich aus Berlin höre,
759 1605 3285 1741 das Stück, das bei einem Teil der Kritik sehr lebhafte Anerkennung fand,
756 1667 3246 1793 doch einige Zeit halten zu wollen. In Wien war eigentlich nur das Gold-
746 1728 3230 1864 mann'sohe Telegramm wirklich schlecht - was er mir persönlich über das
756 1770 3356 1916 Stück zu sagen wusste, waren nur die folgenden Worte, als ich ihn ein paar
756 1845 3106 1965 Tage nach der Premiere zum Abschied besuchte: “Ich schreibe eben das
752 1855 3301 2040 Feuilleton über den E.W.- Du wirst keine Freude davon haben".-Die Fehler
759 1958 3165 2091 der Stücks spür ich jetzt wie mir vorkommt sehr genaujdas Verhältnis
759 2004 3268 2150 zwischen Sala und Johanna müsste schon zu Beginn völlig deklariert sein
759 2065 3353 2208 das ist ein technischer Fehler, den gutzumachen in meinen Kräften stände.
759 2134 3226 2267 Anderes aber dürfte in den Mängeln meiner Begabung begründet sein - so
759 2169 3275 2331 insbesondere eine gewisse Steifigkeit im Wesen Julians. Immerhin bleibt
759 2257 3278 2380 es eine schwierige Sache von einer Person die Meinung verbreiten zu wol-
756 2305 3230 2438 len - sie sei einmal ein Genie gewesen. Ja wenn man das Bild ins Foyer
759 2367 3246 2497 hängen könnte, dass Julian vor 25 Jahren gemalt und das ihn berühmt ge-
759 2432 3262 2568 macht hat! Uebrigens - vielleicht wäre es auch im Augenblick vergessen.
762 2516 2111 2656 da man sich wieder ins Parkett begibt.
768 2594 3239 2740 Was ich selbst von dem Stück wirklich liebe, ist der 5.Akt und die Ge-
772 2643 3333 2785 stalt des Sala, der gegenüber ich mich, eigentlich das erste Mal in meinen
762 2730 3213 2857 Leben als eine Art von Schöpfer fühle. Und der 5.Akt bedeutet mir zu-
772 2746 3304 2899 weilen etwas mehr als den Abschluss dines Dramas - ja nicht viel weniger
772 2824 3246 2970 als den Abschluss von 42 selbstgelebten Jahren. Nun seh ich mancherlei
778 2902 3268 3019 vor mir, was mir, wenn ich etwas weniger faul, etwas weiniger zerstreut,
775 2957 3278 3080 und mit wahrer Intensität begabt wäre, nach dem sonstigen Stande meines
765 3048 2091 3148 Inneren, eigentlich gelingen müsste.
781 3129 3184 3262 -Wir haben in Berlin oft von Dir gesprochen und alle Leute, die Dich
772 3187 3161 3320 kennen, lassen Dich grüssen. Meine sizilianischen und korfiotischen
772 3226 3272 3398 Pläne weben weiter - wirst Du auch südlicher wandern und werden wir uns
785 3301 3226 3444 sehen? Meine Frau grüsst Dich herzlich, ich desgleichen und wir wären
781 3366 3129 3515 sehr froh, wenn wir bald noch Besseres, ganz Gutes von Dir hörten.
2172 3460 2594 3606 Dein Arthur
