3746 4440
800 526 942 698 2a)
805 808 1364 927 Lieber Hermann,
817 834 3033 997 die Verstellung der Schauspielschule von der ich Dir neulich ge-
832 933 3120 1061 sprochen findet Sonntag den 28. April statt.- Und das Fräulein Gu-
855 1023 3044 1125 mann wird nicht die Rebekka sondern die Maria Magdalena spielen
826 1079 3053 1180 was vielleicht noch interessanter sein dürfte. Wenn Du also Zei
820 1131 2989 1282 und Laune hast, möchte ich Dich bitten zu kommen. Den Sitz erb.
823 1230 1811 1346 Du jedenfalls zu gesandt.
817 1326 1445 1460 Herzlich grüssend
2067 1297 2844 1500 Dein Arthur Schnitzler
823 1430 1335 1573 Wien 19.4.901.
773 1983 922 2154 24
785 2105 1343 2265 Lieber Hermann,
791 2184 3123 2332 es freut mich sehr, dass Dir die Marionetten einigen Spass gemacht
785 2282 3091 2405 haben. Wenn sie auf der Bühne wirken sollten, wird ja die Wirkung
797 2341 3099 2468 wahrscheinlich aus den derberen Momenten kommen weniger aus deren
797 2378 3134 2515 die uns behagen. Ob das Couplet des Herzogs mit Ringkämpfer, totem
785 2454 3056 2576 Mädchen xxx. usw. nicht gefährlich sein könnte, wird sich wohl erst
794 2544 2006 2669 auf den Proben entscheiden lassen.
791 2614 2544 2794 Ich danke Dir sehr und bin mit herzlichen Grüssen
2303 2721 2806 2855 Dein Arth Sch
782 2768 1140 2910 25.1.901.
