3746 4440
805 655 945 814 19)
814 814 1372 973 Lieber Hermann,
1706 873 3187 1088 ihr mich Dein Feuilleton über die Bestries
814 967 1662 1104 ich muss Dir sagen, wie
820 1032 1360 1173 gefreut hat.
814 1073 3137 1223 Unizugleich noch einmal danken, dass Du nach Breslau gefahfen bist.
814 1154 3231 1294 Du erlaubst mir gewiss, darin noch etwas anderes zu sehen als die Er-
817 1232 3250 1366 füllung einer "journalistischen Pflicht", wie Du neulich gesagt hast.
817 1360 2289 1500 Auf baldiges Wiedersehen. Herzlichst Dein
2305 1447 2585 1591 Arthur.
817 1503 1269 1631 1.12.900.
814 1778 954 1918 20)
811 1871 1382 2027 Ktuxx
823 1946 3281 2118 ###
811 2068 2358 2233 geleistet xxx
1912 2108 3259 2292 (undatietem vermutlich September 1901)
817 2208 1553 2386 Mein lieber Hermann,
826 2314 3250 2454 es handelt sich um nichts wichtiges-, Vielleicht kann ich also Diens-
839 2395 3244 2507 tag Vormittag zu Dir - ohne Dich im Geringsten zu binden. Eines kann
833 2454 3253 2570 ich Dir vielleicht gleich hier sagen, wobei ich Dich bitte, gelegent-
836 2523 3228 2635 lich zu Bukowies zu reden. Mein Einakterabend wird bestehen aus "Li-
839 2573 3206 2713 teratur", einem anderen, der halb fertig ist, ziemlich phantastisch
873 2651 2757 2773 und einem dritten - den ich noch nicht begonnen habe.-
833 2716 3231 2866 Dagegen soll Marianetten [das hier bestimmt gut wirken wird,in guter
833 2798 3340 2916 Darstellung) da es doch als sagen wir Literatursatyre nur einen kleinen
826 2863 3244 2988 Kreis interessieren kann) lieber an dem Abend gegeben werden, wo der
826 2929 3215 3047 Kakadu aufgeführt wird. Also irgendwas von einem anderen (man sprach
826 2997 2857 3113 mir von "Festnacht") dann Kakadu, am Schluss Marianetten.
842 3063 3278 3219 Nun, darüber und über einiges andere nächstens. Viele herzliche Grüsse
842 3215 1014 3315 Dein
2115 3194 2520 3346 Arthur Sch
