<?xml version="1.0" encoding="UTF-8" standalone="yes"?>
<PcGts xmlns="http://schema.primaresearch.org/PAGE/gts/pagecontent/2013-07-15" xmlns:xsi="http://www.w3.org/2001/XMLSchema-instance" xsi:schemaLocation="http://schema.primaresearch.org/PAGE/gts/pagecontent/2013-07-15 http://schema.primaresearch.org/PAGE/gts/pagecontent/2013-07-15/pagecontent.xsd">
    <Metadata>
        <Creator>prov=READ-COOP:name=TrHtr:version=2.1.0:model_id=51170:date=24_07_2023_19:31</Creator>
        <Created>2023-05-01T21:47:45.510+02:00</Created>
        <LastChange>2023-07-24T19:31:35.625+02:00</LastChange>
        <TranskribusMetadata docId="1416397" pageId="54944492" pageNr="12" tsid="130566361" status="IN_PROGRESS" userId="64420" imgUrl="https://files.transkribus.eu/Get?id=KRDTYFUYPREZUXIAXIFPAJTM&amp;fileType=view" xmlUrl="https://files.transkribus.eu/Get?id=SZPZBKIDHYFYEBKYXSILYVDG" imageId="44448578"/>
    </Metadata>
    <Page imageFilename="1416397_0012.jpg" imageWidth="3769" imageHeight="4441">
        <ReadingOrder>
            <OrderedGroup id="ro_1711833246187" caption="Regions reading order">
                <RegionRefIndexed index="0" regionRef="tr_1"/>
            </OrderedGroup>
        </ReadingOrder>
        <TextRegion id="tr_1" custom="readingOrder {index:0;}">
            <Coords points="728,743 3357,743 3357,2140 728,2140"/>
            <TextLine id="tr_1_tl_1" custom="readingOrder {index:0;}">
                <Coords points="711,839 743,839 777,805 786,811 814,805 821,811 830,805 886,811 889,696 861,699 852,708 830,702 805,711 780,696 758,714 714,721"/>
                <Baseline points="728,799 761,796 805,793 850,793 895,793"/>
                <TextEquiv>
                    <Unicode>$ 7)</Unicode>
                </TextEquiv>
            </TextLine>
            <TextLine id="tr_1_tl_2" custom="readingOrder {index:1;}">
                <Coords points="821,995 1051,964 1092,986 1207,964 1345,986 1395,967 1398,852 1307,877 1139,855 1020,886 989,867 927,902 821,902"/>
                <Baseline points="838,966 865,964 910,961 955,958 999,958 1044,958 1089,955 1134,955 1178,955 1223,952 1268,952 1313,955 1357,955 1402,958"/>
                <TextEquiv>
                    <Unicode>Lieber Hermann,</Unicode>
                </TextEquiv>
            </TextLine>
            <TextLine id="tr_1_tl_3" custom="readingOrder {index:2;}">
                <Coords points="836,1086 3248,1045 3276,924 839,980"/>
                <Baseline points="853,1083 865,1080 910,1077 955,1077 999,1074 1044,1074 1089,1071 1134,1071 1178,1068 1223,1068 1268,1068 1313,1068 1357,1065 1402,1065 1447,1065 1492,1065 1537,1062 1581,1059 1626,1059 1671,1056 1716,1056 1760,1056 1805,1053 1850,1050 1895,1050 1939,1050 1984,1050 2029,1047 2074,1047 2119,1047 2163,1047 2208,1047 2253,1044 2298,1041 2342,1041 2387,1041 2432,1038 2477,1038 2521,1035 2566,1038 2611,1035 2656,1035 2701,1035 2745,1032 2790,1032 2835,1029 2880,1029 2924,1029 2969,1026 3014,1023 3059,1023 3103,1023 3148,1023 3193,1023 3238,1023 3282,1023"/>
                <TextEquiv>
                    <Unicode>ich bekomme eben einen Brief von dem Dir bekannten Frl. Elsa Plessner,</Unicode>
                </TextEquiv>
            </TextLine>
            <TextLine id="tr_1_tl_4" custom="readingOrder {index:3;}">
                <Coords points="846,1145 3083,1114 3207,1042 846,1095"/>
                <Baseline points="862,1140 886,1140 931,1137 975,1137 1020,1134 1065,1134 1110,1134 1155,1131 1199,1131 1244,1128 1289,1128 1334,1125 1378,1125 1423,1122 1468,1122 1513,1122 1557,1122 1602,1119 1647,1119 1692,1119 1737,1116 1781,1113 1826,1113 1871,1113 1916,1113 1960,1110 2005,1110 2050,1107 2095,1107 2139,1107 2184,1110 2229,1107 2274,1104 2318,1104 2363,1101 2408,1098 2453,1095 2498,1095 2542,1095 2587,1095 2632,1095 2677,1095 2721,1092 2766,1092 2811,1092 2856,1089 2900,1086 2945,1086 2990,1083 3035,1080 3080,1083 3124,1083 3169,1086 3214,1086"/>
                <TextEquiv>
                    <Unicode>die Dir eine Novelle eingereicht hat. Ich glaube mich zu erinnern,</Unicode>
                </TextEquiv>
            </TextLine>
            <TextLine id="tr_1_tl_5" custom="readingOrder {index:4;}">
                <Coords points="842,1220 3276,1173 3276,1101 846,1142"/>
                <Baseline points="859,1199 865,1196 910,1196 955,1193 999,1193 1044,1190 1089,1190 1134,1193 1178,1190 1223,1190 1268,1187 1313,1187 1357,1184 1402,1184 1447,1181 1492,1178 1537,1178 1581,1181 1626,1184 1671,1175 1716,1175 1760,1175 1805,1172 1850,1169 1895,1169 1939,1172 1984,1169 2029,1166 2074,1166 2119,1166 2163,1166 2208,1166 2253,1163 2298,1163 2342,1163 2387,1158 2432,1158 2477,1155 2521,1155 2566,1155 2611,1155 2656,1152 2701,1155 2745,1152 2790,1146 2835,1146 2880,1146 2924,1143 2969,1140 3014,1140 3059,1140 3103,1140 3148,1140 3193,1137 3238,1134 3282,1134"/>
                <TextEquiv>
                    <Unicode>dass sie, die Novelle, als ich sie s.z. im Mscrpt las, mir nicht miss-</Unicode>
                </TextEquiv>
            </TextLine>
            <TextLine id="tr_1_tl_6" custom="readingOrder {index:5;}">
                <Coords points="839,1264 3214,1158 839,1217"/>
                <Baseline points="856,1259 892,1256 937,1256 981,1256 1026,1256 1071,1253 1116,1250 1160,1247 1205,1241 1250,1241 1295,1244 1340,1241 1384,1241 1429,1238 1474,1238 1519,1238 1563,1238 1608,1235 1653,1232 1698,1232 1742,1232 1787,1232 1832,1229 1877,1226 1922,1226 1966,1226 2011,1226 2056,1223 2101,1220 2145,1220 2190,1223 2235,1220 2280,1217 2324,1214 2369,1214 2414,1214 2459,1214 2504,1214 2548,1211 2593,1214 2638,1208 2683,1205 2727,1205 2772,1205 2817,1205 2862,1202 2906,1199 2951,1199 2996,1196 3041,1196 3086,1196 3130,1196 3175,1193 3220,1187"/>
                <TextEquiv>
                    <Unicode>fiel, an Ende sogar gefiel - ich weiss nicht mehr genau. Meiner An-</Unicode>
                </TextEquiv>
            </TextLine>
            <TextLine id="tr_1_tl_7" custom="readingOrder {index:6;}">
                <Coords points="849,1320 3239,1276 3320,1195 849,1273"/>
                <Baseline points="865,1316 910,1313 955,1313 999,1310 1044,1310 1089,1307 1134,1304 1178,1304 1223,1304 1268,1304 1313,1301 1357,1301 1402,1298 1447,1298 1492,1295 1537,1295 1581,1295 1626,1292 1671,1289 1716,1289 1760,1289 1805,1286 1850,1286 1895,1286 1939,1283 1984,1283 2029,1280 2074,1280 2119,1280 2163,1280 2208,1280 2253,1277 2298,1277 2342,1274 2387,1271 2432,1271 2477,1271 2521,1271 2566,1268 2611,1268 2656,1265 2701,1265 2745,1262 2790,1262 2835,1262 2880,1262 2924,1259 2969,1256 3014,1253 3059,1256 3103,1253 3148,1253 3193,1250 3238,1247 3282,1247 3327,1250"/>
                <TextEquiv>
                    <Unicode>sicht nach ist eben benannte Else von einer unerträglichen Schlamperei</Unicode>
                </TextEquiv>
            </TextLine>
            <TextLine id="tr_1_tl_8" custom="readingOrder {index:7;}">
                <Coords points="846,1379 3282,1345 3351,1251 846,1320"/>
                <Baseline points="862,1375 895,1372 940,1369 984,1369 1029,1366 1074,1366 1119,1366 1163,1363 1208,1360 1253,1360 1298,1357 1343,1357 1387,1354 1432,1354 1477,1354 1522,1354 1566,1351 1611,1351 1656,1349 1701,1349 1745,1349 1790,1346 1835,1346 1880,1346 1925,1343 1969,1343 2014,1343 2059,1340 2104,1340 2148,1340 2193,1337 2238,1337 2283,1334 2327,1331 2372,1328 2417,1331 2462,1331 2507,1331 2551,1331 2596,1328 2641,1328 2686,1325 2730,1325 2775,1322 2820,1319 2865,1319 2909,1316 2954,1316 2999,1316 3044,1313 3089,1313 3133,1307 3178,1307 3223,1310 3268,1307 3312,1307 3357,1307"/>
                <TextEquiv>
                    <Unicode>in Stil und Arbeit-, Hat aber zuweilen Einfälle, die mit Sicherheit auf</Unicode>
                </TextEquiv>
            </TextLine>
            <TextLine id="tr_1_tl_9" custom="readingOrder {index:8;}">
                <Coords points="849,1435 2777,1410 3207,1326 849,1379"/>
                <Baseline points="865,1429 886,1429 931,1426 975,1426 1020,1426 1065,1423 1110,1423 1155,1420 1199,1420 1244,1420 1289,1417 1334,1417 1378,1417 1423,1414 1468,1414 1513,1411 1557,1411 1602,1408 1647,1408 1692,1405 1737,1405 1781,1405 1826,1402 1871,1402 1916,1402 1960,1399 2005,1399 2050,1399 2095,1399 2139,1396 2184,1396 2229,1396 2274,1393 2318,1390 2363,1393 2408,1390 2453,1387 2498,1387 2542,1387 2587,1384 2632,1384 2677,1381 2721,1381 2766,1381 2811,1378 2856,1378 2900,1378 2945,1375 2990,1372 3035,1369 3080,1369 3124,1366 3169,1366 3214,1369"/>
                <TextEquiv>
                    <Unicode>Talent schliessen lassen. Wie weit es geht und ob sie es nicht eher</Unicode>
                </TextEquiv>
            </TextLine>
            <TextLine id="tr_1_tl_10" custom="readingOrder {index:9;}">
                <Coords points="846,1507 3229,1460 3348,1441 3351,1326 846,1451"/>
                <Baseline points="862,1492 892,1489 937,1486 981,1486 1026,1486 1071,1486 1116,1483 1160,1480 1205,1477 1250,1477 1295,1477 1340,1477 1384,1474 1429,1474 1474,1471 1519,1471 1563,1471 1608,1468 1653,1468 1698,1465 1742,1465 1787,1465 1832,1462 1877,1459 1922,1459 1966,1459 2011,1459 2056,1456 2101,1453 2145,1456 2190,1456 2235,1453 2280,1450 2324,1450 2369,1450 2414,1447 2459,1447 2504,1444 2548,1441 2593,1441 2638,1441 2683,1441 2727,1438 2772,1438 2817,1438 2862,1435 2906,1435 2951,1429 2996,1432 3041,1429 3086,1426 3130,1426 3175,1423 3220,1423 3265,1423 3309,1423 3354,1423"/>
                <TextEquiv>
                    <Unicode>zu ruinieren als weiter zu entwickeln gedenkt, kann ich nicht bestimmen.</Unicode>
                </TextEquiv>
            </TextLine>
            <TextLine id="tr_1_tl_11" custom="readingOrder {index:10;}">
                <Coords points="839,1572 3083,1519 3217,1448 842,1501"/>
                <Baseline points="856,1548 895,1545 940,1545 984,1545 1029,1545 1074,1543 1119,1540 1163,1540 1208,1537 1253,1537 1298,1537 1343,1534 1387,1534 1432,1531 1477,1531 1522,1531 1566,1528 1611,1525 1656,1525 1701,1525 1745,1525 1790,1525 1835,1525 1880,1522 1925,1519 1969,1519 2014,1519 2059,1519 2104,1516 2148,1513 2193,1513 2238,1513 2283,1513 2327,1510 2372,1510 2417,1507 2462,1510 2507,1507 2551,1504 2596,1501 2641,1501 2686,1498 2730,1501 2775,1501 2820,1498 2865,1495 2909,1492 2954,1492 2999,1492 3044,1489 3089,1489 3133,1486 3178,1486 3223,1483"/>
                <TextEquiv>
                    <Unicode>Aber es wäre vielleicht möglich sie auf einen guten Weg zu bringen.</Unicode>
                </TextEquiv>
            </TextLine>
            <TextLine id="tr_1_tl_12" custom="readingOrder {index:11;}">
                <Coords points="858,1688 3011,1641 3139,1622 3142,1507 861,1563"/>
                <Baseline points="877,1659 910,1659 955,1659 999,1659 1044,1659 1089,1659 1134,1656 1178,1656 1223,1656 1268,1653 1313,1653 1357,1650 1402,1650 1447,1650 1492,1647 1537,1647 1581,1644 1626,1644 1671,1641 1716,1641 1760,1641 1805,1641 1850,1638 1895,1635 1939,1632 1984,1632 2029,1632 2074,1632 2119,1632 2163,1629 2208,1629 2253,1626 2298,1626 2342,1623 2387,1620 2432,1620 2477,1620 2521,1620 2566,1620 2611,1617 2656,1617 2701,1614 2745,1614 2790,1611 2835,1608 2880,1608 2924,1608 2969,1605 3014,1605 3059,1602 3103,1602 3148,1602"/>
                <TextEquiv>
                    <Unicode>-Womit ich Dir das Fräulein bestens empfohlen zu haben wünschte.-</Unicode>
                </TextEquiv>
            </TextLine>
            <TextLine id="tr_1_tl_13" custom="readingOrder {index:12;}">
                <Coords points="842,1806 3276,1747 3279,1660 846,1679"/>
                <Baseline points="862,1784 865,1784 910,1781 955,1778 999,1775 1044,1775 1089,1772 1134,1772 1178,1769 1223,1769 1268,1769 1313,1769 1357,1769 1402,1766 1447,1763 1492,1763 1537,1760 1581,1760 1626,1760 1671,1757 1716,1757 1760,1757 1805,1754 1850,1751 1895,1748 1939,1748 1984,1748 2029,1748 2074,1748 2119,1745 2163,1742 2208,1742 2253,1739 2298,1739 2342,1739 2387,1737 2432,1737 2477,1737 2521,1734 2566,1734 2611,1734 2656,1731 2701,1728 2745,1728 2790,1728 2835,1728 2880,1725 2924,1725 2969,1722 3014,1722 3059,1719 3103,1719 3148,1719 3193,1716 3238,1716 3282,1713"/>
                <TextEquiv>
                    <Unicode>Ich hoffe es geht Dir gut-, Von Pariser Kunst werd ich Dir manches er-</Unicode>
                </TextEquiv>
            </TextLine>
            <TextLine id="tr_1_tl_14" custom="readingOrder {index:13;}">
                <Coords points="846,1863 3123,1850 3220,1835 3223,1728 846,1813"/>
                <Baseline points="862,1847 904,1841 949,1838 993,1835 1038,1835 1083,1835 1128,1832 1172,1829 1217,1829 1262,1829 1307,1829 1351,1829 1396,1826 1441,1823 1486,1823 1531,1823 1575,1823 1620,1820 1665,1820 1710,1817 1754,1814 1799,1811 1844,1808 1889,1808 1933,1808 1978,1808 2023,1808 2068,1808 2113,1805 2157,1808 2202,1805 2247,1802 2292,1802 2336,1799 2381,1799 2426,1796 2471,1796 2515,1796 2560,1796 2605,1796 2650,1793 2695,1790 2739,1787 2784,1790 2829,1784 2874,1784 2918,1784 2963,1784 3008,1781 3053,1781 3097,1781 3142,1778 3187,1775 3232,1775"/>
                <TextEquiv>
                    <Unicode>zählen können, wenn ich zurückkomme. Aber verlange keine Artikel von</Unicode>
                </TextEquiv>
            </TextLine>
            <TextLine id="tr_1_tl_15" custom="readingOrder {index:14;}">
                <Coords points="842,1919 883,1922 905,1941 924,1941 930,1934 936,1941 958,1938 967,1944 977,1934 1005,1944 1008,1847 989,1844 980,1853 958,1850 952,1856 939,1847 914,1853 908,1847 899,1856 877,1850 864,1863 846,1860"/>
                <Baseline points="859,1901 877,1901 922,1898 966,1895 1011,1898"/>
                <TextEquiv>
                    <Unicode>mir!</Unicode>
                </TextEquiv>
            </TextLine>
            <TextLine id="tr_1_tl_16" custom="readingOrder {index:15;}">
                <Coords points="842,2053 1516,2006 1735,2069 1763,1916 1663,1891 1576,1934 1466,1903 1404,1938 1279,1916 1089,1950 1048,1922 930,1972 846,1959"/>
                <Baseline points="862,2014 871,2014 916,2011 961,2011 1005,2011 1050,2011 1095,2011 1140,2008 1184,2008 1229,2005 1274,2005 1319,2002 1363,2002 1408,2002 1453,1999 1498,1999 1543,1996 1587,1996 1632,1993 1677,1993 1722,1993 1766,1993"/>
                <TextEquiv>
                    <Unicode>Herzlich grüsst Dich Dein</Unicode>
                </TextEquiv>
            </TextLine>
            <TextLine id="tr_1_tl_17" custom="readingOrder {index:16;}">
                <Coords points="1956,2143 2087,2109 2131,2137 2312,2147 2406,2122 2480,2143 2596,2125 2590,1991 2524,2025 2484,1997 2449,2019 2340,2000 2206,2016 2184,1997 2156,2019 2075,2009 2040,2037 1959,2031"/>
                <Baseline points="1978,2104 2023,2101 2068,2101 2113,2098 2157,2098 2202,2098 2247,2098 2292,2095 2336,2095 2381,2095 2426,2095 2471,2095 2515,2092 2560,2089 2605,2092"/>
                <TextEquiv>
                    <Unicode>Arthur Schnitzler</Unicode>
                </TextEquiv>
            </TextLine>
            <TextLine id="tr_1_tl_18" custom="readingOrder {index:17;}">
                <Coords points="839,2147 908,2178 958,2178 989,2153 1086,2181 1167,2181 1198,2156 1242,2175 1373,2156 1373,2069 1326,2056 1257,2069 1232,2044 1129,2072 1017,2037 980,2069 924,2040 874,2062 839,2053"/>
                <Baseline points="856,2130 889,2127 934,2127 978,2130 1023,2127 1068,2130 1113,2127 1158,2127 1202,2124 1247,2122 1292,2122 1337,2122 1381,2127"/>
                <TextEquiv>
                    <Unicode>Paris,22.4.97.</Unicode>
                </TextEquiv>
            </TextLine>
        </TextRegion>
    </Page>
</PcGts>
