3761 4425
2412 516 2723 651 3.1.902.
773 542 914 677 31)
2402 638 2669 767 Berlin
760 664 1318 789 Lieber Hermann,
773 738 3082 876 ich habe Brahm gesprochen.. Er äusserte sich anerkennend über den
786 805 3236 927 Crampus, findet nur, dass gerade das Deutsche Theater nicht der rechte
770 895 3246 991 Boden für das Stück sei. Ich glaube also nicht, dass er zu der Aufführ
773 956 3262 1042 nach Hamburg fahren wird, hielte es aber doch für ganz gut, wenn Du ihr
779 1017 3297 1103 unverbindlich mit ein paar Worten dazu einladen würdest. Gegen Deine Be-
779 1055 3333 1164 merkungen über den xxx literar. Stempel, den doch erst das Deutsche Thater
783 1116 3313 1209 verleihe, (die ihm mitzuteilen ich mich wohl für befugt halten durfte -?
776 1171 3294 1270 schien er nicht unempfindlich zu sein, und ich zweifel nicht daran, dass
783 1232 3208 1325 er Deine nächsten Stücke ohne vorgefasste Meinung lesen wird. Ich bin
776 1261 3310 1392 übrigens morgen nachmittag bei ihm und habe sicher Gelegenheit, nochmals
789 1341 3259 1440 in Deinem Sinne zu reden. Er gehört doch, bei allen Begrenztheiten und
779 1392 3236 1498 Eigensinnigkeiten zu den weitans verständigsten Theatermenschen, viel-
767 1440 3268 1559 leicht auch Menschen schlechtweg -, die es gibt, und ist derjenige, mit
783 1508 3243 1623 dem man am geradlinigsten und verlässlichsten verkehren kann. Man darf
786 1559 3262 1668 von ihm sagen, dass er nie lügt. Du solltest mich einmal persönlich mit
776 1588 3358 1761 ihm aussprechen. Wenn er nicht nach Hamburg kommt, vielleicht besuchst Du
783 1716 1921 1831 ihn auf der Hin- oder Rückfahrt?-
776 1764 3175 1908 Dieser Tage sprach ich Harden, der jetzt sehr gegen den kleinen Krau
786 1867 3243 1963 eingenommen ist und findet, dass ein solches Blatt in Berlin sich nicht
776 1921 3313 2024 halten könnte. Anlässlich der Kraus'schen Kritik über die reine, in der
773 1982 3179 2078 Kr. von einer angeblich extra von xxx (?) gegen ihn hineingedichtete
504 1998 632 2120 Dir
779 2021 3240 2149 Stelle erzählte, hat er ihm (Harden dem Kraus) eine Karte geschrieben,
786 2098 3243 2197 er müsse gelegentlich diesen Irrrum richtigstellen, da die betreffende
783 2155 3268 2264 Stelle sich im Original fände-, Krauss soll es auch zugesagt, aber bis-
773 2248 1613 2345 her nicht getan haben.-
783 2303 3217 2428 Heut war Generalprobe der "Lebendigen Stunden. Sie fiel günstig - für
786 2415 2188 2511 abergläbbische Gemüther zu günstig aus.-
786 2479 3233 2601 Ganz entzückt bin ich von Bassermann. Neulich sah ich ihn als Hjalmar,
786 2556 3224 2659 Sauer als Gregers Werle.- Ich habe selten so starke schauspielerische
776 2624 2701 2746 Eindrücke erlebt. Die Triesch kann überraschend viel. -
837 2742 2874 2835 Ich seh Dich hoffentlich bald wieder. Herzlichen Gruss.
2274 2816 2470 2938 Dein
2434 2877 2781 3009 Aérth Sch
779 2980 908 3114 32)
776 3086 1504 3211 Mein lieber Hermann,
779 3182 3227 3310 ich danke Dir sehr. Du hast Dinge über mich gesagt, die mich genz be-
789 3240 3233 3374 sonders gefreut haben-, -Ich wollte sie endlich hören, wolle sie vor-
779 3310 3179 3429 allem von Dir hören. Nicht das beiläufige über den Grillparzer Preis
779 3365 3153 3483 meine ich, sondern das Allgemeine. Jemand, der heute Deinen Artikel
779 3416 3249 3544 las, sagte: "Es ist ganz einfach, Ihr seid alle beide mit der Zeit an-
789 3515 1671 3653 ständige Leute geworden“.
2492 3570 2723 3692 Arthur
773 3605 1585 3759 Herzlichen Gruss Dein
763 3730 1164 3865 25.I.1902.
