3774 4424
714 506 876 637 75)
2281 495 3053 630 Wien, 15.II.907.
2093 506 2221 637 P.S.
708 610 1247 755 Lieber Hermann,
1270 671 1375 772 ub1
721 731 2976 836 vielen Dank, Inghlatt ein Exemplar gestern an Dich gesandt. Ich
718 822 2652 896 nur recht sehr, Dir keinerlei Ungelegenheiten zu machen
2760 819 2912 900 Vonn
725 880 3148 954 geht, ja. Aber wenns im nicht von Herzen ist, dann lieber nicht. Wie
718 930 3397 1014 denkst Du Dir die sonstigen Besetzungsmöglichkeiten? Ist Pagay für den Alten
718 1001 3306 1099 nicht zu trocken! Valentin hat mir neuerdings wegen der Bea geschrieben-,
718 1051 2359 1166 Ich hab mich noch nicht engiltig ausgesprochen.
714 1139 3299 1257 Bin im übrigen ziemlich fleissig und hoffe zunächsten Herbst mit etlichen
721 1227 1281 1328 bereit zu sein.
711 1311 3353 1412 Famos Dein "Grillparzer" in der Schaubühne. Freue mich auf das ganze Buch.
725 1395 3434 1506 Was machtst Du nach Berlin? Sollte die Neue Freie den Beginn Deiner Wieder-
711 1463 1233 1557 kehr bedeuten?
711 1547 2241 1651 Meine Frau grüsst Dich vielmals, Von Herzen
2224 1587 2410 1705 Dein
2352 1685 2602 1789 Arthur
708 1776 846 1918 76)
2383 1827 3124 1931 XVIII Spöttelgasse 7
2403 1921 3100 2022 Wien am 11. März 07.
2420 1985 2504 2076 G.F.P
704 1951 1270 2086 Lieber Hermann,
711 2059 3225 2167 da ich nichts weiter von Dir gehört habe, scheint es, dass das Projekt
714 2153 3282 2241 der Kammerliebelei vorläufig zurückgelegt worden ist. Nun fällt mir etwas
725 2217 3218 2292 ein, dass ich Dir zur gelegentlichen Ueberlegung mitteilten möchte. Wie
714 2275 3195 2346 wäre, wenn die Kammerspiele in der nächsten Saison einen Versuch mit de-
725 2342 3262 2413 "Märchen" wagten. Du weisst, dass das Stück über Wien nie hinausgekommen
711 2376 3397 2467 ist, dass es hingegen - in Russland - einen meiner stärksten und dauerndsten
708 2450 3215 2517 Erfolge bedeutet hat. Es ist wirklich geradezu lächerlich, dass sich in
714 2504 2972 2581 Deutschland noch kein Theater an das Stück gewagt hat. Die Kanne
3053 2504 3239 2578 piele,
711 2561 3124 2639 die das Friedensfest aufgeführt haben, wären vielleicht an ehesten da
3124 2575 3232 2689 verhält.
718 2625 3057 2706 geeignet, eine Aufführung dieses Stücks (mit der Höflich) zu versuche
714 2683 3357 2784 wenig riskiert und möglicherweise einiges zu gewinnen wäre. Dass der Schlus
711 2753 2703 2834 des dritten Aktes geändert ist, dürfte Dir bekannt sein.
2096 2797 2656 2861 reur M. M. DlE
711 2834 3262 2932 Wenn Du glaubst, dass die Sache nicht ganz aussichtslos ist, so sprichst
711 2912 3222 3023 Du vielleicht bei irgend einer Gelegenheit in diesem Sinn mit Reinhardt
711 2986 3262 3104 Sei herzlich gegrüsst und lass jedenfalls recht bald etwas von Dir hörene
711 3080 3094 3195 Wann kommet Du zurück? Du hältet Dich doch vor Regusa einige Zeit in
711 3161 876 3249 auf?
1965 3178 2137 3306 Dein
2140 3269 2389 3404 Arthur
698 3343 1763 3495 Viele Grüsse von meiner Frau.
1800 3538 3033 3660 WienkVIII Spöttelgasse 7, 16.4.907.
694 3592 1274 3727 Lieber Hermann,
711 3680 2966 3828 ich schlage Dir vor, Samstag zu mir zu kommen und natürlich mit
2369 3788 3124 3862 es mir bitte gleich mit
711 3801 2214 3882 speisen. Passt Dir der Samstag nicht, so te
704 3845 2868 3953 und auch wie lange Du überhaupt in Wien bleibst. Ich freue mit
704 3929 1247 3997 wieder zu sehen
698 3929 2167 4115 Herzlichst mit Grüssen von uns Allen Dein
