3769 4441
2109 417 3070 583 Salzburg, Hotel Oesterr,
3116 381 3275 579 Hof
785 503 967 666 115)
2063 536 2689 679 16. Dezember 1921.
791 672 1934 858 Sehr verehrter lieber Herr Bahr,
791 811 3222 930 schon längst wollt ich mich wieder bei Ihnen melden. Aber ich hatte Be¬
791 907 3113 987 such, und nun seh ich wieder Gesichter auftauchen und da denk ich
404 937 755 1096 Wiener.
795 967 3079 1066 werden keine ruhigen Tage haben,- und sage schon gar nichts für me
791 1030 1242 1132 zu erbitten.
788 1096 3291 1228 Dem Arthur hab ich von den beiden Spaziergängen mit Ihnen berichtet, da
785 1212 3321 1301 raufhin schrieb er mir neulich eine Menge schöner Dinge über Sie und nun
795 1262 3215 1338 fragt er immer nach Ihnen,- ich wünschte so sehr- er würde Ihren ein-
778 1311 3245 1407 mal in einer guten Stunde begegnen. Von allen Menschen, die ich kenne,
785 1377 3205 1490 glaub ich, sind Sie der Einzige, der befreiend auf ihn wirken könnte.
775 1447 3149 1573 Meine Kinder kommen zu Weihnachten hieher zu mir. Ich wünsche Ihnen
781 1550 1490 1656 gute und frohe Tage!
772 1613 1430 1778 Von Herzen ergeben
2126 1682 2295 1821 Ihre
2272 1755 2861 1884 Olga Schnitzl-er
762 1844 930 1980 116)
2152 1854 2636 2000 Wien, 6.6.22.
758 1960 1493 2126 Mein lieber Hermann,
758 2086 3414 2222 lass Dir vorläufig auf diesem Weg für die ausführlichen, freundschaftlichen
768 2192 3298 2265 marnherzigen Grüsse danken, die Du mit durch die Zeitungen zu meinem Ge-
762 2245 3298 2321 burtstag gesandt hast. In diesem Sommer hoff ich zuversichtlich Dir end-
758 2295 3374 2430 lich wieder die Hand drücken zu können. Ich nehme an, du bleibst vorläufig
758 2371 3199 2460 in München, ich komme wohl durch und darf Dich aufsuchen! Mit tausend
762 2424 1513 2526 Grüssen Dein getreuer
2321 2444 2560 2579 Arthur
745 2560 917 2689 117)
2493 2556 3053 2722 Wien 16.2.1930.
745 2682 1480 2828 Mein lieber Hermann,
748 2765 3195 2934 nach so langer Zeit höre ich wieder was von Dir - und da verleihst Du
745 2891 1685 2990 mir gleich den Nobelpreis!
745 2954 3166 3089 Ich fühle ganz wie Du: dass Hugo derjenige gewesen ist, der ihn hätte
748 3060 3106 3132 bekommen müssen. Leider konnte ich diesmal nicht wieder aussprechen
755 3126 3209 3219 wie seinerzeit, als ich (noch dazu für das Zwischenspiel!) dem Grill-
748 3182 3096 3252 parzer-Preis erhielt, dass xxxx der eigentlich Hofmannsthal ge
745 3205 3318 3338 bühre. Auch damit hast Du recht: melden werde ich mich nicht, vielleicht
748 3301 3179 3374 weniger aus Bescheidenheit, als xxxx aus Bequemlichkeit, und einer
742 3344 3258 3454 immer wachsenden Gleichgüligkeit gegen alle Arten von äussern "Ehrungen"
742 3421 1536 3526 und was man so nenntif.
742 3490 3308 3632 Dein Tagebuch lese ich natürlich immer -  so bedürfte es also kann einer
745 3586 3225 3656 freundlichen persönlichen Bemerkungen und umso mehr danke ich Dir. Ich
738 3629 3301 3722 weiss nicht, ob Du meinen kleinen Bücher "Geist in Worten und in der Tat“
738 3712 3295 3778 und mein Buch der Sprüche und Bedenken erhalten hast - ich würde sie Dir
738 3765 3311 3871 gern schicken, auf die Gefahr hin, dass Du mit vielem nicht einverstanden
742 3828 1156 3940 sein wirst.
725 3887 3046 4013 Es wäre schön, wenn man einander wieder sähe. Einer von uns wird
742 4003 3238 4109 einmal bedauern. wie Hugo immer sagte.— Ich grüsse Dich herzlich in aus
864 4070 1914 4219 ter Freundschaft Dein Arthur.
