3754 4440
1401 525 1520 650 19
2177 531 2553 679 17.8.904.
715 580 860 683 55)
718 741 1288 863 Lieber Hermann,
724 805 3156 953 wir wollen Freitag um 8 in den Kuffner Garten in Hietzing nachtmahlen
728 918 3214 1050 Und hoffen sehr, wenn Du nichts anderes vorhast. Dich dort zu treffen.
724 1001 2921 1159 Ziehst Dufein anderes Rendevous vor, so verständige mich.
1913 1150 2170 1236 Arthur
734 1156 1301 1294 Von Herzen Dein
1752 1388 2998 1571 XVIII Spöttelgasse 7.Wien 5.12.904.
744 1455 853 1542 567
737 1517 1288 1642 Lieber Hermann,
741 1558 3323 1713 diktieren und sitzen (Relief) und allerlei anderes haben mich abgehalten,
741 1662 3172 1771 Dich aufzusuchen und Dir die vielen Grüsse persönlich zu überbringen,
750 1700 3320 1832 die mir, an heftigsten von Frau Eyseldt, an Dich aufgetragen worden sind.
744 1768 3255 1890 Hoffentlich können wir Dich an einem Abend zu Beginn nächster Woche bei
747 1819 3146 1955 uns sehen und bei dieser Gelegenheit auch über den Weihnachtsausflug
747 1880 3281 2013 reden, zu dem grosse Lust vorhanden ist, (Wahrscheinlich aber würden wir
757 1948 3223 2070 erst nach dem in jüdischen Kreisen so heiligen Abend abfahren.) Da wir
750 2006 3194 2125 schon bei den frommen Festen halten, teile ich Dir auch mit, dass ich
750 2061 3185 2209 zum Nicolo den Tristan-Auszug bekommen habe, ihn aber noch spiele wie
757 2177 1224 2283 ein Krampus.-
744 2196 3201 2367 Lass es Dir weiter wohl sein im neu errungenen Glück der Töne - warum
757 2306 3236 2418 suchst Du irgend ein Vorgefühl darin? Eine Seligkeit hat genug zu tun,
757 2383 1877 2518 wenn sie sich selbst bedeutet.-
744 2428 3268 2628 Beigeschlossen der "Puppenspieler", den Bassermann in Berlin wundervoll
760 2566 1571 2702 gegeben haben soll.- X
753 2631 2792 2830 Auf Wiedersehen und herzliche Grüsse auch von meiner Frau
2293 2740 2483 2869 Dein
