3754 4440
770 509 929 639 51)
2182 626 2886 757 Wien, 8.Januar 1904
783 698 1340 822 Lieber Hermann,
2143 734 2886 815 XVIII Spöttelgasse 7
789 786 3216 929 die Adresse des Dr.Stefan Epllstein ist: Paris 78 rue de l'Assomption.
789 890 3382 1008 Er hat Dir wohl auch über dasev. Gastspiel Antoine geschrieben. Seine Frau,
792 972 3284 1050 die neulich in Wien war, fragte mich, auf welche Weise es möglich wäre,
796 1024 3258 1096 die Sezession zu veranlassen einen in Paris lebenden Künstler, Bernhard
789 1079 3251 1161 Hoetger, zu einer Ausstellung seiner Werke einzuladen. Sie schickt Dir
779 1151 3150 1216 nächstens irgend ein französisches Journal, in welchem Hoetgersche
779 1190 1680 1288 Arbeiten abgebildet sind.
776 1243 3245 1399 Morgen fahre ich auf einige Tage auf den Semmering, komme gleich, wenn
789 1376 3176 1481 ich zurück bin, mit Deiner freundlichen Erlaubnis zu Dir, und hoffe,
786 1425 1500 1510 Dich wohl zu finden.
773 1490 2130 1627 Herzliche Grüsse, auch von meiner Frau
2185 1627 2629 1755 Dein Arthur
760 1722 903 1856 52)
760 1846 1494 1973 Mein lieber Hermann,
766 1950 3323 2120 möchtest Du mir ein Wort schreiben, wies Dir geht? Wielang Du in Marbach
770 2068 1308 2156 bleiben wirst?-
766 2156 3274 2276 Anfang Feber fahre ich nach Berlin, den Einsamen Weg habe ich Dir durch
766 2250 2296 2345 Fischer schicken lassen! Herzlichse Grüsse!
753 2312 1109 2446 27.I.904.
2283 2325 2788 2456 Dein getreuer
2746 2413 3007 2531 Arthur
757 2544 890 2671 53)
2120 2547 2642 2697 Wien 1.II.904.
747 2655 1301 2792 Lieber Hermann,
750 2759 3245 2893 aus Deinen Worten scheint mir eher eine üble Stimmung als ein übles Be-
760 2873 3353 2968 finden hervorzugehen - was für den Betroffenen allerdings aufs Gleiche
750 2929 3294 3013 herauskommt. Inmerhin - ohne Ratschlägen und Entschlüssen vorgreifen zu
757 3004 3330 3092 wollen, Deine Idee mit Taormina ist mir sehr sympathisch - besonders weil
757 3056 3199 3147 ich grosse Lust hätte, im April nach Sizilien zu fahren und es mir na-
760 3111 3304 3203 türlich höchst erfreulich wäre, Dich dort zu finden. Wir (meine Frau und
750 3170 2596 3251 ich) möchten gerne zu Schiff von Fiume nach Palermo.
753 3235 3353 3398 -Donnerstag reise ich nach Berlin, wo es sich zeigen soll, wie der Einsame
757 3349 3265 3434 Weg auf der Bühne wirkt. Dass im Gang des Stücks etwas nicht in Ordnung
744 3408 3235 3480 ist, hat mir während der - pft unterbrochenen und ganz neu aufgenommen
747 3470 3353 3578 Arbeit oft geschienen - die gute Wirkung die das Stück im Vorlesen machte,
744 3525 3196 3597 hat mich einigermassen beruhigt-, -Von den eigentlichen Theaterleuten
744 3555 3366 3662 scheint aber keiner ernstlich an einen äusseren Erfolg zu glauben bei all
740 3646 3209 3721 ler möglichen Hochachtung etc.) Mir persönlich sind an dem Stücke werth
744 3688 3294 3799 die Gestalten des Sala und der Johanna-, Ferner der Lauf des vierten und
744 3757 1751 3855 besonders des fünften Aktes.
737 3832 3186 3953 Deine Grüsse werden bestellt, meine Frau dankt Dir herzlich für Deine
740 3920 2733 4018 Grüsse und wünscht Dir gleich mir, alles mögliche Gute.
740 4008 3287 4148 Gelegentlich ein Vort von Dir zu hören wäre mir höchst erwünscht und sehr
753 4122 1047 4227 erbeten.
