3805 4424
791 531 1105 667 45)
748 664 1302 797 Lieber Hermann,
752 723 3198 891 in etwa acht Tagen erscheint in Viener Ved ag der „Reigen“. Ich weiss
755 829 3240 933 nicht ob Du Lust hast darüber zu schreiben. Falls Du aber daran denken
755 885 3243 1014 solltest, wäre es mir natürlich besonders lieb, wenn Deine Ansicht über
758 949 3169 1053 das Buch mit dem Buch zugleich oder gleich nach ihm in die Welt käme
748 959 3360 1128 noch vor dem zu erwartenden Heuchel- und Schimpfohor beleidigter Sittlinge.
761 1072 3305 1218 Das wollt ich Dir schon neulich sagen, Dich aber auch bitten, diese gan-
758 1176 3133 1283 ze Bemerkung als ungesagt oder ungehört zu betrachten, wenn es Dich
761 1228 3208 1364 nicht freut, Dich über die 10 Dialoge vernehmen zu lassen. Ich grüsse
752 1322 1934 1426 Dich von Herzen als Dein getreuer
2608 1319 2867 1442 Arthur
745 1416 1085 1558 28.9.903.
752 1649 881 1779 46)
2012 1707 3246 1853 XVIII Spöttelgasse 7,Wien 9.10.903
748 1759 1315 1886 Lieber Hermann,
761 1824 3211 2002 Reigen lass ich Dir sofort schicken. Ich bin neugierig was die Zensur
768 1931 3214 2035 sagt. Dann werden wir über die Anzahl der Sitze reden, die Du so gütig
768 1941 3370 2093 bist mir in Aussicht zu stellen. In Berlin grüsse mir, wenn Du sie siehst,
768 2048 3285 2164 Brahm, Bassermann, Rittner, Sauer-, -Es handelt sich wohl um Dein neues
774 2100 3246 2219 Stück? Hoffentlich seh ich Dich aber noch vor Deiner Abreise. Entweder
765 2168 3107 2278 komm ich auf eine Viertelstunde zu Dir nach Ob St Veit - oder, man
768 2171 3256 2398 könnte sich, ev. mit Hugo's in Hitzing zu Abend und Abendessen treffen?
768 2326 1322 2427 Herzlichst Dein
1989 2317 2223 2449 Arthur
