3746 4440
806 555 958 713 23)
824 809 1385 938 Lieber Hermann,
835 835 2845 1005 die Verstellung der Schauspielschule von der ich Dir neul-
844 946 3187 1057 sprochen findet Sonntag den 28. April statt.- Und das Fräulein Gusta¬
859 1022 3038 1125 mann wird nicht die Rebekka sondern die Maria Magdalena spielen
844 1078 3094 1180 was vielleicht noch interessanter sein dürfte. Wenn Du also Zeit
841 1131 3009 1239 und Laune hast, möchte ich Dich bitten zu kommen. Den Sitz erb
844 1233 1759 1347 Du jedenfalls zu gesandt.
844 1317 1472 1455 Herzlich grüssend
2062 1312 2872 1502 Dein Arthur Schnitzler
844 1443 1361 1575 Wien 19.4.901.
