3769 4441
2203 475 2636 603 xx 9.2.915.
811 491 994 632 112)
814 596 1388 731 Lieber Hermann,
837 696 3270 824 der Buchhändler Heller teilt mir mit, dass er Deiner verehrten Gattin
840 802 3193 879 geschrieben, ob sie hier nicht zu einem wohltätigen Zweck Schubert-
834 853 3203 933 Lieder singen möchte - und da ich daraufhin mich begreiflicherweise
834 911 3177 991 äusserte: das möchte ich gern hören,- bittet er mich, diesen Wunsch
837 965 3181 1055 diese Sehnsucht (ich teile sie wahrscheinlich mit vielen). Dir durch
837 1016 3193 1129 zu Übermitteln. Das tu ich - in der Empfindung etwas unbescheiden -
837 1061 3280 1177 aber doch Deiner Nachsicht gewiss zu sein. Im übrigen wär es, auch ab-
837 1135 3193 1241 gesehen von den Schubert-Liedern, die Deine Frau so herrlich singen
840 1209 3133 1289 soll, schön, wenn man sich wieder einmal sehen und sprechen könnte
834 1225 3351 1408 in dieser - Zeit, für die das Adjektiv doch erst gefunden werden müsstel
840 1359 2219 1484 Von Herzen mit Grüssen von Haus zu Haus
2222 1401 2671 1510 Dein Arthur.
2571 1501 3056 1648 Wien 26.6.20.
824 1542 1000 1661 113)
824 1638 1385 1779 Lieber Hermann,
837 1731 3283 1869 darf ich Dir Mr. Soofield Thayer vorstellen, Herausgeber der Dxxl,
846 1834 3286 1921 einen der charmantesten und anregensten jungen Amerikaner, die mir be-
837 1853 3376 1988 gegenet sind? Ich sage nicht mehr, denn ich hoffe, Du wirst Dir die Zeit
837 1956 3370 2068 nehmen, Mr. Thayer einmal zu empfangen und ihn so persönlich kennenlernen.
834 2052 2732 2190 Er bringt Dir meineherzlichen Grüsse. Auf Wiedersehen!
2709 2068 3197 2219 Dein getreuer
3168 2129 3411 2270 Arthur
2196 2308 2539 2446 7.2.1921.
837 2341 984 2453 114)
837 2408 1398 2536 Lieber Hermann,
843 2478 3418 2616 Am 20. Feber feiert Popper-Lynkeus seinen 83.Geburtstag. Das fängt wie ein
843 2578 3395 2674 Aufruf an, aber es ist nur eine Bitte. Es wäre von einiger Bedeutung, ins-
846 2632 3383 2748 besondere mit Rücksicht auf die bevorstehende Ausgabe der Popper-Lynkeus
850 2703 3328 2802 schen Werke im Verlag Kola, wenn an diesem Tag von einigen J führenden
853 2754 3235 2850 Geistern die rechten Worte über ihn gesagt würden. Man hat mich ge-
840 2799 3351 2918 beten Dich zu fragen, ob Du vielleicht in Deinem Tagebuch (der 20 Feber
850 2870 3306 2969 ist gerade ein Sonntag) über Popper-Lynkeus, den Du ja, wie ich weiss,
846 2924 3315 3046 liebst undxxx verehrst, schreiben wolltest. Wäre Dir diesmal irgend
850 2979 3344 3084 eine andere Form, ein anderer Rahmen genehm, so steht es natürlich ganz
846 3046 3277 3145 bei Dir. Es wäre von hohem Wert (wie ich glaube auch für den Elan des
859 3088 3424 3254 Verlages) wenn Du am 20. Februar unter denen nicht fehltest, die ein
853 3165 3052 3283 paar Worte über das Werk und das Wesen von Popper-Lynkeus sagen
862 3267 1020 3367 ten.
2187 3286 2273 3360 G.C.F.P
2998 3299 3370 3408 Dich wohl¬
853 3277 2825 3440 Ich höre und lese es auch aus Deinem Tagebuch heraus, da
856 3399 3325 3511 befindest. Hoffentlich habe ich doch bald wieder Gelegenheit mich auch
843 3476 1908 3610 persönlich davon zu überzeugen
1882 3488 2607 3623 Mit herzlichen Grüs
