3805 4424
2802 541 2965 662 G.C.P.
800 528 995 675 41)
857 637 1414 800 Lieber Hermann,
2463 672 2786 793 18.5.903
867 739 3295 889 Du hast jedenfalls auch den Aufruf der Pensionsanstalt Deutscher Jaur
870 848 3244 931 nalisten und Schriftsteller erhalten sowie den Zeichnungsschein für
873 921 3260 1008 jährlichen resp. für einmaligen Beitrag. Da wir nun beide unter diese
867 972 3221 1043 Aufruf unterschrieben sind, möchte ich Dich fragen, wieviel resp. ob
870 1030 3314 1110 Du einmalig oder jährlich zeichnest. Ich habe keine rechte Vorstellung
864 1078 3263 1200 zu vieviel man da ungefähr verpflichtet ist. Entschudlige die Beläst-
860 1142 1065 1232 gung.
857 1212 1232 1353 Herzlichst
2380 1212 2956 1372 Dein Arthur Sch
854 1395 976 1529 42)
848 1507 1375 1638 Lieber Hermann,
2450 1532 2789 1667 24.6.903.
844 1615 3416 1772 Herr Dr.Stefan Epstein (der mit Hrn Lutz zusammen Kakadu ins Französische
848 1724 3317 1814 Übersetzt hat (für Antoine) Paris, 78 rue de l'Assomption, bittet mich
848 1785 3279 1862 Dich zu fragen, ob Du sein Ersuchen betreffs Uebersetzungsrechten des
841 1820 3269 1929 Apostel ins Französische erhalten hast. Vielleicht bist Du so freund-
844 1890 1903 1990 lich ihm direkt zu antworten? -
841 1980 3231 2086 - Mein Bruder nennt mir als einen Arzt der in der neulich von uns be-
854 2079 3266 2182 sprochenen Art seine Patenten zu untersuchen pflegt : Dr.Kovaes. (Ich
841 2124 2201 2220 glaube er kennt ihn nicht persönlich.)
825 2204 1417 2345 Herzlichen Gruss
2290 2300 2473 2418 Dein
825 2453 953 2569 43)
819 2533 1372 2681 Lieber Hermann,
2501 2562 2840 2713 13.7.903.
822 2684 3170 2786 Salten Übermittelt mir Deine freundliche Frage, ob ich was dagegen
825 2757 3237 2847 hätte wenn Du den Reigen öffentlich vorzulesen versuchtest. Im Gegen-
832 2828 3212 2904 teil, es würde mir sehr angenehm sein. Nur werde ich zum ersten Male
819 2860 3272 2988 bedauern - dass ich der Verfasser bin - weil ich nemlich nicht als Zu-
812 2946 3125 3052 hörer meiner eigenen Sachen unter dem Publikum sitzen kann! Auf Wi¬
819 2994 1123 3109 dersehen
2309 3029 2786 3176 Dein getreuer
809 3109 3013 3279 Prächtig war Dein Dalog in der N.D.Ri (Neue Deutsche Rundschau)
803 3276 944 3387 44)
1161 3253 1702 3413 (Ansichtskarte)
2517 3256 2837 3384 20.8.903.
2188 3327 2888 3477 Grandhotel Lavarone
793 3375 1641 3515 Herzlichen Gruss Arthur
