3754 4440
1273 516 1429 678 G.H.F.P.
754 570 919 713 58)
1805 668 2344 811 Wien, 1.1.J05.
754 684 1498 836 Mein lieber Hermann,
767 751 3247 922 Du kannst Dir denken, wie leid es mir und meiner Frau war, dass Du von
760 858 3285 1010 Lueg abfuhrst, ohne dass wir Dich nur begrüssen konnten. Wir haben dort
773 931 3221 1036 ein paar schöne Tage verbracht - und alles genossen - von Burckhardts
763 991 3177 1109 Elavier bis zum Rodein. Schade, schade. Nun auf baldiges Wiederschen,
782 1055 3174 1197 die schönsten Neujahrsgrüsse und Wünsche und für Dein Bild den herz-
767 1147 1340 1238 lichsten Dank.
2034 1191 2461 1346 Dein Arthur
770 1406 912 1533 59)
1647 1495 2480 1641 Wien XVIII, am 23.1.205.
779 1574 1061 1691 «»»»
789 1581 3332 1742 Leider, mein lieber Hermann, hab ich garnichts rechtes lustiges, kurzes,
782 1682 3183 1799 ungedrucktes, zur Laktüre geeignetes - aber sehen möchte ich Dich je
792 1695 3326 1862 eher je lieber. Hoffentlich nächste Woche. Und Sonntag hörst Du Dir wohl
792 1815 2553 1939 auch die Mahler-Lieder an? Wir grüssen Dich beide.
2328 1881 2572 2027 Arthur
779 1907 1349 2072 Herzlichst Dein
789 2081 2262 2227 60) (Ansichtskarte aus Ajacoio) 7.III905.
817 2201 2119 2347 Sei herzlich gegrüsst! Dein Arth Sch.
795 2439 2765 2572 61) (Ansichtskarte vom Semmering) 5.5.905. Südbahnhotel
858 2515 2711 2689 Herzliche Grüsse! Arth Sch. Ebenso! Olga Schnitzler.
2125 2692 2730 2851 Wien 6.Juni 905.
801 2746 909 2848 62
798 2791 1359 2927 Lieber Hermann,
795 2832 3187 3041 ich gratuliere Dir herzlich zun & strigen Erfolg von Sanna. Einiges
814 2962 3152 3082 war mir nach der ersten Lebtüre des Stücks nicht ganz eingeleuchte
805 3025 3019 3158 ist mir gestern schön und ergreifend aufgegangen. Die Aufführung
3072 3019 3174 3082 11
814 3072 3110 3202 etwas ganz einziges, und die Höflich ist - vielleicht nichtsdas
3060 3126 3180 3193 sch.
2772 3129 3000 3199 es tra
817 3145 2772 3259 Genie, aber, nach ihren Entwicklungsmöglichkeiten in alt
805 3183 3136 3323 und heitere Gebiet, der grösste Glücksgall, den die deutsche Bühne
820 3288 1745 3392 seit der Sorma erlebt hat.
811 3339 3079 3510 Ich habe mich sehr gefreut, auch meine Frau lässt Dir von Herzen
814 3478 1327 3601 glückwünschen.
814 3516 3193 3725 Heffentlich seh ich Dich bald. Ich habe ein rechtes Bedürfnis, Dir
817 3662 1197 3766 zu danken.
