3754 4440
709 516 851 638 57)
2141 583 2705 716 Wien 14.12.904.
741 609 1480 751 Mein lieber Hermann,
764 719 3195 832 es beschämt mich fast, dass Du über ein im Ganzen doch ziemlich unbe-
770 780 3304 887 trächtliches Ding wie es der Ruppenspieler ist (er gehörte in den Zyklus
787 861 3156 954 "Lebendige Stunden, aber wegen zu grosser Länge des Abends musste er
758 893 3340 996 zurückgesetzt werden) - so schöne Worte sagst. Vielleicht drücke ich mich
764 970 3262 1067 besser aus, wenn ich sage: anlässlich des Suppenspielers, Dann Deiner
761 1025 3230 1119 Auffassung des kleinen Stückes muss ich widersprechen. Vielleicht habe
764 1080 3279 1183 ich nicht das Recht dazu, denn es werden ja doch wahrscheinlich künstle-
764 1135 3298 1244 rische Mängel der Sache schuld daran sein, dass Du eine Lebensanschauung
767 1202 3230 1283 darin findest, die ich nicht hineinlegen wollte und die mir persönlich
764 1257 3153 1338 fremd ist. Ebenso verhält es sich mit dem Einsamen Weg. Ich stehe so
761 1315 3088 1399 wenig auf Seite des Oboespielers, als ich aufSeiten des Professor
764 1360 3262 1454 Wegrath gestanden habe - freilich auch nicht auf der des Julian und des
758 1428 3259 1518 Puppenspielers. Aber warum? Weil sie eben nicht ganze Kerle sind, keine
761 1483 3095 1586 Leute die - nach der Dir bekannten Anekdote von der alten
764 1531 3185 1634 Streitmann - "brav genug" sind - um alles zu dürfen. Wäre der Puppen-
1908 1583 3340 1702 so brauchte er sich nicht in Lügen einzu-
764 1622 1812 1692 spieler wirklich ein "Grosser"
751 1647 3262 1754 spinnen, um der grössere zu bleiben, wäre Julian wirklich ein Grosser,
761 1725 3150 1812 so würde das Beste seines Wesens nicht mit seiner Jugend auslöschen.
764 1776 3140 1867 Gegen die Herzöge und gegen in Sala's hab ich nichts - und vor den
751 1812 3240 1908 "Grossen Räubern" salutier ich, gleich Dir, in Ehrfurcht. Du hast ganz
758 1873 3298 1986 recht: "Entsagung ist nicht immer Reife".- nur setze ich hinzu: nicht bei
764 1950 3324 2041 allen. Wenn Individuen wie Wegrath in irgend einem Moment ihrer Existenz
767 2012 3298 2089 die Grenzen ihrer Begabung erkennen, - so ist diese Entsagung, wie jede
767 2057 3308 2173 Erkenntnis innere Reife, oder wenigstens ein Symptom innerer Reife. Eben-
770 2124 3288 2211 so ist für den Oboespieler wirklich der "Innere Friede"und die schuldbe-
764 2182 3259 2276 freite Brust das einzig erreichbare Glück. Und dass ein Mensch wie der
787 2244 3253 2328 "Huppenspieler" nicht, wie es eben den Beschränkungen seines Wesens an-
764 2292 3266 2408 gemessen wäre, zu entsagen imstande ist, sich vielmehr dieser Entsagung
764 2360 3262 2456 schämen würde und daher den andern und sich ein falsches Eigenschicksal
770 2386 3333 2524 vorspielt, - ist ein Zeichen, dass er innere Reife nicht erlangte, welche
764 2482 3214 2579 eben nur in Selbsterkenntnis bestehen kann. Es ist also nur natürlich,
764 2524 3298 2634 dass bei manchen Menschen, insbesondere bei klugen, von mässigem Talente
758 2589 3185 2705 und stillem Temperament das was ihnen an innerer Reife überhaupt be-
774 2637 3230 2782 schieden ist, in einer Art von Entsagung " den entsprechenden Ausdruck
761 2743 1035 2837 findet.
767 2811 3233 2921 Wohl denen, dies nicht nötig haben,- wohl uns, die wir wie mir scheint
761 2885 3217 2976 zu diesen gehören- und hoffentlich nicht allein wegen Mangels an Klug-
754 2908 3291 3043 heit. So spricht also nichts dagegen, mein lieber Hermann, dass wir bei-
764 3005 3269 3104 de uns an die Arbeit machen, die Du in meine Hände legst: „Das Werk von
767 3050 3172 3159 der letzten Nacht einer alten Zeit“- Und schliesslich können es auch
1173 3140 1589 3233 Werke sein.
767 3140 1138 3230 andere
845 3201 1151 3266 Mahler
761 3188 3349 3330 Zu xxxx haben wir noch Sitze bekommen so seh ich Dich hoffentlich auch
758 3285 3214 3388 heute abend. Jedenfalls aber sage oder schreibe mir pneumatisch, ob Du
764 3359 2830 3491 vielleicht Lust hättest, am Samstag bei uns zu m chtmahlen.
751 3459 1496 3598 Herzliche Der Deine
2182 3488 2431 3630 Arthur
767 3604 3143 3810 Olga grüsst Dich herzlich und sagt Dir, dass sie von dem was Du an-
767 3698 2508 3862 lässlich des P. geschrieben hast, erschüttert war.
