3668 4423
833 486 2006 656 (zu Brief 63), Wien, 30.7.905.) :
1091 621 3233 716 "Die bekannte geladene Flinte"- Anspielung auf eine Anekdote.
1085 665 3346 788 Ein junger Autor liest dem Særden ein Stück vor. Zu Beginn tritt
577 659 880 826 Sumas
1312 754 3154 842 unger Mensch auf, der eine Flinte gegen die Wand lehnt
1176 807 3198 934 unterbricht mit der Frage: “Was wird mit dieser Flinte
1176 864 2854 962 üter geschehen?“- Der Autor erstaunt: “Nichts."-
574 804 842 975 Srimas
3261 886 3362 1012 in
1091 934 3233 1050 das Stück nicht gut, denn alles, auch das Geringfügtste, muss
1072 1003 2555 1113 Beziehung zum Zentrum des Stückes stehen.
2154 1265 2507 1369 17.9.905,
852 1258 990 1394 64)
836 1381 1400 1504 Lieber Hermann,
845 1473 3170 1643 für den Fall, dass ich Dich nicht zu Hause treffe, schreibe ich Dir
848 1580 1243 1687 gleich.
1539 1608 1630 1706 G.F.P.
1091 1646 1284 1716 u.
855 1643 3318 1766 Das gedrukte Stück "Zwischenspiel" und "Der Ruf des Lebens" liegen hier
848 1735 3296 1839 bei. Ueber das erstere ist weiter nichts zu sagen.- Lies es bitte und
855 1791 2971 1902 betrachte es im übrigen vorläufig sorgfältig als Manuskript.
855 1886 3258 2003 Am "Ruf des Lebens" ist noch einiges Wenige zu machen. Ich bringe es
858 1965 3289 2059 Dir schon heute, weil ich die Frage an Dich richten möchte, ob Du die
855 2012 3384 2119 Widmung des Buches annehmen willste? Es ist vielleicht in dem Stück eine
852 2088 3217 2198 Ahnung von dem Wunsch erfüllt, den Du anlässlich des Ruppenspielers
858 2163 1709 2264 öffentlich aussprachst.-
852 2217 3217 2343 Schreibe mir bitte ein Wort, wannwir zusammen sein könnten. Möchtest
852 2290 3318 2425 Du nicht einmal bei uns nachtmahlen? Auch meine Frau, würde sich so sehr
861 2368 3261 2488 freuen. Oder wenn Dir die Spöttelgasse unbequem, Hietzing? Man sieht
858 2435 2703 2577 einander doch gar zu wenig! Ich grüsse Dich herzlich
2665 2532 2851 2637 Dein
848 2728 1082 2845 64) a
2050 2753 2428 2886 18.9.J05.
845 2816 1413 2968 Lieber Hermann,
842 2920 3125 3037 herzlichen Dank für Deinen Brief. Es ist mir sehr wahrscheinlich
861 3009 2987 3113 dass Du in Deinem Bedenken gegen den 2. Act recht hast - vielleicht
3182 3028 3283 3122 te.
861 3069 2753 3166 spricht sogar dafür, dass beim Verlesen immer am st
864 3125 2640 3220 Ob es aber in der Oekonomie gerade dieses Stückes
864 3195 2851 3293 es mir eben eingefallen ist) möglich ist, gestattet ist.
858 3236 2750 3343 dieses Actes, deren (wenn ich den Ausdruck erfinden da
861 3299 2630 3412 nicht allein im Unvermögen des Autors begründet li
864 3362 2741 3475 das ist die Frage. (Bisher hat von allen Figuren immer
861 3428 2132 3551 stärksten gewirkt. Nun ja, gewirkt.
858 3457 3274 3630 Freitag fahr ich vielleicht auf drei bis sechs Tage fort. Aber dann
861 3576 2936 3699 muss man sich doch wirklich endlich, endlich sehen. Das Mar-
864 3646 3170 3769 schicke mir gelegentlich, da ich nur ein Exemplar daheim habe, und
867 3740 1646 3857 wieder fortschicken xxx
848 3816 1422 3971 Herzlichst Dein
