3765 4440
1301 571 1511 693 1 1
2921 533 3118 672 1
499 635 611 774 3)
509 808 1090 958 Lieber Hermann,
520 859 3223 1036 hier ist also die Hovelle. Ich habe viel gestrichen, fürchte aber noch immer
530 951 3182 1094 daß sie zu lang ist. In diesem Falle hätte ich nichts dagegen, dass sie im
523 988 3233 1158 kleinerem Drucke erscheint. (Wie sz Saar). Findest Du noch Stellen, die Du für
537 1060 3162 1209 entbehrlich hältst, so gib sie mir vielleicht an, streiche aber keinesfall
543 1111 3274 1267 selbst. Auch wenn Dir ein virksamerer Titel einfiele, so wäre mir das sehr will
530 1263 852 1369 kommen.-
526 1270 3257 1437 Kannst Du die Geschichte nicht brauchen, so behalte das Manuskript jedenfalls
540 1355 3230 1505 freundlichst bei Dir, bis ich nach Wien zurückkehre. Nachrichten erbitte ich
537 1409 3233 1579 mir an untenstehende Adresse. Richard sagt mir übrigens, dass Du bald wieder
533 1484 2771 1651 herkommst, da sprechen wir uns wohl, was mich sehr freuen wird.
533 1617 1539 1776 Herzliche Grüsse von Deinem
2262 1678 2612 1810 erg A Sch
533 1769 1555 1963 17.7.95. Ischl, Rudolfshöhe.
