3404 4440
1634 617 2040 748 8.10.1910.
540 617 675 748 99)
547 742 1106 873 Lieber Hermann,
563 831 2552 972 ein gevisser Dr. Cesare Levi möchte Dein Konzert ins Italb
2427 924 2558 994 in
553 934 2136 1014 setzen. Zu seiner Empfehlung kann ich nur sag
560 982 2436 1074 setzung einige meiner Einakter in Italien aufgeführt
2708 806 2855 1132 lt.
576 1046 2488 1132 seither eine wahre Flut von Lire auf mich niederströmt.
556 1113 1723 1202 Vierteljahr waren es vierzehn.
550 1193 1813 1337 Nächstens bekomst Du den Medardus.
1944 1298 2114 1429 Arth
544 1321 1122 1464 Herzlichst Dein
1739 1528 2139 1666 17.11.1910.
2177 1522 2309 1650 G.F.P
547 1564 726 1691 100)
2142 1637 2334 1714 G.H.F.P.
560 1666 1119 1803 Lieber Hermann,
569 1771 3111 1883 schönsten Dank für Deinen lieben Brief. Jedenfalls tut es mir leid, dass
569 1851 3002 1947 Du nicht über mein Stück schreiben wirst, denn was immer Du unter den
569 1903 2990 2005 Unannehmlichkeiten verstehst, die darauf für Dich, für mich. für alle
566 1941 3095 2062 Beteiligten folgen könnten, für mich wären sie jedenfalls durch das Ver-
563 2011 3108 2133 gnügen reichlich aufgewogen eine ausführliche Darlegung Deiner mir immer
566 2069 3124 2181 wertvollen Meinungen zu lesen. Ueberdies erscheint das Stück etwa acht Ta-
569 2126 3105 2245 ge vor der Premiere im Buchhandel, so dass eine Aeusserung über das Verk
563 2171 3130 2299 als solches ohne Rücksicht auf die Darstellung nicht als unstatthaft auf-
569 2267 1362 2382 gefasst werden könnte.
569 2321 3118 2475 Das Missverständnis, das Du befürchtest, ich hätte in dem Medardus einen
572 2421 2964 2520 targischen Helden zeichnen wollen, kann meines Erachtens als solches
576 2452 3143 2600 überhaupt nicht auftreten. Dass Viele sich so stellen werden, als glaubten
576 2539 3006 2648 sie, ich selber hielte den Medardus, für einen tragischen Helden, ist
569 2587 3134 2708 hingegen selbstverständlich. In dieser Voraussicht war ich nahe daran der
560 2660 3070 2763 Buchausgabe ein kurzes Geleitwort mitzugeben ungefähr des folgenden In-
566 2708 3054 2823 halts!"Es ist mir bekannt, dass dieses Drück sehr lang und dass der Me-
582 2766 3140 2878 dardus ein ausnehmend inkonsequentes Subjekt ist" (Darum passieren ihm ja
572 2830 3114 2945 so sonderbare Dinge.) Aber am Ende sind in dem Drama selbst so klare An-
582 2884 2916 2996 sichten über das Wesen des Medardus ausgesprochen, hauptsächlich die
566 2942 2491 3054 Eschenbacher, durch Etzelt und auch durch die Frau Kläl
576 3015 2190 3124 stand, der sich durch die dramatische Historie
579 3076 2149 3178 se, auch mit einem solchen Vorwert nichts an
582 3140 2235 3229 ich mich mit Dir eines Sinnes, wenn ich behaupt
576 3191 2229 3297 Autorverpflichtet ist in den Mittelpunkt seiner
576 3249 2312 3354 genannten tragischen Helden hineinzustellen. Der
582 3293 2491 3405 tischen Sinne so wenig als der Oswald, der Prinz von Ho
2389 3351 2481 3421 Y0
579 3357 2318 3460 der Tasso. Dies sind natürlich Beispiele nicht etwa
576 3428 2360 3517 Zweifel übrigend, dass sich der Autor nach deser Ri
569 3501 1480 3600 lauben darf je verstorben
576 3562 1471 3652 langt, dass das Publikum
576 3620 1458 3728 geschrieben habe, so ist
582 3680 1509 3776 nicht durchaus als Befürch
585 3744 1551 3824 sehr viel gestrichen, sondern
588 3792 1455 3882 Kompromisse ohne die auch
627 3856 1474 3946 Bühne nicht hätten halten
1298 3911 1439 3984 ich
588 3917 1110 4026 können. Leider
604 3994 1244 4086 An dem Burgtheater.
