3774 4424
1944 488 2315 649 18.V.907.
611 529 835 666 78)
605 629 1209 783 Lieber Hermann,
608 708 2628 862 Band I mit Dank erhalten. (Du hast doch hoffentlich Band
1937 814 2504 893 e Veit senden liegt.
1590 824 1851 924 nach Ob
622 845 1566 958 vor Deiner Abreise per Post
611 890 2315 1099 Kann ich nächstens einmal vormittags zu Dir hina
656 1079 763 1223 P.S.
2727 1103 2892 1237 thur.
666 1192 824 1261 G.F.P.
2789 1219 2875 1288 G.F.P.
1821 1295 2178 1429 20.V.907.
625 1364 766 1491 79)
2672 1511 2796 1580 G.F.P.
2233 1463 2456 1587 G.C.F.P.
1388 1470 1955 1608 xxx xxxn wird xxx
625 1529 1178 1663 Lieber Hermann,
2192 1511 2775 1642 e ee e m même r ou une
1278 1584 2174 1656 an Schlusxxx xxx finden, xxx
635 1559 3263 1738 garnichts wichtiges. Vollte Dich nur wieder einmal sehen. Schreib mir, wann
632 1673 3294 1786 Du wieder aus Deiner Welt emportauchst. Vielleicht fahren wir Ende der Woche
635 1724 3390 1869 auf ein paar Tage in die Brühl. Da hast hoffentlich Deine Meeresvilla gefunden.
625 1824 2181 1937 Brehm behalt natürlich so lang Du willst.
1735 1876 1858 1941 G.H.F.P.
1879 1869 2408 2003 Dein
625 1941 1065 2075 Von Herzen
2188 1958 2511 2051 Arthur.
1869 2161 2267 2319 9.VII.907.
639 2236 766 2329 80)
635 2312 1195 2466 Lieber Hermann,
635 2408 3250 2542 beifolgenden Visch erhielt ich nachgesandt. Ich beabsichtige nicht zu antä-
2848 2484 3250 2563 ung dazu be¬
646 2494 2813 2607 worten, aber man sagt mir, dass unerhörterweise eine Verpflich
649 2501 3349 2666 steht. Ich würde sagen, dass ich keine Ahnung habe. Aber vielleicht wünschest
639 2593 3353 2769 Du selbst irgend eine andere Antwort. Bitte teilte mir mit, was Du für recht
639 2683 2157 2817 hältst und schicke mir das Formular zurück.
646 2724 3322 2903 Ich wollte Dich selbst besuchen, komme aber in den allernächsten Tagen nicht
653 2844 2576 2982 dazu. Daher ist diese briefliche Erledigung notwendig.
635 2906 2463 3095 Die Tour war sehr schön-, Hugo ist noch ein paar Tag
649 3109 1030 3236 Von Herzen
