<?xml version="1.0" encoding="UTF-8" standalone="yes"?>
<PcGts xmlns="http://schema.primaresearch.org/PAGE/gts/pagecontent/2013-07-15" xmlns:xsi="http://www.w3.org/2001/XMLSchema-instance" xsi:schemaLocation="http://schema.primaresearch.org/PAGE/gts/pagecontent/2013-07-15 http://schema.primaresearch.org/PAGE/gts/pagecontent/2013-07-15/pagecontent.xsd">
    <Metadata>
        <Creator>prov=READ-COOP:name=TrHtr:version=2.1.0:model_id=51170:date=24_07_2023_19:33</Creator>
        <Created>2023-05-01T21:47:51.821+02:00</Created>
        <LastChange>2023-07-24T19:33:59.012+02:00</LastChange>
        <TranskribusMetadata docId="1416397" pageId="54944626" pageNr="52" tsid="130566513" status="IN_PROGRESS" userId="64420" imgUrl="https://files.transkribus.eu/Get?id=JHWWTRLOURNSIRQHUEIBPLYR&amp;fileType=view" xmlUrl="https://files.transkribus.eu/Get?id=QFZBQHCQQOWYDXICAWACLBGI" imageId="44448712"/>
    </Metadata>
    <Page imageFilename="1416397_0052.jpg" imageWidth="3816" imageHeight="4408">
        <ReadingOrder>
            <OrderedGroup id="ro_1711833277671" caption="Regions reading order">
                <RegionRefIndexed index="0" regionRef="tr_1"/>
            </OrderedGroup>
        </ReadingOrder>
        <TextRegion id="tr_1" custom="readingOrder {index:0;}">
            <Coords points="794,448 3446,448 3446,3614 794,3614"/>
            <TextLine id="tr_1_tl_1" custom="readingOrder {index:0;}">
                <Coords points="775,528 824,548 850,522 968,542 1119,506 1172,535 1231,512 1316,519 1320,423 1264,404 1244,420 1182,410 1123,443 1044,420 1004,453 955,420 824,453 775,443"/>
                <Baseline points="794,513 833,507 878,507 922,507 967,504 1012,504 1057,501 1102,498 1146,498 1191,498 1236,501 1281,501 1325,504"/>
                <TextEquiv>
                    <Unicode>95 (Fortsetzung)</Unicode>
                </TextEquiv>
            </TextLine>
            <TextLine id="tr_1_tl_2" custom="readingOrder {index:1;}">
                <Coords points="775,686 3328,650 3312,515 778,535"/>
                <Baseline points="794,683 830,680 875,677 919,677 964,674 1009,674 1054,674 1099,674 1143,671 1188,671 1233,668 1278,668 1322,668 1367,668 1412,665 1457,668 1502,665 1546,662 1591,662 1636,660 1681,657 1726,657 1770,654 1815,654 1860,651 1905,651 1950,651 1994,651 2039,648 2084,645 2129,645 2174,645 2218,645 2263,645 2308,645 2353,645 2398,642 2442,645 2487,636 2532,636 2577,636 2622,636 2666,633 2711,636 2756,633 2801,630 2846,627 2890,630 2935,627 2980,627 3025,627 3070,624 3114,624 3159,624 3204,624 3249,624 3294,621 3338,618"/>
                <TextEquiv>
                    <Unicode>hardt eine endgiltige Entscheidung zu kriegen.) - Die Komtesz Missi wird</Unicode>
                </TextEquiv>
            </TextLine>
            <TextLine id="tr_1_tl_3" custom="readingOrder {index:2;}">
                <Coords points="788,745 3161,699 3161,637 791,686"/>
                <Baseline points="806,740 839,737 883,734 928,734 973,734 1018,734 1063,734 1107,734 1152,728 1197,728 1242,728 1287,725 1331,725 1376,722 1421,722 1466,722 1511,722 1555,719 1600,716 1645,716 1690,716 1735,710 1779,710 1824,713 1869,710 1914,710 1959,710 2003,713 2048,710 2093,707 2138,707 2183,701 2227,701 2272,704 2317,704 2362,692 2407,692 2451,695 2496,692 2541,692 2586,689 2631,689 2675,686 2720,689 2765,686 2810,686 2855,686 2899,686 2944,683 2989,683 3034,680 3079,680 3123,680 3168,680"/>
                <TextEquiv>
                    <Unicode>nun doch nicht zu Deinem "Konsert" gegeben, der Abend würde zu lange</Unicode>
                </TextEquiv>
            </TextLine>
            <TextLine id="tr_1_tl_4" custom="readingOrder {index:3;}">
                <Coords points="791,801 3112,765 3171,696 791,748"/>
                <Baseline points="809,797 848,794 892,794 937,794 982,794 1027,794 1072,791 1116,788 1161,785 1206,785 1251,785 1296,782 1340,782 1385,779 1430,779 1475,779 1520,782 1564,776 1609,776 1654,776 1699,773 1744,773 1788,773 1833,770 1878,767 1923,767 1968,767 2012,767 2057,767 2102,764 2147,761 2192,758 2236,758 2281,755 2326,755 2371,755 2416,752 2460,752 2505,752 2550,752 2595,752 2640,752 2684,749 2729,746 2774,746 2819,746 2864,743 2908,743 2953,740 2998,737 3043,734 3087,737 3132,734 3177,734"/>
                <TextEquiv>
                    <Unicode>schreibt Brahm. Dabei hatt ich schon an den Münchner Speidel schreibe</Unicode>
                </TextEquiv>
            </TextLine>
            <TextLine id="tr_1_tl_5" custom="readingOrder {index:4;}">
                <Coords points="2967,807 3010,811 3023,801 3066,807 3082,798 3105,804 3128,791 3151,794 3154,752 3125,748 3099,765 3089,752 3059,745 3040,752 2971,745"/>
                <Baseline points="2986,797 3025,794 3070,791 3114,791 3159,791"/>
                <TextEquiv>
                    <Unicode>len=</Unicode>
                </TextEquiv>
            </TextLine>
            <TextLine id="tr_1_tl_6" custom="readingOrder {index:5;}">
                <Coords points="788,860 2705,821 2790,752 788,801"/>
                <Baseline points="806,857 824,854 869,854 913,854 958,851 1003,851 1048,851 1093,848 1137,845 1182,845 1227,842 1272,842 1317,842 1361,842 1406,842 1451,836 1496,836 1541,836 1585,833 1630,836 1675,833 1720,833 1764,836 1809,830 1854,830 1899,827 1944,824 1988,821 2033,824 2078,824 2123,818 2168,815 2212,815 2257,815 2302,812 2347,806 2392,806 2436,806 2481,806 2526,806 2571,806 2616,803 2660,806 2705,803 2750,803 2795,803"/>
                <TextEquiv>
                    <Unicode>lassen, er möchte auch womöglich die zwei Stücke zusammen</Unicode>
                </TextEquiv>
            </TextLine>
            <TextLine id="tr_1_tl_7" custom="readingOrder {index:6;}">
                <Coords points="788,922 3154,922 3158,798 791,863"/>
                <Baseline points="806,916 830,913 875,910 919,913 964,910 1009,910 1054,907 1099,904 1143,904 1188,907 1233,904 1278,901 1322,898 1367,901 1412,898 1457,898 1502,895 1546,892 1591,889 1636,889 1681,886 1726,886 1770,889 1815,889 1860,886 1905,889 1950,886 1994,886 2039,883 2084,878 2129,878 2174,875 2218,875 2263,872 2308,869 2353,872 2398,875 2413,872 2445,869 2490,866 2535,863 2580,866 2625,863 2669,863 2714,863 2759,863 2804,860 2849,860 2893,857 2938,854 2983,854 3028,851 3073,848 3117,851 3162,848"/>
                <TextEquiv>
                    <Unicode>hat Speidel aber die Komtess wegen Frivolität, Kinderkriegen und Li-</Unicode>
                </TextEquiv>
            </TextLine>
            <TextLine id="tr_1_tl_8" custom="readingOrder {index:7;}">
                <Coords points="785,988 922,1018 988,978 1257,1021 1320,995 1500,1014 1579,998 1582,903 785,922"/>
                <Baseline points="803,973 827,973 872,970 916,970 961,967 1006,964 1051,964 1096,964 1140,964 1185,964 1230,964 1275,958 1320,958 1364,955 1409,955 1454,955 1499,955 1543,952 1588,949"/>
                <TextEquiv>
                    <Unicode>haber-haben refusiert.</Unicode>
                </TextEquiv>
            </TextLine>
            <TextLine id="tr_1_tl_9" custom="readingOrder {index:8;}">
                <Coords points="788,1096 3260,1034 3233,952 791,988"/>
                <Baseline points="806,1087 848,1087 892,1084 937,1084 982,1084 1027,1081 1072,1081 1116,1078 1161,1078 1206,1078 1251,1078 1296,1075 1340,1072 1385,1072 1430,1069 1475,1069 1520,1069 1564,1069 1609,1069 1654,1066 1699,1063 1744,1060 1788,1057 1833,1057 1878,1054 1923,1054 1968,1054 2012,1051 2057,1051 2102,1051 2147,1051 2192,1051 2236,1048 2281,1045 2326,1048 2371,1048 2416,1045 2460,1042 2505,1045 2550,1042 2595,1039 2640,1039 2684,1036 2729,1036 2774,1036 2819,1033 2864,1033 2908,1030 2953,1027 2998,1027 3043,1027 3087,1024 3132,1024 3177,1021 3222,1018 3267,1018"/>
                <TextEquiv>
                    <Unicode>Die Hoffnung, Dich wieder einmal zu sprechen, geb ich noch immer nicht</Unicode>
                </TextEquiv>
            </TextLine>
            <TextLine id="tr_1_tl_10" custom="readingOrder {index:9;}">
                <Coords points="798,1162 3427,1119 3430,1001 798,1100"/>
                <Baseline points="815,1146 839,1143 883,1143 928,1143 973,1143 1018,1140 1063,1140 1107,1137 1152,1137 1197,1134 1242,1131 1287,1131 1331,1131 1376,1131 1421,1128 1466,1125 1511,1125 1555,1122 1600,1122 1645,1119 1690,1113 1735,1116 1779,1116 1824,1116 1869,1116 1914,1116 1959,1113 2003,1113 2048,1110 2093,1107 2138,1107 2183,1104 2227,1104 2272,1104 2317,1104 2362,1102 2407,1102 2451,1099 2496,1099 2541,1099 2586,1096 2631,1093 2675,1096 2720,1096 2765,1096 2810,1093 2855,1090 2899,1090 2944,1087 2989,1084 3034,1084 3079,1084 3123,1081 3168,1081 3213,1081 3258,1078 3303,1081 3347,1078 3392,1075 3437,1075"/>
                <TextEquiv>
                    <Unicode>auf. Vielleicht auf dem Schmering. Und dass Du den Leuten allen schon so viel</Unicode>
                </TextEquiv>
            </TextLine>
            <TextLine id="tr_1_tl_11" custom="readingOrder {index:10;}">
                <Coords points="794,1208 2619,1159 2915,1241 3263,1198 3266,1090 798,1162"/>
                <Baseline points="812,1203 851,1200 895,1200 940,1200 985,1197 1030,1197 1075,1194 1119,1194 1164,1191 1209,1191 1254,1191 1299,1188 1343,1188 1388,1188 1433,1185 1478,1179 1523,1185 1567,1182 1612,1179 1657,1179 1702,1176 1747,1176 1791,1173 1836,1173 1881,1173 1926,1170 1971,1167 2015,1167 2060,1164 2105,1164 2150,1164 2195,1164 2239,1164 2284,1164 2329,1161 2374,1158 2419,1161 2463,1161 2508,1158 2553,1155 2598,1152 2643,1152 2687,1152 2732,1152 2777,1149 2822,1149 2866,1149 2911,1146 2956,1143 3001,1140 3046,1140 3090,1140 3135,1140 3180,1140 3225,1137 3270,1137"/>
                <TextEquiv>
                    <Unicode>von mir erzählst, dank ich Dir von Herzen. Wir grüssen alle aufs Beste</Unicode>
                </TextEquiv>
            </TextLine>
            <TextLine id="tr_1_tl_12" custom="readingOrder {index:11;}">
                <Coords points="794,1310 1352,1313 1448,1254 2025,1326 2665,1264 2619,1159 798,1211"/>
                <Baseline points="812,1266 839,1260 883,1260 928,1260 973,1260 1018,1257 1063,1254 1107,1254 1152,1254 1197,1254 1242,1251 1287,1248 1331,1248 1376,1248 1421,1245 1466,1245 1511,1242 1555,1239 1600,1239 1645,1239 1690,1236 1735,1236 1779,1233 1824,1233 1869,1233 1914,1230 1959,1230 2003,1227 2048,1224 2093,1227 2138,1224 2183,1224 2227,1224 2272,1221 2317,1221 2362,1218 2407,1218 2451,1218 2496,1218 2541,1215 2586,1212 2631,1212 2675,1215"/>
                <TextEquiv>
                    <Unicode>und wollen auch Deiner verehrten Frauenpfohlen sein.</Unicode>
                </TextEquiv>
            </TextLine>
            <TextLine id="tr_1_tl_13" custom="readingOrder {index:12;}">
                <Coords points="2324,1372 2580,1346 2705,1398 2846,1362 3026,1398 3086,1366 3089,1264 2997,1244 2879,1274 2787,1228 2324,1280"/>
                <Baseline points="2341,1340 2377,1337 2422,1334 2466,1334 2511,1334 2556,1334 2601,1331 2645,1328 2690,1325 2735,1325 2780,1322 2825,1322 2869,1322 2914,1320 2959,1320 3004,1317 3049,1317 3093,1317"/>
                <TextEquiv>
                    <Unicode>Dein getreuer Arthur.</Unicode>
                </TextEquiv>
            </TextLine>
            <TextLine id="tr_1_tl_14" custom="readingOrder {index:13;}">
                <Coords points="2455,1645 2521,1638 2590,1671 2636,1671 2665,1648 2708,1664 2731,1654 2751,1671 2774,1658 2856,1664 2856,1572 2780,1536 2639,1526 2587,1556 2514,1549 2455,1523"/>
                <Baseline points="2472,1621 2505,1618 2550,1618 2595,1618 2640,1618 2684,1615 2729,1615 2774,1615 2819,1615 2864,1618"/>
                <TextEquiv>
                    <Unicode>22.12.909.</Unicode>
                </TextEquiv>
            </TextLine>
            <TextLine id="tr_1_tl_15" custom="readingOrder {index:14;}">
                <Coords points="798,1717 824,1707 834,1717 847,1717 857,1707 876,1710 890,1697 903,1704 913,1697 936,1697 929,1582 899,1585 893,1579 880,1592 853,1582 817,1605 791,1608"/>
                <Baseline points="812,1666 857,1666 901,1669 940,1672"/>
                <TextEquiv>
                    <Unicode>96)</Unicode>
                </TextEquiv>
            </TextLine>
            <TextLine id="tr_1_tl_16" custom="readingOrder {index:15;}">
                <Coords points="794,1819 1067,1802 1096,1825 1165,1799 1215,1819 1297,1792 1333,1815 1438,1799 1487,1828 1520,1819 1523,1684 1448,1664 1316,1704 1267,1674 1152,1697 1106,1674 995,1713 899,1677 844,1717 794,1710"/>
                <Baseline points="812,1776 857,1776 901,1776 946,1779 991,1779 1036,1773 1081,1773 1125,1770 1170,1770 1215,1767 1260,1767 1305,1767 1349,1764 1394,1764 1439,1764 1484,1764 1529,1770"/>
                <TextEquiv>
                    <Unicode>Mein lieber Hermann,</Unicode>
                </TextEquiv>
            </TextLine>
            <TextLine id="tr_1_tl_17" custom="readingOrder {index:16;}">
                <Coords points="804,1907 3246,1851 3335,1756 804,1828"/>
                <Baseline points="821,1893 836,1893 881,1893 925,1890 970,1890 1015,1890 1060,1887 1104,1890 1149,1887 1194,1884 1239,1884 1284,1881 1328,1881 1373,1878 1418,1878 1463,1878 1508,1875 1552,1875 1597,1875 1642,1875 1687,1872 1732,1872 1776,1872 1821,1869 1866,1866 1911,1866 1956,1866 2000,1863 2045,1860 2090,1860 2135,1857 2180,1857 2224,1857 2269,1854 2314,1854 2359,1854 2404,1851 2448,1851 2493,1851 2538,1848 2583,1848 2628,1845 2672,1845 2717,1845 2762,1842 2807,1842 2852,1839 2896,1839 2941,1839 2986,1836 3031,1833 3076,1833 3120,1833 3165,1833 3210,1833 3255,1830 3300,1830 3344,1824"/>
                <TextEquiv>
                    <Unicode>wenns Dir nicht unbequem ist, möcht ich etwa am Dienstag (28.) vormittag</Unicode>
                </TextEquiv>
            </TextLine>
            <TextLine id="tr_1_tl_18" custom="readingOrder {index:17;}">
                <Coords points="814,1973 2324,1914 2633,2019 3381,2015 3443,1815 817,1894"/>
                <Baseline points="833,1962 848,1959 892,1953 937,1953 982,1950 1027,1947 1072,1944 1116,1947 1161,1941 1206,1944 1251,1944 1296,1941 1340,1941 1385,1938 1430,1938 1475,1938 1520,1935 1564,1935 1609,1935 1654,1929 1699,1929 1744,1926 1788,1926 1833,1926 1878,1923 1923,1923 1968,1920 2012,1920 2057,1917 2102,1917 2147,1914 2192,1914 2236,1914 2281,1911 2326,1911 2371,1911 2416,1908 2460,1908 2505,1908 2550,1908 2595,1905 2640,1905 2684,1905 2729,1902 2774,1902 2819,1899 2864,1896 2908,1893 2953,1893 2998,1893 3043,1890 3087,1890 3132,1890 3177,1890 3222,1890 3267,1890 3311,1884 3356,1881 3401,1881 3446,1881"/>
                <TextEquiv>
                    <Unicode>(nach 11) auf eine lang erwünschte Plauderstunde zu Dir hinauskommen. Wenns</Unicode>
                </TextEquiv>
            </TextLine>
            <TextLine id="tr_1_tl_19" custom="readingOrder {index:18;}">
                <Coords points="807,2048 2327,2035 2354,1927 807,1963"/>
                <Baseline points="824,2015 839,2012 883,2012 928,2009 973,2009 1018,2006 1063,2009 1107,2006 1152,2003 1197,2003 1242,2003 1287,2000 1331,2000 1376,1997 1421,1997 1466,1994 1511,1991 1555,1994 1600,1991 1645,1991 1690,1991 1735,1988 1779,1985 1824,1985 1869,1985 1914,1983 1959,1983 2003,1980 2048,1977 2093,1977 2138,1977 2183,1974 2227,1974 2272,1974 2317,1971 2362,1971"/>
                <TextEquiv>
                    <Unicode>erlaubt ist, brauchst Du nicht zu antworten.</Unicode>
                </TextEquiv>
            </TextLine>
            <TextLine id="tr_1_tl_20" custom="readingOrder {index:19;}">
                <Coords points="801,2150 2439,2186 2406,2019 804,2052"/>
                <Baseline points="818,2129 836,2126 881,2126 925,2129 970,2126 1015,2126 1060,2126 1104,2123 1149,2123 1194,2123 1239,2123 1284,2123 1328,2120 1373,2120 1418,2117 1463,2117 1508,2114 1552,2111 1597,2108 1642,2108 1687,2105 1732,2105 1776,2105 1821,2105 1866,2102 1911,2099 1956,2099 2000,2096 2045,2096 2090,2096 2135,2093 2180,2093 2224,2090 2269,2090 2314,2087 2359,2087 2404,2087 2448,2090"/>
                <TextEquiv>
                    <Unicode>Herzlichst, mit guten Grüssen von Haus zu Haus</Unicode>
                </TextEquiv>
            </TextLine>
            <TextLine id="tr_1_tl_21" custom="readingOrder {index:20;}">
                <Coords points="2449,2180 2495,2173 2534,2189 2570,2163 2613,2163 2616,2075 2583,2071 2573,2081 2557,2075 2508,2081 2498,2075 2465,2094 2449,2094"/>
                <Baseline points="2466,2141 2487,2141 2532,2138 2577,2138 2622,2138"/>
                <TextEquiv>
                    <Unicode>Dein</Unicode>
                </TextEquiv>
            </TextLine>
            <TextLine id="tr_1_tl_22" custom="readingOrder {index:21;}">
                <Coords points="2580,2222 2646,2249 2715,2235 2731,2222 2767,2235 2813,2229 2856,2245 2859,2140 2826,2124 2797,2134 2761,2127 2734,2143 2721,2130 2682,2137 2669,2127 2626,2137 2610,2153 2583,2150"/>
                <Baseline points="2598,2204 2640,2198 2684,2195 2729,2195 2774,2195 2819,2195 2864,2198"/>
                <TextEquiv>
                    <Unicode>Arthur,</Unicode>
                </TextEquiv>
            </TextLine>
            <TextLine id="tr_1_tl_23" custom="readingOrder {index:22;}">
                <Coords points="2639,2357 2695,2327 2810,2334 2846,2360 2944,2360 2964,2340 3030,2327 3033,2212 2958,2232 2898,2209 2833,2239 2813,2226 2767,2239 2747,2222 2715,2239 2642,2242"/>
                <Baseline points="2657,2308 2681,2311 2726,2311 2771,2311 2816,2308 2861,2308 2905,2305 2950,2302 2995,2302 3040,2305"/>
                <TextEquiv>
                    <Unicode>18.9.1910.</Unicode>
                </TextEquiv>
            </TextLine>
            <TextLine id="tr_1_tl_24" custom="readingOrder {index:23;}">
                <Coords points="798,2373 975,2416 1910,2390 1976,2380 1979,2245 1750,2232 1674,2271 1241,2235 1162,2275 1027,2242 919,2288 801,2258"/>
                <Baseline points="815,2365 818,2365 863,2362 907,2365 952,2362 997,2362 1042,2359 1087,2356 1131,2353 1176,2350 1221,2350 1266,2350 1311,2350 1355,2347 1400,2347 1445,2347 1490,2344 1535,2344 1579,2344 1624,2341 1669,2338 1714,2338 1759,2338 1803,2338 1848,2335 1893,2335 1938,2335 1983,2332"/>
                <TextEquiv>
                    <Unicode>97) (Ansichtskarte aus Darmstadt)</Unicode>
                </TextEquiv>
            </TextLine>
            <TextLine id="tr_1_tl_25" custom="readingOrder {index:24;}">
                <Coords points="801,2511 3282,2478 3433,2452 3433,2337 801,2422"/>
                <Baseline points="818,2478 845,2475 889,2475 934,2475 979,2475 1024,2472 1069,2469 1113,2469 1158,2469 1203,2466 1248,2466 1293,2466 1337,2466 1382,2463 1427,2463 1472,2463 1517,2463 1561,2460 1606,2460 1651,2457 1696,2457 1741,2457 1785,2454 1830,2451 1875,2451 1920,2448 1965,2445 2009,2445 2054,2445 2099,2442 2144,2445 2189,2442 2233,2439 2278,2439 2323,2436 2368,2436 2413,2433 2457,2433 2502,2430 2547,2430 2592,2430 2637,2430 2681,2427 2726,2427 2771,2424 2816,2422 2861,2419 2905,2419 2950,2419 2995,2416 3040,2416 3085,2416 3129,2413 3174,2413 3219,2410 3264,2410 3308,2410 3353,2410 3398,2407 3443,2410"/>
                <TextEquiv>
                    <Unicode>Herzliche Grüsse Dir und Deiner verehrten Gattin Dein Arthur Oiga Schnitz-</Unicode>
                </TextEquiv>
            </TextLine>
            <TextLine id="tr_1_tl_26" custom="readingOrder {index:25;}">
                <Coords points="3010,2482 3033,2482 3053,2495 3076,2488 3092,2505 3105,2505 3112,2498 3125,2505 3135,2498 3154,2505 3158,2429 3115,2422 3105,2429 3086,2426 3063,2432 3053,2426 3013,2426"/>
                <Baseline points="3028,2475 3070,2475 3114,2472 3159,2472"/>
                <TextEquiv>
                    <Unicode>ler.</Unicode>
                </TextEquiv>
            </TextLine>
            <TextLine id="tr_1_tl_27" custom="readingOrder {index:26;}">
                <Coords points="1645,2721 2754,2718 2797,2711 2800,2600 1645,2623"/>
                <Baseline points="1663,2687 1684,2684 1729,2684 1773,2684 1818,2687 1863,2687 1908,2681 1953,2681 1997,2678 2042,2678 2087,2675 2132,2675 2177,2672 2221,2672 2266,2672 2311,2672 2356,2672 2401,2672 2445,2669 2490,2669 2535,2666 2580,2663 2625,2663 2669,2660 2714,2657 2759,2657 2804,2663"/>
                <TextEquiv>
                    <Unicode>Wien, Sternwartestr.71,27.9.1910.</Unicode>
                </TextEquiv>
            </TextLine>
            <TextLine id="tr_1_tl_28" custom="readingOrder {index:27;}">
                <Coords points="811,2761 853,2764 886,2754 942,2757 939,2636 903,2639 880,2652 863,2642 847,2642 830,2629 807,2626"/>
                <Baseline points="830,2711 875,2708 919,2711 949,2717"/>
                <TextEquiv>
                    <Unicode>98)</Unicode>
                </TextEquiv>
            </TextLine>
            <TextLine id="tr_1_tl_29" custom="readingOrder {index:28;}">
                <Coords points="807,2846 949,2849 981,2875 1290,2852 1316,2879 1434,2839 1536,2872 1539,2744 1270,2761 1090,2741 807,2770"/>
                <Baseline points="827,2825 830,2825 875,2825 919,2825 964,2825 1009,2822 1054,2822 1099,2819 1143,2816 1188,2816 1233,2813 1278,2813 1322,2813 1367,2810 1412,2810 1457,2810 1502,2813 1546,2816"/>
                <TextEquiv>
                    <Unicode>Mein lieber Hermann,</Unicode>
                </TextEquiv>
            </TextLine>
            <TextLine id="tr_1_tl_30" custom="readingOrder {index:29;}">
                <Coords points="811,2951 3026,2895 3115,2820 2337,2764 1677,2793 1523,2872 814,2836"/>
                <Baseline points="830,2941 836,2941 881,2941 925,2941 970,2938 1015,2935 1060,2935 1104,2932 1149,2932 1194,2932 1239,2929 1284,2929 1328,2926 1373,2926 1418,2923 1463,2923 1508,2923 1552,2923 1597,2920 1642,2917 1687,2917 1732,2917 1776,2914 1821,2914 1866,2911 1911,2908 1956,2908 2000,2908 2045,2908 2090,2905 2135,2905 2180,2905 2224,2899 2269,2899 2314,2899 2359,2899 2404,2899 2448,2896 2493,2896 2538,2893 2583,2890 2628,2890 2672,2887 2717,2887 2762,2887 2807,2887 2852,2884 2896,2884 2941,2881 2986,2884 3031,2884 3076,2881 3120,2881"/>
                <TextEquiv>
                    <Unicode>wie die Dinge stehen, dürfte der Medardus gerade Anfang November</Unicode>
                </TextEquiv>
            </TextLine>
            <TextLine id="tr_1_tl_31" custom="readingOrder {index:30;}">
                <Coords points="824,3007 2849,2967 3145,2951 3148,2885 827,2948"/>
                <Baseline points="842,3001 869,3001 913,2998 958,2998 1003,2995 1048,2995 1093,2992 1137,2992 1182,2989 1227,2989 1272,2989 1317,2986 1361,2986 1406,2983 1451,2980 1496,2980 1541,2980 1585,2980 1630,2980 1675,2977 1720,2974 1764,2974 1809,2971 1854,2971 1899,2971 1944,2971 1988,2968 2033,2968 2078,2968 2123,2968 2168,2965 2212,2962 2257,2962 2302,2962 2347,2959 2392,2959 2436,2956 2481,2956 2526,2956 2571,2953 2616,2947 2660,2947 2705,2944 2750,2944 2795,2947 2840,2938 2884,2941 2929,2941 2974,2941 3019,2938 3064,2938 3108,2938 3153,2935"/>
                <TextEquiv>
                    <Unicode>also zur Zeit, da Du wieder für einige Tage oder Wochen in Wien bis</Unicode>
                </TextEquiv>
            </TextLine>
            <TextLine id="tr_1_tl_32" custom="readingOrder {index:31;}">
                <Coords points="824,3066 2472,3043 3040,3007 3076,2948 827,3013"/>
                <Baseline points="842,3061 883,3058 928,3058 973,3058 1018,3055 1063,3052 1107,3049 1152,3049 1197,3049 1242,3049 1287,3049 1331,3046 1376,3046 1421,3043 1466,3040 1511,3037 1555,3037 1600,3037 1645,3037 1690,3034 1735,3034 1779,3031 1824,3031 1869,3031 1914,3031 1959,3028 2003,3028 2048,3028 2093,3025 2138,3022 2183,3022 2227,3019 2272,3019 2317,3019 2362,3019 2407,3022 2451,3019 2496,3016 2541,3013 2586,3013 2631,3010 2675,3010 2720,3007 2765,3007 2810,3004 2855,3001 2899,3001 2944,3001 2989,2998 3034,2998 3079,2995"/>
                <TextEquiv>
                    <Unicode>aufgeführt werden. Mir wird es sehr lieb sein, wenn Du, das Stück</Unicode>
                </TextEquiv>
            </TextLine>
            <TextLine id="tr_1_tl_33" custom="readingOrder {index:32;}">
                <Coords points="3017,3072 3040,3072 3066,3059 3118,3069 3128,3063 3154,3069 3168,3059 3194,3069 3194,3003 3161,3000 3151,3007 3141,3000 3115,3000 3089,3007 3076,2997 3066,3003 3017,3003"/>
                <Baseline points="3034,3055 3064,3052 3108,3052 3153,3049 3198,3049"/>
                <TextEquiv>
                    <Unicode>gehör</Unicode>
                </TextEquiv>
            </TextLine>
            <TextLine id="tr_1_tl_34" custom="readingOrder {index:33;}">
                <Coords points="814,3145 2564,3092 2889,3066 2889,3013 814,3066"/>
                <Baseline points="833,3123 836,3123 881,3117 925,3114 970,3114 1015,3114 1060,3111 1104,3111 1149,3111 1194,3111 1239,3108 1284,3108 1328,3105 1373,3102 1418,3102 1463,3102 1508,3102 1552,3099 1597,3099 1642,3099 1687,3096 1732,3093 1776,3090 1821,3093 1866,3093 1911,3093 1956,3087 2000,3087 2045,3087 2090,3082 2135,3079 2180,3079 2224,3079 2269,3076 2314,3076 2359,3073 2404,3076 2448,3076 2493,3073 2538,3070 2583,3070 2628,3070 2672,3067 2717,3067 2762,3064 2807,3058 2852,3061 2896,3064"/>
                <TextEquiv>
                    <Unicode>Bühne siehst, wo es hingehört, wie doch selten was von mir</Unicode>
                </TextEquiv>
            </TextLine>
            <TextLine id="tr_1_tl_35" custom="readingOrder {index:34;}">
                <Coords points="821,3204 2938,3128 2984,3069 824,3138"/>
                <Baseline points="839,3186 883,3180 928,3180 973,3177 1018,3174 1063,3171 1107,3171 1152,3168 1197,3168 1242,3168 1287,3168 1331,3165 1376,3165 1421,3162 1466,3159 1511,3159 1555,3159 1600,3153 1645,3153 1690,3150 1735,3153 1779,3150 1824,3150 1869,3150 1914,3150 1959,3144 2003,3144 2048,3141 2093,3141 2138,3138 2183,3141 2227,3138 2272,3138 2317,3138 2362,3135 2407,3135 2451,3135 2496,3135 2541,3135 2586,3129 2631,3126 2675,3123 2720,3126 2765,3120 2810,3123 2855,3117 2899,3117 2944,3114 2989,3114"/>
                <TextEquiv>
                    <Unicode>Aber da ich bald fertige Bühnenmanuskripte kriege, schicke ich</Unicode>
                </TextEquiv>
            </TextLine>
            <TextLine id="tr_1_tl_36" custom="readingOrder {index:35;}">
                <Coords points="2544,3194 2951,3177 2997,3214 3056,3210 3099,3197 3102,3125 2596,3125 2547,3145"/>
                <Baseline points="2562,3189 2586,3189 2631,3186 2675,3186 2720,3183 2765,3180 2810,3180 2855,3177 2899,3177 2944,3177 2989,3180 3013,3174 3058,3174 3102,3174 3105,3174"/>
                <TextEquiv>
                    <Unicode>es Dich bei guten</Unicode>
                </TextEquiv>
            </TextLine>
            <TextLine id="tr_1_tl_37" custom="readingOrder {index:36;}">
                <Coords points="827,3260 2334,3217 2505,3194 2505,3145 827,3197"/>
                <Baseline points="845,3252 857,3252 901,3243 946,3243 991,3240 1036,3237 1081,3234 1125,3231 1170,3228 1215,3228 1260,3228 1305,3228 1349,3228 1394,3225 1439,3225 1484,3222 1529,3219 1573,3219 1618,3216 1663,3216 1708,3216 1753,3210 1797,3210 1842,3213 1887,3213 1932,3207 1977,3207 2021,3207 2066,3204 2111,3201 2156,3201 2201,3198 2245,3195 2290,3195 2335,3195 2380,3189 2424,3189 2469,3189 2514,3192"/>
                <TextEquiv>
                    <Unicode>gern ein Exemplar nach London, und wünsche, das</Unicode>
                </TextEquiv>
            </TextLine>
            <TextLine id="tr_1_tl_38" custom="readingOrder {index:37;}">
                <Coords points="2350,3269 2373,3269 2386,3256 2416,3273 2426,3263 2445,3279 2459,3263 2495,3263 2495,3194 2426,3194 2409,3200 2393,3197 2383,3187 2350,3191"/>
                <Baseline points="2368,3243 2413,3243 2457,3243 2502,3246"/>
                <TextEquiv>
                    <Unicode>Stück</Unicode>
                </TextEquiv>
            </TextLine>
            <TextLine id="tr_1_tl_39" custom="readingOrder {index:38;}">
                <Coords points="830,3342 1231,3296 2002,3319 2055,3312 2058,3207 1871,3246 1635,3214 834,3260"/>
                <Baseline points="848,3303 854,3303 898,3303 943,3300 988,3300 1033,3297 1078,3294 1122,3294 1167,3291 1212,3291 1257,3288 1302,3288 1346,3285 1391,3285 1436,3282 1481,3282 1526,3279 1570,3276 1615,3273 1660,3273 1705,3273 1750,3270 1794,3273 1839,3273 1884,3267 1929,3267 1974,3267 2018,3264 2063,3267"/>
                <TextEquiv>
                    <Unicode>und Gesundheit dort antrifft nicht</Unicode>
                </TextEquiv>
            </TextLine>
            <TextLine id="tr_1_tl_40" custom="readingOrder {index:39;}">
                <Coords points="1933,3388 1963,3381 2025,3388 2035,3378 2061,3391 2098,3381 2117,3391 2137,3378 2160,3378 2160,3305 2127,3309 2117,3302 2094,3319 2029,3309 2002,3322 1989,3312 1933,3319"/>
                <Baseline points="1953,3380 1988,3377 2033,3377 2078,3377 2123,3377 2168,3374"/>
                <TextEquiv>
                    <Unicode>von „ S. Fr.</Unicode>
                </TextEquiv>
            </TextLine>
            <TextLine id="tr_1_tl_41" custom="readingOrder {index:40;}">
                <Coords points="834,3433 1779,3404 1907,3384 1910,3325 1359,3338 1228,3296 837,3338"/>
                <Baseline points="851,3416 883,3416 928,3413 973,3413 1018,3413 1063,3410 1107,3410 1152,3407 1197,3407 1242,3404 1287,3401 1331,3401 1376,3398 1421,3398 1466,3398 1511,3395 1555,3395 1600,3392 1645,3392 1690,3389 1735,3386 1779,3383 1824,3383 1869,3383 1914,3383"/>
                <TextEquiv>
                    <Unicode>Gestern traf Dein neuer Roman</Unicode>
                </TextEquiv>
            </TextLine>
            <TextLine id="tr_1_tl_42" custom="readingOrder {index:41;}">
                <Coords points="834,3483 1664,3470 1792,3453 1796,3407 834,3424"/>
                <Baseline points="851,3482 860,3479 904,3479 949,3479 994,3476 1039,3473 1084,3473 1128,3470 1173,3467 1218,3467 1263,3467 1308,3464 1352,3461 1397,3461 1442,3458 1487,3455 1532,3455 1576,3455 1621,3452 1666,3449 1711,3449 1756,3446 1800,3446"/>
                <TextEquiv>
                    <Unicode>sehr darauf. Hab mich diesm</Unicode>
                </TextEquiv>
            </TextLine>
            <TextLine id="tr_1_tl_43" custom="readingOrder {index:42;}">
                <Coords points="824,3558 1874,3516 1874,3453 1822,3447 827,3483"/>
                <Baseline points="842,3538 854,3535 898,3535 943,3532 988,3529 1033,3529 1078,3529 1122,3529 1167,3526 1212,3526 1257,3526 1302,3524 1346,3521 1391,3518 1436,3515 1481,3515 1526,3515 1570,3512 1615,3509 1660,3506 1705,3506 1750,3506 1794,3503 1839,3503 1884,3497"/>
                <TextEquiv>
                    <Unicode>N Fr P zu tun. Dich und Deine</Unicode>
                </TextEquiv>
            </TextLine>
            <TextLine id="tr_1_tl_44" custom="readingOrder {index:43;}">
                <Coords points="827,3644 1861,3617 1864,3512 834,3545"/>
                <Baseline points="848,3604 886,3601 931,3601 976,3601 1021,3598 1066,3595 1110,3592 1155,3589 1200,3589 1245,3586 1290,3586 1334,3583 1379,3577 1424,3577 1469,3577 1514,3577 1558,3574 1603,3571 1648,3568 1693,3565 1738,3562 1782,3562 1827,3562 1872,3553"/>
                <TextEquiv>
                    <Unicode>soll uns eine schöne liebe Hoß</Unicode>
                </TextEquiv>
            </TextLine>
        </TextRegion>
    </Page>
</PcGts>
