3761 4425
793 480 928 586 29)
796 593 1373 703 Lieber Hermann,
809 677 3335 806 aus Deinem lieben Brief entnehme ich u.a., dass Berger hier war. Ist er
815 767 3226 870 noch in Wien? WEr schrieb mir aus Haimburg eine Karte, dass er mich
809 831 2984 941 persönlich sprechen wollte, in Angelegenheiten der Stücke.) -
815 938 3206 1041 Die Dolchdame ist gewiss ein schweres szenisches Ding. Aber so
822 993 3287 1138 weit sind wir heute doch schon in diesen Sachen, dass es unbedingt ge¬
806 1096 1051 1170 muss.-
812 1128 3306 1270 Bukowies hat mich neulich mit der Aussicht entlassen, dass er über die
815 1234 3332 1331 Besetzung nachdenken werde. Du hast ja Recht—. Ich muss energischer mit
825 1279 3397 1379 ihm sein, aber mir fehlt die rechte Begeisterung für die voraussichtliche
825 1353 3416 1437 Volkstheater Aufführung. Nun, es bleibt mir ja nichts, anderes übrig. Ich
822 1405 3368 1527 werde nächstens "Stürmisch" einen Kontrakt mit einer Million Pönale ver-
815 1495 1086 1569 langen.
1350 1505 1547 1611 G.C.F.P.
819 1547 3326 1718 -Wie man die "literatur" so besonders gut finden kann, verstehe ich ab-
819 1647 2752 1769 solut nicht. Mein faible sind die "Lebendigen Stunden".
1718 1718 1811 1776 G.C.F.P
815 1711 3219 1840 Kainz wollte am 5. den Gustl lesen-, Aber - Herr Guttmann“ hat Angst g
822 1811 3284 1934 habt. Ich werde anfangen, die militärische Verachtung gegen das Zivil
815 1901 1202 1982 zu teilen.
812 1982 1212 2091 Herzlichst
2227 2033 2630 2137 Dein Arthur
812 2072 1199 2162 28.10. trl.
690 2166 1382 2285 Konzertunternehmer
2320 2385 2710 2504 11.12. 901.
806 2417 954 2520 30)
819 2497 1540 2626 Mein lieber Hermann,
822 2601 3368 2726 ich nehme an, Direktor Bukowies wird Dir den Brief zeigen, den ich heute
825 2694 3284 2778 an ihn geschrieben, um die Sache endgültig abzuschliessen und etliche
828 2726 3339 2845 sonderbare Auffassungen seinerseits richtigzustellen. Wenn nicht, steht
825 2810 2536 2926 Dir gelegentlich eine Abschrift zur Verfügung.
828 2903 3358 3013 - Jedenfalls habe ich Dir für Deine wiederholten Versuche, Bukowies auf
828 2981 3364 3074 seine Höflichkeitsverpflichtungen (ich sahe von den andern ab, die viel-
822 3045 3293 3152 leicht ein Theaterdirektor gegen einen Autor haben könnte) aufmerksam
825 3116 1982 3232 zu machen, herzlichst zu danken.
1959 3181 2137 3310 Dein
812 3197 1714 3326 Auf baldiges Wiedersehen
2104 3252 2510 3390 treuer Arthur
