3769 4441
2253 566 2825 723 Wien, 12.X.913.
759 602 925 736 109)
765 710 1491 840 Mein lieber Hermann,
772 831 3012 919 Dein schönes Burckhardt Buch, von dem mir die meisten Kapitel sollen.
768 893 3064 984 kannt varen, hab ich nun als Ganzes, mit neuer Ergriffenheit gele-
768 945 3211 1037 und danke Dir von Herzen. Wenn es überhaupt möglich ist, einen Mensch-
765 1001 3126 1102 Leuten, die ihn nicht gekannt haben, näher zu bringen - ich glaube,
762 1020 3394 1154 mit Deiner Gestaltung Burckhardts müsste es gelungen sein. Dir und einigen
772 1122 3273 1220 wenigen Andern bleibt ja in jedem Fall das Olück ihn gekannt und erkannt
768 1164 3342 1288 zu haben. Wie sehr sind die zu bedauern, die das Eine Versäumt, das Andre
772 1262 1570 1370 nicht vermocht haben!-
762 1351 1798 1501 Viele Grüsse von uns zu Euch!
2224 1432 2681 1576 Dein Arthur.
759 1576 938 1713 110)
2400 1625 2757 1749 30.3.914.
765 1681 1488 1838 Mein lieber Hermann,
778 1759 3234 1923 Deine Reise- und Aufenthaltspläne lassen wenig Hoffnung übrig, dass man
785 1874 3270 1975 einander wenigstens im Laufe des Sommers begegnete - nachdem unser Win-
785 1919 3146 2027 terversuch leider missglückt war. Wir wollen Anfang Mai nach Florentz
785 1982 3188 2096 Später (13.) von Genua aus zu Schiff nach Antwerpen über Holland zu
785 2050 2806 2161 Juni und Juli grossenteils Wien, Dann Gebirge, (Engadin?).
778 2112 3149 2260 An xxitag haben wir, nach ziemlich langer Zeit, Deine Frau
782 2197 3250 2325 wieder singen gehört. Gurrelieder. Was sie geboten hat, gehort einfach
775 2266 3286 2407 zum dem Grössten, was man je in Konzertsaal erlebt hat. Schade, dass Du
775 2367 1436 2475 nicht dabei warst.
775 2410 3211 2554 Wir grüssen Dich herzlichst! Und sage Deiner Gattin, dass wir sie be-
775 2521 2511 2623 wundern. Auf Wiedersehen doch hoffentlich einmal!
2482 2590 2923 2730 Dein Anthur.
2384 2721 2753 2851 12.6.1914.
739 2747 903 2897 111)
1017 2809 1570 2943 Lieber Hermann,
775 2887 2956 3021 Wie Dir ja bekannt ist war der "Reigen" bisher in Deutschland
785 2986 2848 3100 botenes Buch. Nun soll von dem Verlag J. Singer & Co., Berl
788 3041 2740 3142 auflage veröffentlich werden, deren Beschlagnahme voraus
788 3097 2891 3205 es kommt dem Verlag darauf an bei einem eventuell bevorstehe
788 3152 2789 3290 etliche Gutachten zur Verfügung zu haben. Solche von Lin
788 3214 2655 3319 Eulenburg, Simel, Liebermann, Fulda liegen schon vor
788 3273 3028 3384 überraschend günstigem Sinne, muss ich sagen; und da der Verlag
791 3319 3169 3443 auch aus Oesterreich etwas in der Art möchte verweisen können, so fl.
791 3388 2672 3499 mir ein, dass vor Jahre, als dir einmal die öffentlich
2927 3437 3031 3505 haben.
811 3460 2593 3554 "Reigen" untersagt wurde, Burckhardt einen Rekurs e
2753 3450 2871 3561 Die
798 3515 2672 3617 vielleicht noch in Deinem Besitze finden mag. Ich fra-
2103 3574 2479 3646 mit entspre
791 3584 2018 3672 Du dem Verlag J.Singer, wenn er sie
798 3617 2819 3800 wenden sollte, jenes Schriftstück zu eventueller Benützung
788 3728 1400 3862 zufolgen geneigt
1638 3715 2315 3872 Mit herzlichen Gruder
2502 3829 2750 3953 Arthur.
