3746 4440
767 577 917 739 14)
782 773 1347 920 Lieber Hermann,
785 887 2383 979 ich danke Dir herzlich für Deine freundlichen
801 960 2347 1046 kadu" hat die Freie Bühne schon (die“Neue Do
908 1015 2448 1117 1) -, Er soll, während der Recurs wegen der 1
2644 1012 2739 1135 sde.
794 1077 2564 1169 an der "Freien Bühne" in Berlin aufgeführt werden.
2626 1107 3138 1193 ist es vorläufig
788 1129 2567 1239 nun mein ganzer Einakter-Abend hinausgeschoben. So
785 1184 3028 1279 noch verfrüht, Dir von der "Gefährtin", einem dieser Einakter,
785 1218 3178 1350 reden, den ich keineswegs vor der Aufführung erscheinen lassen möch-
801 1291 3147 1399 te, den ich aber bisher noch nicht vergeben habe.— Du hoffst meine
785 1356 3132 1469 Kosmpolis -Honorarforderungen durchzusetzen - das wäre sehr schän
791 1402 3153 1583 denn die Kosmopolts ist verkracht und schuldet mir ungezählte Mark.
794 1500 1344 1623 Also versuchs.-
810 1580 3129 1733 -Auf baldige Gratulatiensrevanch im Volkotheater. Herzlichen Gruss
2255 1690 2436 1801 Dein
2390 1764 2791 1926 Arthur Sch
791 1788 1282 1963 Wien 1.12.98.
807 2092 951 2245 15)
807 2190 1374 2359 Lieber Hermann,
813 2242 3098 2445 ich gratuliere Dir von Herzem zu Deinem heutigen Erfolg und noch
825 2411 1580 2555 mehr zu Deinem Stück!
2245 2460 2399 2601 Dein
2359 2561 2911 2702 Arth Schnitzler
816 2592 1678 2788 Samstag Abend 10.12.98.
954 2699 2715 2890 Hüher gehört III der undatierten Kartchen
816 2788 957 2963 16)
831 2902 1291 3058 Lieber Bahr,
840 2997 3273 3141 als meine drei Einakter angekündigt wurden, wünschtest Du einen davon.
844 3068 3209 3209 Ich versprach Dir bald darauf die "Gefährtin", Du nahmst an. Du fra
847 3104 3310 3258 test wieder. Ich sagte Dir das Manuskript nach der Aufführung zu. Da-
847 3184 3242 3331 mit band ich mich und beantwortet Aufferderungen von anderer Seite a
853 3242 3236 3405 schlägig. Nun steckst Du plötzlich so tief in alten Verpflichtungen Auf¬
2258 3301 2733 3390 Trotzdem du
850 3334 2018 3439 dass Du das Stück nicht bringen xxx
1445 3390 1994 3482 9 2 oder 5 Nummer,
847 3411 1408 3549 schub der Sobeie
2963 3442 3227 3574 kussion.
847 3466 2567 3632 Dieser Sachverhalt sei hiermit konstatiert. Jede
859 3592 1448 3724 darüber lehne ich
2156 3617 2515 3782 Dein ergeb.
850 3669 1340 3831 Besten Gruss.
2463 3742 2896 3899 Arthur Schnitz
847 3791 1347 3945 Wien, 7.3.99.
