3669 4408
770 572 900 692 29)
776 695 1514 822 Mein lieber Hermann,
949 789 1140 861 G.C.F.P.
793 776 3262 923 ich danke Dir herzlich für den neuen Beweis von Sympathie, den Duf mir
789 887 3047 978 mit Deinem lieben Brief vom 22. gegeben hast. Ueber die Sache selbst
2385 952 3278 1014 klarer zu Tage. Vahrhaftig
793 955 2323 1043 ja kaum etwas zu sagen - selten lag ein Fall
776 1004 3268 1118 Sie haben meinen Leutnant Gustl nicht verdient! Ich sch es ein. Haft Dr.
793 1066 3203 1147 vielleicht neulich den Artikel in der Reichswehr gelesen? Ich glaube,
793 1124 3148 1212 in dem steht das Grossartigste an Dummheit, was in dieser Affaire ge-
799 1183 3226 1267 leistet wurde. Nemlich sich hätte meine Charge nur deshalb nicht vor
799 1215 3369 1325 fünf Jahren (wie es mein Recht gewesen) niedergelegt - weil ich eben doch
796 1293 3333 1390 gern gelegentlich in uniform xxx mit den Stürmer paradiert!"- Ich wollte
796 1355 3317 1436 einen Preis von einer Million ausschreiben für den, der mich seit meinen
799 1413 3304 1514 letzten Hauptrapport in worden gesehen - aber vor weiss - unter diesen
793 1478 2986 1559 Leuten findet sich am Ende auch einer, der es beschwören kann.
2742 1530 2908 1595 G.C.F.P.
2264 1537 2355 1602 G.F.P.
1673 1537 2118 1608 e e ee e
1114 1540 1524 1618 G.C.H.F.P.P
793 1533 3200 1673 Lass mich bei dieser Gelegenheit auch einmal sagen, wie sehr es mich
796 1644 3395 1732 freut, dass wir xxx beide über die zeitweiligen Entfremdungen hinaus sind,
796 1702 3408 1790 die ja wahrscheinlich bei Naturen wie den unsern entwicklungsphysiologisch
793 1761 3327 1845 bedingt und daher notwendig sind (Du siehst ich bin immer "wissenschaft-
796 1816 3268 1914 lich). Dun ist das Alter der Missverständnisse wohl endgültig für uns
796 1871 3203 1962 vorbei und wir sind so weit, dass wir einander - vielleicht auch ein
796 1920 3200 2017 bisschen um unserer Fehler willen - Freunde sein und bleiben dürfen.
789 2027 3343 2203 In dieser Voraussicht drücke ich Dir von Herzen die Hand und grüsse Dich
802 2134 1134 2238 vielmals.
2251 2193 2664 2329 Dein Arthur
793 2320 1527 2476 Innsbruck, 26.6.1901
812 2625 952 2768 24)
789 2735 1527 2869 Mein lieber Hermann,
793 2830 3356 2963 hieher bekomme ich Dein Feuilleten nachgesandt. Ich hatte es aber schon
799 2924 2550 3070 vorher mit grosser Freude gelesen. Herzlichst Dein
796 3073 1806 3200 St.Anton an Arlberg,3.7.901.
