3668 4423
2143 485 2470 626 21.9.905
896 524 1038 652 65)
880 630 1439 768 Lieber Hermann,
1465 659 1626 793 und
1969 745 2429 877 ###e se ohne xxx
903 742 1561 858 alles zugegeben, und
1889 761 2001 890 als
835 816 1626 935 Nur den Fürsten geb
1767 867 2641 935 von der ich einen zu sch
903 883 1577 967 ja gut, dass diese
900 896 2654 1025 nicht die Regel ist - aber gerade dass er eine Aus-
900 996 2756 1076 nes Standes ist, bildet für Caecilie wahrscheinlich
900 1012 3312 1147 Ich hatte früher ein paar Stellen im Dialog, die ich als überdeutlich
906 1079 3257 1192 eliminierte, und in denen auf den tiefen Wesensunterschied zwischen
896 1108 3396 1253 Menschen à la Amadeus und solchen à 1a Sigismund eingegangen und dieses
906 1192 3241 1372 "Anderssein" des Sigismund als Notiv für Conseiliens Himüberschwank
903 1288 1642 1417 ausgesprechen wurde.
906 1327 3482 1500 -Morgen fahren wir auf ein paar Tage fort (Semmering, ev.weiter) - so bald
906 1420 3331 1542 ich zurück bin, musst Du zu uns kommen. Wärs Dir nicht an bequemsten,
906 1484 3322 1600 bei uns zu Mittag zu essen? Etwa 11-12 zu kommen und dann zu bleiben,
912 1539 3309 1680 so lang Du eben kannst? Jedenfalls muss etwas gefunden werden, damit
903 1638 1844 1764 man einander öfter sieht.-
900 1715 1462 1876 Von Herzen Sein
1879 1979 2859 2133 Wien XVIII, 28.9.905.
909 2027 1041 2168 66)
2763 2098 2927 2210 G.C.F.P
903 2133 1468 2278 Lieber Hermann,
909 2188 3315 2361 nun fangen meine Proben an, da ich eben von Sammering zurück bin, und
909 2297 3286 2435 mit dem Vormittaget ist es wieder nichts. Könnte man sich nicht doch
919 2352 3286 2474 vielleicht an einem Abend, in Hietzing etwa, zum Nachtmahl, wenn Du
922 2413 3148 2531 einmal kein Theater hast, treffen? Anfang nächster Woche?- Sons
909 2451 3428 2602 müssten wir unser Wiedersehen auf die zweite Oktoberhälfte verschieben.
922 2570 1757 2679 Was mir sehr leid wäre.
903 2596 3396 2805 Bitte Dich, schick mir nur gütigst den "Ruf des Lebens" xxxx nurück.-
912 2743 2506 2911 Herzlichst, mit vielen Grüssen auch von Olga
2528 2817 2711 2962 Dein
2660 2904 2911 3045 Arthur
2117 3023 2474 3145 3.10.905.
922 3068 1057 3206 67)
912 3187 1491 3338 Lieber Hermann,
2454 3241 2785 3386 „Lebens“
928 3309 2062 3434 möchtest Du so gut sein und mir
928 3383 1963 3495 senden? Ich brauche das Exemple
2326 3434 2589 3592 Arthur
916 3473 1497 3633 Herzlichst Dein
