3774 4424
751 569 1505 710 72) (Ansichtskarte)
2323 576 2656 710 14.7.906.
744 710 3316 805 Marienlyst. Hier, lieber Hermann, wohnen wir seit 14 Tagen. Es ist runder-
747 794 2430 858 schön, und wenn Du herkämst, könntest Du ein ang
757 838 3188 946 zwar, aber auch ohne Brandwunden führen. Wir bleiben bis auf weiteres
744 943 1306 1057 Herzlichst Dein
744 1101 2760 1225 Herzliche Erwiderung Ihrer lieben Grüsse Olga Schnitzler.
741 1330 906 1447 73)
2175 1326 2754 1464 Wien, 18.10.906.
737 1535 1283 1646 Lieber Hermann,
747 1626 3420 1734 eine Aehnlichkeit zwischen Deinem Art und dem Abschiedssouper wäre höchstens
747 1720 3420 1781 irgendwo im äusserlich stofflichen zu finden, in innerlich stöfflichen schon
744 1771 3444 1851 nicht mehr und gewiss nicht in "seelisch gestaltlichen"-Stupf zu inner grauen-
741 1831 3296 1915 hafteren Worten auf - oder niederzusteiegen). Dein Problem ist viel ver-
744 1862 3410 1966 zwickler, der Fortgang der Handlung gedrehter, spiraliger, jüdischer, gegen-
747 1949 3410 2033 über der naiv gauloisen Fabel des braven Alten Anatoistückls, ausser-
747 2020 3386 2080 dem wird bei mir soupirt und bei Dir doch eigentlich nur gejausnet. Die At-
737 2057 3393 2141 mosphäre Deines Stücks ist dünner, schärfer-, Das ganze brutaler (für meinen
744 2131 3366 2185 Geschmack im Beginn besonders bis zum Abstossenden brutal) angepackt. Venn
744 2171 3383 2252 Du mir, oder dem guten Anatol, diesen interessanten Einakter widmen willst,
744 2239 3417 2306 so nahm ich es natürlich mit Dank und Rührung an, nur musst Du mir erlauben,
741 2299 3440 2383 Deine Erinnerung nicht als Anregungsquittierung und Ausdruck einer Gewissens-
747 2356 2956 2441 schuld sondern als ein neues und daher xxxx wilkkommenes Zeich
3006 2350 3302 2454 an unserer
555 2319 693 2471 mir
737 2420 2690 2508 guten Zusammengehörigkeit zu enpfinden und zu empfangen.
1956 2478 2047 2528 G.C.F.P.
734 2521 3147 2605 Hoffentlich fügt es sich, dass wir einander vor der Abreise noch eine
744 2558 3440 2700 sehen. (Cern möcht ich auch etwas, Reinhardt betreffendes, aber hauptsächlich
737 2643 2552 2757 in meinem Interesse liegendes, mit Dir besprechen.)
730 2737 2370 2865 Herzlichst, mit Grüssen von meiner Frau und mir
2346 2811 2515 2902 Dein
2484 2824 2723 2976 Arthur
727 2986 865 3097 74)
1195 3026 2171 3164 (Telegramm) 10.1.907.
724 3154 3390 3262 Kann ich Dich Sonntag vormittag oder anderen Vormittat besuchen? Herzlichst
2723 3228 2949 3322 Arthur
