3769 4441
2060 536 2433 659 22.4.1913.
789 563 972 709 107)
789 729 1368 875 Lieber Hermann,
802 792 3109 965 ich habe nun Altenborg, seinen Bruder und seinen Arzt gesprochen u
809 909 3003 1025 glaube ein klares Bild von der ganzen Sache zu haben. Altenberg
816 969 3029 1072 vor cirka 485 Monaten wegen eines akuten alkoholischen Irreseine
3023 962 3422 1079 reideen etc.
812 1019 3019 1135 Steinhof gebracht worden. Die schweren Erscheinungen, Verfolgung
806 1069 3192 1192 die, erst in der Anstalt selbst auftraten, dürften (was mir arstlich
806 1122 3209 1262 allerdings nicht gesagt wurde) auf die plötzliche vollkommene Abstine
812 1178 3329 1312 zurückzuführen gewesen sein (die man jetzt, ich weiss nicht recht warum,
812 1245 3319 1361 statt der früher geübten allmählichen Entwöhnung in vielen Fällen anven-
819 1288 3332 1421 det). Ich habe Altenberg geistig frischer gefunden als seit langer Zeit,
812 1358 3312 1478 nur eben sehr erregt, weil erschon gerne auf den Semmering möchte. Brei-
812 1415 3272 1535 lich besteht die Gefahr, besser die Sicherheit, dass er ohne ärztliche
812 1468 3266 1601 Aufsicht sofort wieder zu trinken und bald auch weder alkoholisch zu
816 1475 3399 1651 expedieren anfängt. Diese Gefahr wird aber gerade so wie heute in acht Ta-
816 1588 3299 1731 gen, in vier Wochen und in einem halben Jahr bestehen. Dazu kommt, dass
822 1624 3359 1771 seine steigende Erregung wegen der internierung in Steinhof seinem allge-
816 1684 3402 1841 meinen Zustand kaum förderlich sein dürfte. Dies alles habe ich auch Peter
812 1761 3212 1894 Altenbergs Bruder gesagt, und da der Chefarzt gegen P.A.'s Entlassung
812 1781 3355 1944 nichts einzuwenden hat, wenn der Bruder die Verantwortung übernimmt, man
822 1864 3379 2004 muss allerdings fragen, wofür?), so dürfte P.A. in wenigen Tagen die Reise
816 1927 3405 2070 auf den Semmering antreten können. Der Bruder möchte nun was ich sehr ver¬
819 1991 3362 2117 nünftig finde, dass P.A. wenigstens anfänglich nicht im Hotel, sondern im
822 2034 3392 2174 Kurhaus, also unter recht bescheidener ärztlicher Aufsicht wohne. Für den
822 2051 3499 2230 Fall, dass sich das nicht durchführen liesse, wäre auch die Begleitung durch
829 2170 3282 2287 einen Närter in Erwägung zu ziehen. P.A.möchte selbst sehr gern seinen
832 2230 3272 2357 Wärter aus dem Sanatorium für ein paar Tage mitnehmen, wenn den nicht,
829 2257 3382 2407 wie es den Anschein hat, von Seiten der Anstalt Schwierigkeiten entgegen-
829 2337 3252 2493 gesetzt würden. Es hat meiner Ansicht nach wirklich keinen Sinn Peter
832 2367 3389 2523 Altenberg länger in Steinhof zu halten, wenn auch kaum zu bezweiflen ist.
842 2430 3449 2583 dass nach einigen Zeit ihm ein neues Delirium und wahrscheinlich eine neu-
842 2510 3335 2643 erliche Innernierung, die ja dann der Umgebung wegen nicht zu vermeiden
836 2546 3402 2713 ist, bevorstehen dürfte. Von den Degenerationserscheinungen, die man nach
832 2630 3382 2760 allerlei Gerüchten hätte befürchten können habe ich bei Altenberg nicht
839 2666 3429 2819 das Geringste bemerkt, und ich glaube, wenn auch vielleicht die plötzliche
836 2733 3395 2893 Abstinenz zu Beginn der Anstaltsbehandlung nicht ausschliesalich von Vor-
842 2799 3335 2946 teil für ihn gewesen ist - die geänderte Lebenweise im weiteren Verlauf
842 2866 3285 3006 und alles was damit zusammenhängt hat ihm sicher nur gut getan. Was no
2969 2909 3369 3003 verlängern.
2770 2929 2863 3019 lt
839 2939 2626 3086 türlich kein Anlass ist den Aufenthalt ohne Notwand
842 3069 1438 3212 Herzlichen Gruss
836 3242 1871 3389 Herrn Hermann Bahr, Salzburg.
846 3429 1025 3558 108)
1458 3522 1574 3612 G.C.F.P.
846 3525 1455 3675 Lieber Hermann.
1415 3588 1698 3665 G.C.H.F.P.S.
855 3598 1907 3752 für heute nur die Mitteilung,
849 3695 2011 3808 Semmering, zuerst zu Hansy, hinaus
959 3771 1671 3868 ck. Wann wir nach Sal
869 3752 2047 3948 lich noch in diesem Jahr. Zu veleh
869 3885 2127 4051 Auf Wiedersehen und alles Gute von 1
