3761 4425
2119 534 2758 688 Wien, 10.4.902.
772 550 891 682 33)
765 662 1321 794 Lieber Hermann,
775 768 3183 919 ich stelle Dir hiemit Herrn Ernst Goth vor, jetzt beim Pester Lieyd,
2498 858 3061 945 en nach oder aus
772 871 2472 942 mir seit Jahren persönlich, Dir wohl auch dem Na-
778 919 3276 1000 Feuilletons bekannt und bitte Dich, wenn möglich ein paar Minuten einer
765 971 3344 1087 Angelegenheit zu vidmen, für die er Dich interessieren möchte. Herzlichst
2395 1077 2537 1193 sin
2479 1141 2588 1263 A 8
2302 1299 2861 1437 Karfreitag 1902
768 1302 894 1418 34)
775 1427 1318 1559 Lieber Hermann,
768 1537 3167 1630 eine Dame bringt mir beiliegende zwei Skizzen. Der Verfasser hat die
765 1624 3164 1691 Absicht, Journalist zu werden. Ich soll ihn protegieren. Was anderes
775 1649 3302 1759 soll er noch nicht geschrieben haben. Auf Dich hab ich so viel Einfluss,
765 1730 2087 1829 ich soll's Dir doch einfach schicken.
765 1833 3263 1926 Ich tue das,- nicht ohne mich für diese Inanspruchnahme Deiner Zeit ge-
765 1900 3199 1990 bührend zu entschuldigen. Aber ich denke, in drei Minuten hast Du die
762 1971 3141 2074 Werke des jungen Mannes gelesen, und wir sind (bisnauf weiteres) von
768 2025 2569 2109 dem Verdacht befreit, die "Jungen" zu unterdrücken.
765 2099 3337 2212 Wenn Du mir überdies in drei Worten Dein Urtheil übe die Leistungen die-
765 2205 3324 2273 ses Herrn kundgibst, in einem Brief, den ich der Dame gleich zeigen kann,
762 2257 3299 2360 und mit Deiner ganzen Aufrichtigkeit, die in diesem Fall besonders nütz-
762 2324 2713 2431 lich, ja notwendig wäre, so bin ich Dir sehr verbunden.
752 2414 3131 2543 In Venedig sollen die Blattern sein. Man müsste sich für alle Fülle
765 2485 2103 2604 impfen lassen, ehe man hinunterradelt.
749 2598 2321 2723 Ich seh Dich übrigens bei der "Kraft-"Probe.
2324 2636 3061 2771 Herzlichst Der Deine
2286 2807 2620 2932 Arth Sch
