3774 4424
793 483 933 602 72)
973 497 1123 606 Votre très
2012 483 2577 623 Wien, 24.6.906.
796 592 1355 722 Lieber Hermann,
793 708 2747 824 ich finde Deinen neuen Einakter sehr interessant-: Fesse
2811 796 2948 882 a1 k
800 810 2635 878 zum letzten Vort, und halte (wenn es nicht zu einem
800 858 3366 933 bei Bahren und Faunen nie wissen kann) auch eine starke Bühnenwirkung für
803 926 3370 997 wahrscheinlich. (Deine drei Einakter müssten zusammen gegeben werden.. Fau-
800 977 3434 1069 zum Schluss, Narr zu Anfang, dass „Du kannst ja mitkommen“-, der Helmine an
800 1031 3417 1110 Schluss bekäme dann seine besondere Bedeutung.) Man denkt natürlich so ein
800 1096 3373 1171 Stück weiter, wie man wirkliche Erlebnisse weiter phantasiert und so habe
793 1157 3308 1222 ich auch einen zweiten und dritten Akt gesehen, die man vorläufig nicht
803 1205 3431 1283 wird spielen können. Der zweite Akt auf der stellen Bergwiese. Falls Du ihn
800 1266 3421 1368 schreiben solltest, rate ich Dir, ihn nicht von Lessing inszenieren zu las-
800 1338 3298 1409 den, der Orgien nur ein mässiges Verständnis entgegenbringt, was sich im
800 1382 3366 1457 vierten Act der Beatrice jammervoll erwiesen. Dieser zweite Act, der ver-
796 1436 3336 1518 schiedentlich geführt werden könnte, bekäme seinen ganzen Sinn natürlich
793 1498 3363 1576 nur durch die vollendeste Rücksichtslosigkeit. Also Bedingung: Unaufführ-
796 1538 3492 1641 bahrkeit. Daff Du für mich wenigstens wie ich das Stück weitergebracht habe)
790 1624 3475 1698 Helmine die Heldin ist, brächte der dritte Ast den seelischen Untergang oder
800 1678 3128 1763 Sieg der Helmine. Man wird zu irgendentwas wahrscheinlich nur reif,
796 1743 3336 1824 eigentlich dazu geboren war. Man kann ein Faun sein -. Man  kann aber kei-
796 1787 3336 1865 Faun werden. Man kann ein Hexchen und eine Nympfe sein, aber mann kan es
786 1831 3438 1947 nicht werden. Ich bin nicht klar darüber, ob Helmine das Recht auf die Welt
3336 1913 3428 1978 als
800 1913 3302 1984 gebracht hat, auf die stelle Bergwiese zu wandern. Jedenfalls sie eher
790 1974 3397 2039 Edgar, wie ja die Frauen überhaupt mit den Urelementen verwandter sind als
793 2035 3366 2107 die Männer. Es wäre auch zu bedenken, ob Helmine nicht irgendwas, das man
786 2080 3506 2165 nur aus seiner Natur heraus tun darf, par dépit tut - was vielleicht eine der
786 2134 3404 2240 häufigsten tragischen Verschuldungen bedeutet. Eine andere eher komödische
800 2209 3234 2277 Vesschuldung hinwiederrum: jemand denkt auf dem Wege der Höherentwicklung
793 2236 3397 2338 irgendwohin gelangt zu sein - und ist nur atavistisch hingeraten. Auch auf
796 2325 3373 2396 den steilen Bergwiesen tanzen zu meist Leute, die nicht hingehören. Dahin
790 2383 3363 2475 ungefähr führte mich Dein faunisch-tiefsinnig-burleskes Stückchen, und so
783 2437 3390 2522 möchte es wahrscheinlich damit enden, dass irgendwelcher nicht bergwiesen-
793 2509 2846 2597 würdige Geschöpfe vom wahren Faun zu Tal geprügelt würden.
800 2577 3387 2679 -Heute, den 25. mein lieber Hermann, reisen wir ab. Nach Berlin. (1,2 Tage)
786 2672 3394 2747 Kopenhagen (3,4 Tage). Marienlyst. Ein paar Wochen. Dann, August vielleicht
783 2689 3519 2852 noch irgendwohin an die Nordsee. (Nordwyk?) Lass uns jedenfalls in brieflich
803 2791 2206 2880 ansichtskartlicher Verbindung bleiben.
773 2873 3200 3016 Mit guten Sem### rwünschen und Grüssen von Olga und mir herzlichst der
2532 2961 2706 3053 Deine
2706 2995 2958 3114 Arthur
779 3169 2189 3291 Das Manuskript ist an Salten abgesandt.
1212 3373 2301 3571 x Regisseur bei Brahm
