3626 4439
563 557 775 680 104)
579 700 3030 833 Herzlichen Dank, lieber Hermann für Dein neues Buch und viele Grüsse.
592 768 3053 869 Ob sie Dich treffen werden, weiss ich nicht - denn niemand weiss wo Du
589 833 2770 970 bist. So sei denn der Findigkeit der Post vertraut. Auf baldi-
2226 882 2669 990 Dein Arthur.
576 950 1051 1081 26.9.III 912.
566 1237 758 1387 105)
2047 1322 2477 1445 16.11.1912.
586 1348 1146 1491 Lieber Hermann,
2679 1403 3008 1475 G.C.H.F.P.P
586 1419 3092 1572 Neulich schrieb mir Peter Altenberg, dass eine Anzahl derjenigen Leute,
605 1494 3144 1634 die ihn im Laufe der letzten Jahre regelmässig unterstützten, allmählich
596 1575 3170 1702 ausgesprungen seien und frägt mich zugleich, ob ich bereit wäre an Stelle
605 1634 3151 1758 dieser Leute einzutreten und andere in gleichem Sinne zu gewinnen. Unter
605 1699 3138 1810 diesen nennt er Dich und so frage ich an, ob Du bereit wärst, ihm monat-
599 1761 3105 1878 lich bis auf Weiter es einen von Dir zu bestimmenden Betrag anzuweisen,
596 1790 3151 1937 wie es vorläufig Hugo und ich zu tun gedenken. Bist Du einverstanden, so
605 1878 3047 1992 teile es mir freundlichst mit und schreibe zugleich an S. Fischer, mit
602 1920 3066 2038 welchem Betrag Du Dich zu beteiligen gedankst. Fischer will es nämlich
599 2002 2584 2109 übernehmen, das Geld allmonatlich an P.M. zu expedieren.
599 2096 3161 2210 Ich schreibe Dir noch an Deine St. Veiter-Adresse, obwohl ich ja annehmen
596 2171 3073 2278 muss, dass Du schon in der Uebersiedlung nach Salzburg begriffen bist.
589 2269 2191 2438 Auf baldiges Wiedersehen und herzliche Grüsse
2168 2298 2347 2425 Dein
2308 2379 2614 2487 Arthur.
2139 2536 2516 2659 18.4.1913.
605 2578 765 2715 106)
605 2685 1169 2829 Lieber Hermann,
612 2770 2848 2916 auch ich habe einen Brief von Altenberg (offenbar ähnlichen Inhaft)
612 2861 2926 2969 der an Dich) erhalten; sein Bruder hat ihn mir überschickt. Diesen
609 2913 3089 3037 ich nun geantwortet, er möge mir sagen, was ich seiner Ansicht nach in
609 2956 3024 3092 Angelegenheit tun könne; ich sei natürlich gerne bereit, in die Ansta¬
618 3027 3089 3164 zu gehen und dort mit dem behandelnden Arzt Rücksprache zu nehmen. Ich
618 3066 3148 3206 selbst habe Altenberg schon über ein Jahr nicht gesehen und stehe trotz
618 3141 3157 3265 allen, was mir selbst von ärztlicher Seite berichtet wird, der absoluten
609 3200 3167 3333 Echtheit von P.A.'s Irrsinn - es ist ja vielleicht dumm - mit einer seit
618 3268 3082 3385 fast frei Jahrzehnten bewährten Skopsis gegenüber. Dass an P.A.'s Ein-
622 3271 3239 3454 schliessung nicht etwa böser Wille schuld sein kann ist selbstverständlich.
2165 3372 3086 3463 (was ich aus vielen Gründe
622 3408 2129 3506 Also, wenn eine Entlassung überhaupt möglich
2601 3434 2877 3509 noch Em¬
2910 3428 2995 3496 für
622 3463 2187 3571 für höchst wahrscheinlich halte) wird dazu w
2809 3489 3021 3584 oh Wien
618 3515 2272 3623 notwendig sein. Du hörst bald mehr von mir. Van
618 3580 1963 3714 Man sieht Dich nun doch nicht trotzdem
605 3665 1579 3831 Herzliche Grüsse von Haus
