3761 4425
779 622 924 735 35)
779 707 1555 852 Mein lieber Hermann,
786 811 3164 940 bevor ich zu Dir hinauskämmé, Dir für Deinen guten schönen Brief zu
798 924 3130 1000 danken, wollte ich Dir heute schon sagen, wie herzlich er mich ge-
798 937 3272 1060 freut hat - und dass die Blumen die Dur mir geschickt hast, mindestens
792 1035 3269 1129 ebenso wohl und herrlich duften als wenn sie von einem weiblichen Wesen
782 1095 3177 1174 kämen - und jedenfalls zu dem freundlichsten Enttäuschungen gehören,
795 1148 3161 1224 die mir geworden sind - Noch mahreres wollte ich Dir schreiben, was
789 1218 3168 1294 aber zu lesen Dir heut die Stimmung fehlen wird, denn eben lese ich
798 1275 3180 1341 dass Deine Mutter gestorben ist, und so kann ich Dir heut nichts an-
795 1328 3149 1404 deres mehr sagen, als dass ich Dich bitte, an die innigste Teilnahme
789 1388 3193 1454 eines Menschen zu glauben, der Dein Freund geworden ist. Und was man
792 1436 3202 1540 so allmählich wurde, bleibt man - besonders in unsern Jahren. Nicht
786 1495 2376 1609 mehr für heute. Ich hoffe Dich bald zu sehen.
1997 1600 2250 1716 Arthur
779 1581 1281 1719 In Treue Dein
782 1697 1303 1836 Wien 16.5.902.
770 1981 912 2123 36)
767 2114 1499 2237 Mein lieber Hermann,
776 2212 3111 2325 es war von allem Anfang an meine Absicht, der "Verpflichtung" mich
792 2275 3275 2385 (777) zu äussern, nur negativ nachzukommen und schreibe Dir eben haupt-
786 2363 3322 2455 sächlich, um Dir falls Du irgendwelchen spez. Wunsch hättest, gefällig zu
782 2426 3149 2496 sein. Ich habe jetzt wohl auch in Deinem Sinn geantwortet, dass ich
770 2477 3180 2584 keinerlei Anlass und Neigung habe, mich um das Einkommen von anderen
773 2549 2164 2647 Leuten zu kümmern und deshalb etc. etc.-
767 2615 2202 2754 Auf baldiges Wiedersehen herzlichst Dein
2231 2679 2480 2808 Arthur
767 2754 1117 2868 13.7.902.
965 2789 3275 2950 (Auf eine Anfrage der Steuerbehörde nach dem Einkommen von Hermann
2858 2890 3101 2991 Bakk.)
757 2975 896 3098 37)
2202 3026 2720 3158 Wien 3.10.902.
760 3105 1325 3231 Lieber Hermann,
770 3199 3190 3310 zu einem einmaligen Beitrag, der natürlich die Höhe einer Monatsrate
773 3300 3218 3382 überschreiten und gelegentlich auch wiederholt werden könnte, bin ich
776 3351 3218 3461 gern bereit, - zur Auszahlung einer monatlichen noch so kleinen Rente
770 3426 2158 3486 wünsche ich mich nicht zu verpflichten.
2104 3429 3228 3568 die mit Sädigsten Häusenden angen
767 3480 2114 3559 Da man über meine Vermögensverhältniss
773 3537 2114 3628 sonderbare Ansichten zu hegen scheint,
764 3540 3187 3682 werden, bitte ich Dich, die freundliche Briefschreiberin zu belehren,
770 3597 3152 3748 dass mein Einkommen aus meinem "Vermögen" zwischen 7 und 800 Gulden
786 3653 3155 3811 jährlich schwankt und ich in übrigen auf den Ertrag meiner Feder an
767 3726 3130 3877 wiesen bin. (Und Dir ist es ja wohl bekannt, dass ich nicht für mich
1612 3792 3351 3944 Herzlichen Gruss und auf sehr baldiges Wiedersche
764 3827 1584 3966 allein zu sorgen habe.)
2079 3896 2600 4038 Dein Arthur Sch
