3765 4440
542 499 854 653 .... 1.
988 505 1088 649 1:
576 753 693 854 2)
579 904 1121 1034 Lieber Freund,
589 1018 3234 1138 hier ist also etwas, was sich möglich steise als Eingangsfeuilleton eignet.
596 1108 3271 1205 Ich habe ihm vorläufig keinen Namen gegeben - eventuell könnte man das Dinge
626 1165 3120 1249 "Abendspaziergang" heissen. Vorteilhaft erscheint mir, dass in den vier
599 1215 3267 1316 Freunden Typen angedeutet sind, die sich vielleicht weiterhin für die Reihe
596 1306 2012 1416 noch irgendwie werden verwenden lassen.
593 1346 3140 1486 Ich schicke Ihnen da gleich auch eine andere kleine Geschichte mit, die
599 1453 3197 1583 wenn sie nicht am Ende zu "frivol" ist, ganz ohne Praentension gelegentlich
593 1520 2072 1644 unter den Skizzen gebracht werden könnte.
596 1580 3287 1727 Ich hoffe Ihnen nun aber bald was vernünftiges schicken zu können. Schliess-
596 1687 3207 1818 lich werde ich doch wohl auch das Feuilleton schreiben lernen - vorläufig
603 1757 1607 1881 fehlt mir noch manches dazu.
613 1858 1449 1988 Mit herzlichen Grüssen
2256 1938 2912 2089 Ihr sehr ergebener
2273 2045 2926 2209 Arthur Schnitzler
599 2089 1121 2223 Wien, 7.11.93.
