3769 4441
1178 547 1278 648 1
1956 533 2610 718 Samstag 28.11.96.
597 611 694 725 5)
597 876 1168 1023 Lieber Hermann,
607 892 3211 1117 als ich neulich bei Dir war, habst ich vergessen, Dir von Reicher etwas aus-
604 1003 3301 1174 zurichten, um was er mich in Berlin gebeten hat. Er hat nemlich die Absicht,
617 1084 3204 1231 im Frühjahr mit einem Schauspielensemble herzukommen und einige hier noch
621 1131 3298 1292 nicht gespielte Stücke aufzuführen, von denen er noch nicht weiss, ob, resp.
621 1184 3298 1342 unter welchen Bedingungen die Censur sie freigeben wird. Er scheint auch auf
624 1245 3285 1409 Deinen Rath vielleicht auch auf Deinen Beistand zu rechnen. Es handelt sich
627 1312 3053 1453 vorallem um die Jugend, ich glaube auch um die Weber. Mähres hat er in
624 1305 3285 1523 selbst noch nicht gesagt xxx - Ich nehme an, er wird Dir schreiben, und diese
621 1463 1926 1604 Zeilen bereiten Dich nur darauf vor.
614 1573 1540 1731 Herzlich grüsst Dich Dein
2305 1620 2694 1745 Arthur Sch
