3733 4441
2494 544 2606 653 1
843 631 1763 840 (###at undatierte Kärtohen)
2146 743 2909 917 (wahrscheinlich 1902)
859 914 1412 1052 Lieber Hermann,
772 907 3359 1181 Du hast Dich Er den Goetheüzelter Briefwechsel interessiert. In Catalon
1367 1007 1490 1075 für
869 1039 3375 1207 XXXIV süddeutsches Antiquariat München Galleriestrasse 20, unter Nr. 699
878 1142 2622 1293 ist ein Exemplar, 6 Bände um 40 Mark angekündigt.
2339 1200 2889 1374 Herzlichst Dein
2864 1197 3185 1406 Arth Soh
888 1712 1464 1876 Lieber Hermann,
907 1770 3449 1963 herzlichsten Dank für Deine Mittwilung freundliche Mitteilung; natürlich
2188 1924 2371 2056 Dein
904 1956 1030 2059 1a
2333 1976 2677 2124 Arth Sch.
917 2088 3398 2313 Lieber Hermann, besten Dank für Deine freundliche Gratulation. Bei die-
933 2201 3356 2375 ser Gelegenhet: 1) kannst Du die "Gefährtin", da Hofmannsthals Sobeide
923 2320 2233 2468 wegfällt, gleich nach Salten bringen?
917 2326 3388 2545 2) bist Du resp. seit Ihr mit dem Honorar von 200 Gulden einverstanden?
920 2523 2050 2696 Herzlichen Gruss Dein ergebener
2597 2523 3163 2671 Arth Schnitzler
943 2728 1979 2931 Sonntag abend. Lieber Hermann,
946 2822 3472 3002 als ich gestern abend fragte, wusste man noch nichts von Deiner Sendung,
956 2912 3462 3066 jetzt eben beim Nachhausegehen übergab mir die Hausmeisterin das Paket-
956 2954 3475 3118 Da Dein Brief mit der Adresse mit eingeschlossen war, hatte sie nicht ge-
956 3018 3456 3176 wusst, dass es für mich gehörte.- Herzlichen Dank! Richard wohnt. Baden
785 3002 878 3134 V
952 3089 3082 3285 Franzensgasse 54, kommt am 24. herein.- Herzlichen Gruss Dein
3041 3102 3327 3256 Arthur.
