3705 4408
748 739 1285 881 Lieber Hermann,
2576 824 3024 941 aus meinem
742 840 2115 950 ich habe nach reiflicher Erwägung den
2500 884 3065 1010 tzt nur mehr aus
748 931 2184 1029 Einakterzyklus ausgeschieden, sodass der
751 991 3093 1086 den vier anderen Einaktern besteht. Ich habe die Absicht, den "Pupp
751 1051 3106 1184 spieler“ der mir dramatisch zu schwach scheint, gelegentlich neu xxx
742 1120 1158 1199 gearbeiten.
739 1177 3077 1313 Da Du die Güte hattest, meine zwei neuen Stücke zu übernehmen, tei
748 1281 3182 1370 ich diese Tatsache vorallen Dir mit und stelle Dir anheim, dem Direk-
751 1345 3055 1477 ter des Deutschen Volkstheaters gelegentlich Mitteilung hievon zu
745 1411 1004 1496 machen.
978 1423 1726 1562 Mit herzlichem Gruss
2345 1483 2522 1591 Dein
2474 1540 2730 1654 Arthur
735 1547 1338 1685 Vien, 18.10.901.
745 1714 874 1900 28)
739 1884 3071 1995 Lieber Hermann, ich danke Dir sehr für Dein neues Buch. Die Titel-
748 1985 3178 2067 novelle hat mich besonders interessierte. Du hast vielleicht bemerkt,
751 2020 3226 2127 dass in der Erzählung des "Puppenspielers" von dem Mann in der Eisenbahn
748 2089 3185 2175 ein ähnliches Thema leicht angerührt ist. In dem Gespräch "Räuber und
745 2146 3276 2238 Mörder" erzählst Du ganz flüchtig eine Geschichte, die mir ein geborener
751 2209 3169 2295 Schwank scheint: von dem Hofrat, der den Dieb leitetig, ihn nicht anzu-
742 2269 3153 2380 zeigen. Wäre ich der liebe Augustin, so redete ich Dir zu, die Szene
751 2332 1225 2408 zu schreiben.
751 2361 3257 2474 -Manches habe ich schon gekannt, und mit Vergnügen wieder gelesen. Lieb
745 2446 2295 2528 ist die Pantomime. Wird sie wer componieren?
1502 2497 2437 2607 Ich grüsse Dich herzlichst
2421 2522 2831 2642 Dein Aethur
735 2598 1127 2721 26.10. 901.
