3705 4408
686 491 943 777 ###) 25,
677 755 1408 894 Mein lieber Hermann,
683 881 3145 969 ich schicke Dir heute die drei Einakter. Mein Bedenken, die Kürze des
690 956 3152 1031 Abends betreffend, ist wieder rege geworden. Und ich habe die Absicht
696 1015 3152 1093 einen vierten Einakter, der mir /i gestern einfiel, und in Sinn und For-
690 1070 3220 1155 zu den bisher vorliegenden passt, zu schreiben. Ob ich gleich die rechte
696 1129 3168 1210 Stimmung dafür finden werde, ist natürlich noch nicht ausgemacht. Jeden-
696 1164 3269 1272 falls bitte ich Dich, vorallem einmal diese drei Stücke zu lesen und x an
693 1246 3048 1324 in der Reihenfolge 1) "Die Frau mit dem Dolch", 2) "Lebendige Stunden"
690 1311 3239 1382 3) "Literatur". Es wäre schade, wenn der Abend an einem so äusserlichen
690 1363 3210 1444 Moment, wie den der Kürze scheitern sollte. Allerdings glaube ich, dass
696 1421 2966 1525 dieses Bedenken weniger für Wien als für Berlin in Betracht käme.
690 1499 3142 1626 Wenns Dir recht ist, komme ich wieder einmal in den Vormittagsstunden
690 1574 3308 1730 zu Dir herauf - sobald Du die Sache gelesen hast. Es eilt durchaus nicht.
683 1675 1665 1834 Herzlichst grüßt Dich Dein
2400 1786 2661 1929 Arthur
683 1815 1239 1952 Wien, 10.9.101.
1373 1912 1734 2020 G.C.H.F.P.P
686 1945 3158 2085 Der Zufall fügte es, dass ich, durch ein telefonisches Ersuchen Kadel-
683 2065 3070 2160 burgs veranlasst, die Stücke in der Direktion überreichte. Ich bat,
693 2121 3018 2212 dass man sie Dir zukommen liesse, was wohl bereits geschehen ist.
680 2221 3093 2313 Indess hab ich den vierten Einakter zu schreiben begonnen und hoffe,
703 2296 3109 2417 dass er sich, wie vielleicht noch ein fünfter den Zyklus gut einfüger
690 2361 1278 2462 wird, Herzlichst
680 2459 1025 2569 12.9.91.
680 2628 953 2752 adx 26)
670 2745 1246 2865 Lieber Hermann,
690 2817 3135 2963 es ist sehr freundlich von Dir, dass Du die kleinen Sachen so schnell
693 2934 3038 3025 gelesen hast. Die Verwandlungsschwierigkeit in der Frau mit dem Do-
693 2996 3051 3074 wirdhoffentlich zu beheben sein,- der Idiotismus des Publikums wohl
699 3051 2983 3139 schwerer. Mehr Sorgen aber macht mir die Besetzung. Ich bin nun
690 3139 3113 3197 einem vierten Einakter beschäftigt, für den ich mir gern den Mitter-
693 3148 3171 3262 vurzer aus der Erde kratzen möchte, und dass ich auch noch einen fünf-
696 3230 3051 3308 ten schreibe, ist niemlich sicher. In diesen beiden Stücken wird meine
690 3292 3103 3376 allerdings der „literaten-“rypus beträchtlich arweitert, dadurch aber
683 3350 3041 3448 für die "Uneingeweihten" klarer sein. Schön wärs halt, wenn einen
693 3409 2921 3496 sehr scharfes Wort als Gesamttitel einfiele, das für die andere
696 3461 3119 3614 deutlich wäre, wie für unsereinen das Wort "literat", über doch noch
693 3548 868 3636 sagt.
2273 3545 2391 3679 Dem
839 3555 1408 3711 4ärzlichen Gruss
677 3692 1034 3825 13.9.901.
