3754 4440
767 484 912 622 48)
2344 503 2747 690 11.11.903.
774 590 1338 729 Lieber Hermann,
780 654 3269 809 ich habe mich gleich an Julius gewandt, da mir diese Titelsache selbst
787 761 3050 899 nicht erinnerlich ist-, Er wird Dir wohl gleich direkt anworten.
783 819 3301 983 In einem Brief von Brahm, der vorgestern anlangte, ist von einem Termin
780 928 3272 1038 meines Stückes noch nicht die Rede-, Er schreibt mir nur die xxxx Be-
793 983 3288 1099 setzung und will alles Nähere nächste Woche mündlich mit mir besprechen.
783 1012 3337 1170 Er kommt, (was vielleicht noch niemand wissen soll?) zum Fulda her. Nach
796 1090 3295 1248 dem Telegramm an Dich zu schliessen, dürftest Du wohl vor mir, etwa An-
787 1190 1725 1293 fang Dezember, drankommen?
787 1270 1564 1438 Herzlichen Gruss Dein
767 1441 2995 1641 4) Auch einige (nicht beträchtliche) Aenderungen schlägt er vor.
2176 1615 2760 1812 Wien 13.11.903.
799 1705 932 1850 49)
796 1799 1351 1966 Lieber Hermann,
793 1883 3391 2044 mit herzlichem Dank folgt der Recurs zurück. Wie denkst Du also über Ver-
803 1999 2018 2144 öffentlichung in einem ausw.Blatt?
796 2089 2054 2253 Hast Du neue Nachrichten von Brahm?
2031 2166 2353 2357 Auf bald
2344 2250 2753 2382 Herzlichst
2579 2321 3017 2511 Dein Arthur
806 2505 945 2656 50)
1015 2585 2921 2763 (Telegramm) nach Berlin,Deutsches Thaater) 13.11.903.
1028 2740 2985 2959 Herzlichen Glückwunsch und Gruss Dein Arthur Schnitzler
