3632 4423
813 532 942 655 40)
1958 542 2567 684 Wien, A 6.4.903.
800 668 1387 800 Lieber Hermann,
806 764 3306 887 ich glaube wir befinden uns beide in einer sehr ähnlichen Situation der
813 877 3277 942 Oeffentlichkeit gegenüber: Was immer wir tun oder unterlassen werden -
813 935 3196 1000 eine kompakt-verträkte Majorität wird schimpfen. Es wird also immer
813 980 3290 1058 notwendiger find sich sich ausschliesslich nach den zu richten, was wir
813 1042 3280 1113 selbst für das Vernünftige halten - auf die Gefahr hin dass wir uns ge-
806 1106 3260 1190 legentlich irren. Willst Du mir Deinen neuen Band widmen, so sehe ich
813 1161 3180 1235 darin nichts anderes als den neuesten Ausdruck für die Herzlichkeit
806 1203 3302 1313 unserer Beziehungen, zu der wir uns ja wahrhaftig schwer genug durchge-
806 1280 3225 1351 rungen haben. Ich freue mich nun umsomehr, dass wir soweit sind dass
803 1296 3309 1406 wir einander wirklich verstehen und - was in diesen Jahren doch eigent-
806 1377 3306 1480 lich doch recht selten vorkommt, uns - ich schliesse von mir wohl nicht
816 1442 3248 1532 ganz verfehlt auf Dich - einander jenseits von Literatur und allerlei
813 1496 3209 1574 Getriebe - gern haben. Ich für meinen Teil nehme also die Gefahr auf
803 1522 3380 1645 mich, neuerdings als mit Dir vercliget angesehen zu werden, - (obzwar ich
813 1625 3348 1696 nachweisen könnte, dass ich nie eine mehrere Kritik über Dich geschrie-
416 1593 780 1742 lobende
806 1683 3273 1751 ben habe) - und mehr als das - ich danke Dir aufrichtig für Deine lie-
806 1738 3377 1825 benswürdige Absicht. Eine Bitte füg ich bei, obwohl sie recht überflüssig
806 1800 3215 1870 sein dürfte: sage mir nichts "freundliches" oder „schönes" in Deinem
806 1858 3238 1958 Widmungswort, die Tatsache der Zueignung allein ist mir Freude genug.
797 1954 3283 2038 Eben erst merke ich, dass Du mir auf einer Extraselte den Wertlaut der
809 2006 3331 2103 Widmung schon mitgeteilt hast. Sie ist einfach und schön. Ich danke Dir.
809 2083 3338 2170 Die Nachricht des "Neuen Wiener Journals" ist unwahr, mindestens um sehr
800 2141 3306 2225 geraume Zeit verfrüht. Erinnerst Du Dich, dass wir gerade am Tag vorher
800 2203 3312 2290 mit einem Herren des N.W.J. über die Büberei gesprochen haben, die durch
806 2248 3144 2335 die journalistischen Einmischungeins Privatleben verübt werden?- In
797 2280 3280 2438 meinem Fall war es ja zufällig gleichgültig. - Aber es hätte ebenso gut
806 2383 2245 2474 eine freche Indiskretion sein können.
809 2474 3367 2564 -Wie steht es mit Deinen Reise- und Erholungsplänen? Ich hoffe Dich jeden-
806 2557 3270 2632 falls sehr bald zu sehen.- Immerhin verständige mich. Denn ich möchte,
800 2577 3348 2722 wenns Dir nicht unangehehm ist, auch ganz gern ein paar Tage in die Rei-
800 2680 1384 2777 chenauer Gegend.
800 2751 3396 2864 Zum Kapital Reigen: Salten hat sein Feuilleton vorläufig in der "Zeit" auch
797 2838 3312 2944 noch nicht unterbringen können. Warum? Mein Schwager war entsetzt, als
806 2899 3241 2986 er durch Singer erfuhr, dass von diesem verderblichen Buch an hervor-
797 2961 3248 3070 ragender Stelle Notiz genommen werden solle und riet ihm dringend ab.
800 3035 2270 3138 Singer: "Sehen Sie, sogar der Schwager...
797 3109 3344 3238 Man ernenne doch endlich den Storch zum Ehrenbürger der Menschheit. Herz-
797 3199 1738 3315 lichen Gruss Dein getreuer
2332 3222 2590 3348 Arthur
619 3699 1267 3847 Notiz über unsere Heirat.
