3733 4441
1661 498 1933 651 1e à 2e
2391 598 3042 727 Wien, 17.3.1930.
834 631 1013 757 118)
837 751 1574 883 Mein lieber Hermann,
847 820 3374 963 Dein Heimweh nach Wien und das Deiner verehrten Gattin hat auch mir ans
854 917 3394 1030 Herz gegriffen, und der Hofrätin, mit der ich neulich davon sprach. Aber
860 970 3371 1083 so wenig wie ich den Kobelpreis kriegen werde, so wenige habe ich in Oes-
860 1030 3374 1152 terreich zu sagen, sonst hätte ich Dich längst wieder ans Burgtheater ge-
860 1086 3301 1216 rufen, (auf die Gefahr hin, dass Du mich wieder nicht aufführst, auch
860 1136 3444 1269 ohne Poldi) - und wie erst Frau Mildenburg in die Oper oder wohin sie sonn
854 1209 3401 1322 möchte, - und in der Musik geht ja meine Objektivität noch weiter als in
873 1262 3374 1402 der Literatur. Aber je weniger man versteht und je mehr man liebt, umso
857 1365 1511 1471 gerechter ist man.
867 1412 3434 1558 Aber Scherz beiseite, was bindet Dich eigentlich an München? Ich habe das
870 1495 3378 1604 Gefühl, dass Deine Leiden und - entschuldige - Deine Hypochondrien sich
860 1551 3338 1664 hier zumindest lindern würden. Es würde viele freuen, auch manche, die
860 1611 3232 1730 nicht in allem Deines Sinnes sind, Dich wieder hier zu wissen. Denn
864 1644 3354 1784 wissen wir überhaupt welchen Sinnes wir sind. Kaum welchen Herzens. Be-
867 1714 3374 1843 ziehungen auch unterbrochene, auch gestörte, sind das einzige Reale in
877 1774 3335 1896 der seelischen Oekonomie. Wenn mir meine Vergangenheit erscheint, bist
870 1803 3544 1963 Du mir immer einer der Nächsten, und so kann es auch in der Gegenwart nicht
870 1946 1312 2043 anders sein.
864 1996 3338 2149 Klingt das nicht ein bisschen nach fünften Akt erste Szene? Sagen wir:
880 2069 3338 2195 vierter, - vorletzte. Wir wollen nicht sentimental werden. Ich bemerke
870 2129 3291 2305 mit angemessener Kühle: Hoffentlich sieht man sich einmal wieder. Es
877 2239 1285 2332 wäre schön.
2295 2305 2567 2415 Arthur.
873 2308 1428 2458 Von Herzen Bein
2361 2395 2707 2537 5.9.1931.
873 2441 1023 2574 119)
947 2508 1495 2627 Lieber Hermann,
890 2567 3318 2713 ich lese, dass Dein "Konzert" jetzt als Tonfilm erscheint, nachdem es
890 2620 3388 2770 vorher, so weit ich mich erinnere, auch schon als stummer Firm zu sehen
887 2707 3344 2830 war. Ich möchte nun gern wissen - falls es Dirn nicht unbequem ist mir
890 2767 3371 2883 darauf zu antworten - ob, resp. welche Ansprüche die seiner-
887 2800 3447 2946 zeitigen Verfertiger des stummen Filme an Dich gestellt haben. Ich erlebe
897 2876 3368 3002 es in jedem einzelnen Fall, so mit "Liebelei", "Anatol", "Fräulein Else"
890 2939 3404 3056 dass sich die seinerzeitigen Verfertiger der stummen Fassung freundlich
890 2999 3384 3119 erpresserisch gebärden, in welcher Haltung die Leute durch allerlei Ge-
897 3066 3338 3212 setze, Auffassungen, Bestimmungen - auch insoweit sie nicht vorhanden
900 3132 2444 3271 sind - mehr oder weniger unterstützt werden.
890 3225 3451 3384 Wolltest Du mir bei dieser Gelegenheit auch sonst ein Wort über Dich und
897 3311 2767 3424 Dein Befinden sagen, so wird es mich herzlich freuen,
890 3378 3315 3550 Mit vielen Grüssen und der Bitte mich Deiner verehrten Gattin zu
2391 3484 2574 3587 Dein
903 3527 1252 3627 empfehlen
2527 3507 2816 3643 Arthur-
903 3653 1558 3783 Herrn Hermann Bahr
893 3760 1212 3863 München.
