3746 4440
846 691 1002 812 10)
856 859 1409 999 Lieber Hermann,
862 983 3124 1086 Deine Ansicht betreffs dieser weitgehenden Rechte des Regisseurs
865 1058 3261 1145 und des Vorlesers - nach Belieben zu streichen und zu ändern!- teile
868 1129 3214 1204 ich durchaus nicht. In Hinsicht auf "Regisseur" und auf “Streichen“
852 1176 3323 1279 könnte man ja manches zugeben.- Beim Theater handelt es sich nicht nur
865 1251 3127 1316 um einen Abend und das Misslingen des ersten kann natürlich die
868 1316 3261 1388 schwersten Folgen haben. Auch versteht der Regisseur manchmal besser
865 1375 3251 1444 als der Autor, was des letztenen Vorteil ist. Der Vorleser hat diese
856 1416 3310 1518 Entschuldigungen nicht für sich. Er hat einfach die Pflicht, die Dinge
862 1484 3021 1562 so zu lesen, wie sie geschrieben sind. Ich will ihm noch etwas
859 1537 3251 1615 zugestehen: findet er das betreffende Werk zu lang und ist der Autor
859 1581 3320 1689 unerreichbar für ihn - zum Beispiel dadurch dass er gestorben ist oder
856 1668 3145 1733 irgend einen anderen Ausflug in besondere Fernen gemacht hat,- so
852 1721 3136 1795 mag er kürzen. Kann er aber den Autor finden, so überlasse er ihn
856 1773 3145 1861 die Kürzungen und lege ihm mindestens die seinigen (die des Vor-
862 1829 3264 1907 lesers) vor. Aenderungen sind absolut unstatthaft, wenn sie nicht vom
859 1889 3285 1966 Autor selbst oder mit Zustimmungen des Autors gemacht sind, wobei noch
856 1960 3217 2029 zu bedenken ist, dass auch gewisse Streichungen in ihrem Effekt nur
856 2013 3251 2081 dem Sinne nach als Aenderungen zu gelten haben. Würdest Du beispiels-
862 2063 3285 2134 weise, um etwas Naheliegendes zu citieren, den Schluss von 'Die Toten
859 2122 3298 2197 schweigen" streichen, so würdest Du auch ändern.- Wohin käme man also,
852 2190 3307 2281 wenn Deine Idee über die Souveränität des Vorlesers zu Recht bestände)
859 2287 3292 2383 -In meiner Nov. die Du vorlesen willst bitte ich Dich zwei Lapsus' zu
852 2343 3354 2439 corrigieren: auf der vierten Seite, Zeile 22 ist der Satz zu streichen:
871 2414 3254 2480 "Die Scheiben klirren nur so stark weil der Sturm - " (der Wagen ist
849 2464 3149 2567 nemlich offen, hat keine Scheiben, die aus einer früheren Fassung
856 2533 1665 2635 stehen geblieben sind.)
849 2626 3205 2750 Auf der 16. Seite, Zeile 14, steht einmal Wohnzimmerthür statt "Woh-
846 2701 1279 2803 nungsthür".
849 2794 3320 2912 Dass ich nicht dabei sein kann, wenn Du die Geschichte liest, bedaure
849 2872 3217 2949 ich wirklich. Du wirst sie gewiss zu starker Wirkung bringen. Herz-
849 2943 1335 3040 lichen Gruss.
2091 3021 2592 3155 Dein Arth Sch
849 3149 1391 3279 Wien, 14.11.97.
