3746 4440
851 615 996 750 9a)
885 845 1460 1005 Lieber Hermann,
901 894 3243 1070 wenn Du also "Die Toten schweigen" lesen wirst, wirds mich freuen.
2619 965 3357 1100 — fällt das eben ein,
907 1054 1491 1165 Nur bitte ich Di
910 1045 3347 1190 wie ich die Geschichte selbst wieder durchless und z.B. die Schilderung
907 1128 3375 1254 der Reichsbrücke sehe, die ja gewiss zum "Verständnis" des ganzen nicht
904 1196 3320 1309 netwendig ist, aber für die Stimmung so unerlässlich,- wie schliess-
904 1260 3261 1359 lich alles, was der Autor zu rechter Zeit erwähnt. Hiemit will ich
913 1276 3310 1509 also Deine xxxx eventuellen Kürzungsideen im Mutterleib erwürgen-
894 1426 1700 1565 Herzlich grüssend Dein
2299 1540 2471 1663 rthur
898 1601 1266 1737 11.11.97.
