3746 4440
729 564 873 702 17)
757 683 1213 821 Lieber Bahr,
2800 778 3220 898 geschrieben
2684 778 2767 888 ohl
766 781 2479 913 die Sache stimmt nicht. Ich habe Dir von Anfang
2678 867 3199 956 dere, geben kann
772 892 2500 980 als gesagt, dass ich Dir das Stück erst nach der
2813 925 3202 1011 aüesgericht
769 938 2515 1039 und will-, Ja, vor etwa drei Wochen, als ich Dich
2739 971 3306 1060 reits feststand,
775 1005 2537 1091 strasse begegnete und der Aufführungster
2472 1045 3290 1146 eine beträchtliche Zeit
778 1057 2350 1152 sagtest Du selbst, dass Du es erst im Mai (a)
766 1115 2335 1241 nach der Aufführung) abdrucken wolltest.
766 1189 2561 1311 Wozu also lässt Du Dich in die von mir von vornhere
766 1284 3048 1379 kussion ein. Es war halt eine, na sagen wir, eine Schlamperei von
757 1342 3104 1510 Meine Verwunderung ist so gering als mein Gram, und damit Schluss.
757 1446 1648 1596 Ich grüsse Dich bestens.
2163 1550 2335 1673 Dein
2301 1654 2638 1798 Arth Sch
760 1697 1216 1814 Wien 9.3.99.
778 2123 916 2233 18)
772 2221 1336 2371 Lieber Hermann,
775 2307 3235 2445 ich danke Dir vielmals für den "Franzl", den ich mir auf einen kurzen
778 2399 3232 2503 Landaufenthalt mitnehme, um ihn mit Musse und Vergnügen zu lesen. Ich
784 2457 3174 2561 will Dich gleich was fragen. Im Sommer habe ich eine mässig lange Ge¬
781 2509 3220 2613 schichte geschrieben, die sich ausnehmend zum Vorlesen eignet und die
781 2570 3174 2684 niemand besser vorlesen könnte als Du. Bevor ich Dir das Manuskript
2733 2616 3254 2724 Einverständnis
787 2650 2408 2773 schicke (Typerritten) möchte ich nur Dein prin¬
781 2711 1654 2813 haben. Herzliche Grüsse.
2249 2819 2531 2963 Fthur Soldation,
705 2858 1115 2993 1.10.900.
772 3039 987 3168 17 b)
781 3134 1345 3278 Lieber Hermann,
784 3260 2558 3352 ich habe garnichts dagegen, wenn Du Herrn Dr.Geiri
3245 3272 3407 3441 renl.
2941 3195 3211 3404 kann e:
803 3336 2549 3416 "Reigen" leihweise zur Verfügung stellst. Ich selb
2901 3382 3192 3474 schenken.
790 3392 2537 3477 lich ein Buch von mir nicht herleihen. Müsste es
775 3468 2549 3582 und dazu reichen mir die Exemplare nicht mehr. Herr
2249 3533 2540 3664 Dein Art
812 3683 1170 3814 15.5.900.
