3590 4440
664 687 1325 829 100) (Fortsetzung)
670 774 2938 939 Einzige, der ihn heute überhaupt spielen könnte, ist Moissi. Rei
2734 874 2918 952 Wien die
693 887 2708 972 als ich ihm das Stück vorlas, war auch ganz entschlossen.
3200 881 3287 988 1-
693 933 3161 1027 zuzuteilen, erst später erfuhr ich, dass er das Stück nur dann geben weg
687 985 3287 1091 te, wenn ich ihm noch ein zweites überliesse, worauf ich aus prinzipiellen
690 1049 3070 1150 Gründen nicht einginging. Bei Reinhardt wären zweifellos auch die Masse
696 1085 3261 1202 setzenen besser herausgekommen als es bei uns der Fall sein wird. Aber die
680 1153 3261 1266 übrige Besetzung hier ist zum grösseren und wichtigeren Teile von der Art
687 1215 3171 1321 dass keine deutsche Bühne sie heute besser bieten könnte. Die Bleibtreu
693 1263 3206 1380 als Frau Klähr. Balaithy als Eschenbacher, Tressler alsätzelt, Korff als
690 1341 3151 1448 Wohshuber, Hartmann als Herzog, Heine als Assalagny, von der Medelsky,
693 1393 3142 1503 der Wohlgemut, von Reimers und Strassny und Heller und Anderen ganz zu
696 1435 3232 1571 schweigen, das sind Leistungen im Einzelnen, meist auch im Zusammenspiel.
693 1506 3031 1616 dass Du, lieber Hermann, wenn Du die Vorstellung zu sehen bekämest,
680 1545 3210 1691 geviss nicht von herundilettierenden Herrschaften sprächest, sondern das
700 1616 3187 1762 denen überliessest (es wird ja nicht an ihnen fohlen) denen vorgefasste
680 1684 2834 1785 Meinungen den teuersten und ach so bequemen Besitz bedeuten.
2818 1746 2999 1807 G.C.H.F.P
1710 1772 1840 1830 G.C.H.F.P.P
680 1775 3174 1911 Nun will ich Dir noch von Herzen glückliche Vortragsreise wünschen und
696 1827 3255 1956 diesmal die Hoffnung nicht vergeblich aussprechen Dich und Deine verehrte
696 1908 3261 2021 Frau Gemahlin recht bald nach Deiner Rückkehr bei uns zu sehen. Ich selbst
693 1972 3177 2073 fahre etwa am 7. Dezember nach München (Vorlesung) und auch nach Parten-
696 2011 3232 2212 kirchen zu meiner Schwägerin. Um den 15. herum denke ich wieder daheim zu
700 2131 894 2231 sein.
687 2228 1606 2325 Mit vielen treuen Grüssen
1901 2209 2047 2416 Dein
2102 2361 2390 2487 Arthur,
2316 2578 2708 2701 19.11.1910.
690 2620 865 2737 lol)
693 2717 1457 2837 Mein lieber Hermann,
700 2789 3038 2963 beim Durchsehen der Abschrift meines letzten Briefes an Dich merk
703 2886 3019 3022 dass meine Schreiberin eine Stelle ("dies ganz unter uns") irrtünd
703 2963 2698 3074 unter - statt durchstrichen hat. Zur Vermidung von Misve¬
700 3025 2772 3132 Es ist natürlich kein Geheimnis, dass die Burg heute keinen
703 3080 2753 3206 Mit wur nur eine Bemerkung gegen Gerasch (persönlicher Ar-
703 3129 2659 3287 tieren durch den Kopf gegangen, die aber, vor der Auffür
706 3213 2377 3323 ich nicht richtig gefunden hätte. B Pedantisch
706 3375 871 3514 102)
706 3465 1597 3601 Herzlichen Dank, lieber xxx
703 3579 1613 3663 Bayreuth-Buch, das ich von
703 3640 1632 3725 Lektüre ich mich sehr freu
709 3890 1273 4055 Mein lieber Herr
