3765 4423
1631 502 2972 654 Wien XVIII, Spöttelgasse 7, 11. Okt. 07.
701 532 869 657 81)
691 634 1257 755 Lieber Hermann,
883 731 1169 799 aber xxx
711 752 2656 849 ich danke Dir sehr, dass Duf mir ermöglichet hast Dein
1277 832 2443 900 weg als Scherz bezeichnest nehme 1
711 842 1169 923 Dass Du es ko
711 896 2480 960 durchaus Vergnügen und sehr oft Freude daran gehab
711 954 2554 1028 leicht Gestalten wie Korz und Fanni, auch Jason und
708 994 2662 1085 ernster bewegten Welt wiederzufinden, wie ich überhaupt
708 1051 2696 1136 und Karikaturistik in dem Stück noch höher werten möchte.
701 1105 2851 1203 Element. Ich hoffe (aus praktischen Gründen) Du bereitest das
708 1163 2989 1250 einen glücklichen Untertitel ein wenig vor, wie es seine Augen ei-
704 1217 3198 1318 hat, um mit ungestörter Lust schauen und geniessen zu xxx dürfen. Nennst
711 1277 3222 1388 Ganze vielleicht burdenke Komödie oder so ähnlich. Ferner, wenn mir ein
711 1331 3306 1436 scheidener Rat gestattet ist, würde ich die Schlussscene des zweiten Aktes
721 1388 3316 1493 (den schwarzen Kuss) streichen, da mir ihr Humor zu Kadlbürgerlich scheint
711 1456 3205 1557 im Verhältnis zu der grotesken Laune, die sonst durch die Komödie fegt.
711 1503 3397 1624 Ob es den Leuten möglich sein wird sich ganz nach Deinem Villen in die gemäs-
708 1570 3212 1675 sigtere Haltung des Schlusses zu finden, vag ich nicht vorher zu sagen.
711 1604 3414 1725 das, was den "Vitz" in Deinem Stück vorstellt, reicht natürlich auch das aus,
704 1678 3249 1789 was am Ende die "Pointe" wird,- und das burleske, wiedersetzt sich seiner
711 1739 3218 1850 ganzen Natur nach jeder endgiltigen Erledigung. Es ist gleichsam aus dem
714 1773 3340 1891 Chaes selbst geboren, während der Witz doch immer ein Spross des Tages ist,
711 1840 3410 1961 in einer Art von festem Verhältnis zu unsern Sitten, unserer Ordnung, um erer
711 1918 3269 2012 Tradition steht, auch wenn er sich über sie lustig zu machen scheint. Der
711 1968 3279 2079 Witz bold besieht sich die Erde von einem Fesselballon aus, der Burleskant
711 2029 3282 2126 schwebt frei in den Küften. In ihm steckt so sicher ein Anarchist, wie im
711 2083 3309 2190 Witz bold ein Pedant. Dies nur nebenbei (wie es das Los der allgemeinen Be-
701 2153 3232 2258 merkungen nun ist) im übrigen glaub ich, dass sich die Leute bei Deinem
708 2211 3269 2329 Stück sehr amüsieren werden, selbst wenn sie es verstehen sollten.
3202 2258 3289 2319 G.C.F.P
1045 2298 1136 2366 G.F.P.
698 2302 3400 2463 Herzlichste Grüsse auch von meiner Frau, lass doch von Zeit zu Zeit ein Vort
711 2413 1230 2507 von Dir hören.
2517 2403 2703 2528 Dein
2656 2463 2939 2602 Arthur.
1092 2605 1510 2709 Vertraulich
701 2618 836 2743 82)
2379 2639 2763 2763 16.12.907.
694 2784 1267 2925 Lieber Hermann,
704 2831 3242 3009 ich weiss nicht, ob Du noch in Wien bist- schreibe Dir jedenfalls an Deine
711 2955 3299 3070 Vr Adresse, aufsuchen könnte ich Dich keineswegs, weil meine Frau sich eben
711 3009 3225 3117 in Rekonvaleggenen von einem Scharlach befindet - (doch schon gekrüftigt
704 3073 3080 3181 nug, um Dich herzlichst zu grüs sein und Dir mit mir zu dem nachtigel
704 3137 2939 3242 Erfolg schönstens zu gratulieren) - also unter uns formeller An-
704 3191 2935 3303 Hebbeltheaters liegt mir vor: Beatrice nächste Saison, Ritscher
708 3259 2494 3370 Meine Frage an Dich: Hältst Dus 1) für wahrscheinlt
2187 3319 2514 3390 Jafalle
714 3336 1988 3427 die Beatrice reflektiert? 2) hältst
2629 3367 2757 3458 schar
2814 3340 2935 3451 zu
711 3377 2430 3535 tischer als Hebbeltheater? 3) in welcher Zeit wäre
711 3437 1793 3572 Entscheidung zu veranlassen?
718 3515 2416 3670 -Du bist nicht böse, wenn ich Dich nochmals um veran-
698 3653 1695 3818 handlung der Angelegenheit
1904 3690 2642 3822 Herzlichst der Deine
