3765 4423
2139 464 2524 605 20.12.907.
746 522 897 637 83)
775 692 1339 810 Lieber Hermann,
797 759 3170 926 ich danke Dir herzlich. So ungefähr hab ich mir Reinhardts Verhältni-
797 839 3154 980 zur Beatrice (und Verfasser) vorgestellt. Ich werde also mit Hebbel
2927 890 3097 964 und die
801 906 2645 1031 schliessen - und darf wohl aussprechen, dass der Geda
2751 900 2901 967 Da
801 945 3193 1095 burg wollten sich der Ritscher und der Beatrice annehmen, mich höchs
807 1006 3283 1140 tuend berührt. In den Delirisen meiner Frau kam es übrigens öfters ver,
804 1060 3286 1204 dass Du und die Mildenburg oben auf dem Kasten sassen! Dieser Platz war
801 1111 3305 1265 für Euch reserviert.- Die übrigen Gestalten trieben sich in tieferen Re-
804 1169 3295 1329 gionen herum. Jetzt scherzt man darüber! So gut es Olga im Ganzen schon
804 1198 3379 1383 geht - wir müssen noch längere Zeit contumasiert bleiben. (Unser Bub wohnt
810 1284 3369 1441 seit 14 Tagen bei seiner Grossmann). Also ob ich Dich noch vor Deiner Ab-
801 1332 3267 1512 reise sehen werde? Mir wärs natürlich sehr lieb. (Für alle Fülle seis
813 1383 3366 1547 sagt: ich bin sorgfältig desinfiziert ehe ich Briese schreibe). Vielleicht
807 1454 3359 1620 hast Du Zeit mir wenigstens in ein paar Zeilen etwas über Dich zu sagen.
804 1505 3308 1675 Ich weiss so gut wie nichts von Dir.— Herzlichst grüsst Dich (und meine
817 1630 1572 1736 Frau tut desgleichen)
2405 1697 2648 1864 Arthur
2591 1822 2927 1976 13.I.908.
1720 1905 1864 2002 G.C.F.P
817 1912 1156 2040 84)
813 2014 1553 2171 Mein lieber Hermann,
833 2059 3219 2242 erst heut dank ich Dir für Deinen guten Brief vom 23. vorigen Monats.
829 2130 3302 2315 Mit Hebbeltheater habe ich abgeschlossen - doch hör ich von Vallentins
833 2197 3337 2357 Gesundheitszustand Ungünstiges. (Und über das Theater selbst (unter uns
836 2242 3395 2444 nichts sehr Hoffnungsreiches.) Meine Frau liegt noch, die Contumaz dauert
842 2319 3395 2476 etwa noch 10- 14 Tage. Schreib mir ein Wort, wann Du nach Berlin führst.
845 2402 2757 2639 Wie gern spräch ich Dich bald wieder. Herzliche Grüsse.
2882 2460 3030 2600 Art
2264 2607 2616 2719 24.I.908.
839 2658 986 2799 85)
833 2761 1403 2930 Lieber Hermann,
852 2805 3286 3001 ich danke Dir herzlichst für Deine freundlichen Glückwunsch! Wie lang
845 2975 1614 3129 bist Du noch in Wien?
2287 2950 2463 3097 Der
2488 3004 2761 3145 Arthur,
852 3183 1662 3331 86) (Ansichtskarte
858 3286 1486 3433 Herzliche Grüsse
871 3395 1460 3542 Olga Schnitzler.
874 3520 1393 3676 87) (Ansie
974 3648 1217 3795 ärzliche
