3754 4440
706 561 841 674 63)
1966 642 2469 770 Wien 30.7.905.
703 661 1273 803 Lieber Hermann,
712 774 3230 909 Dein neues Stück hab ich in Reichenau gelesen und an Richard abgesandt.-
712 887 3146 996 Es hat mich durchaus interessiert, und allerlei menschliches hat nicht
729 957 3127 1051 tief bewegt - gegen das Stück, d.h.gegen das fünfaktige Gebilde, das
732 1022 3098 1109 von 2000 Menschen zugleich angehört und verstanden werden soll, hab
732 1077 3092 1180 ich manches Bedenken. In wenigen Worten ausgedrückt: es mangelt dem
729 1103 3195 1228 Ganzen zuweilen an künstlerischer Oekonomie. Nahmen wir an, Du hättest
725 1170 3275 1299 mir nur den 5. xxx Act zu lesen gegeben. Da hätt ich gesagt: Donnerwetter,
729 1248 3124 1354 ist das merkwürdiges xxxing - und hätte mir allerlei erste 4 Acte dazu
729 1302 3195 1409 gedacht, die vielleicht alle nicht so gut gewesen wäre als Deine, aber
735 1370 3092 1467 besser zu Deinem fünften (wie ich ihn empfinde) gepasst hätten. Von
732 1418 3233 1522 Deinem 5. Act geht ein Licht aus, das mir nach Vorwärts deutet, aber den
729 1480 3162 1580 Herweg im Dunkel lässt. Man darf immer behaupten 2 mal 2 ist 4,- aber
735 1538 3159 1644 wenn man sagt: Ergo ist 2 mal 2-1-t 4, so verpflichtet dieses Ergo zu
738 1596 3150 1702 einer vorhergegangenen Rechnung. Natürlich fühlst Du dieses Ergo sehr
738 1657 3124 1760 gut - aber Du hast es mich nicht dramatisch nachfühlen lassen. Etwas
732 1673 3301 1815 ähnliches hab ich zum 1. Act zu bemerken. Besenius. Ich bediene mich wieder
738 1763 3156 1873 eines Vergleichs (um das Recht zu haben etwas falschhes zu behaupten!)
741 1831 3133 1934 Wenn sich ein Musiker zum Flügel setzt, so beginnt er zu präludieren
748 1876 3272 1992 (manchmal) ehe er sein eigentliches Stück spielt. Er deutet die Stimmung
738 1947 3162 2057 und die Harmende des Stückes,- vielleicht auch nur seine eigene Laune
741 1999 3175 2108 an. Deine Besenius-Soche ist solch ein Präludieren, dass Du schon als
735 2057 3137 2170 Beginn des wirklichen Stückes ausgibst. Man glaubt Dir lang. 1,2,3,4
738 2086 3272 2224 Acte hindurch - dann wenn Dein Besenius noch einmal aufträte, behieltest
738 2176 3269 2282 Du vielleicht recht. Damit dass seine Ideen sozusagen wieder erscheinen,
745 2234 3211 2344 ist nichts getan: hier war ein Mensch, der innerhalb der Oekonomie des
751 2279 3346 2402 Ganzen zu mehr bestimmt schien, als einige xxx schöne Dinge auszusprechen
745 2353 3137 2515 und er schminkt sich nach der ersten Seene ab. Das verzeihen wir Dir
748 2431 2305 2534 so wenig wie die bekannte ungeladene Flinte.
745 2482 3179 2631 Dass Amschel ist wie er ist, das ist Dein Wille und Dein gutes Recht.
745 2579 3185 2718 Ich glaub an ihn. Ob man ihn, aus rein praktischen Gründen, nicht von
761 2637 3150 2747 einigen Widrigkeiten befreien solte, wäre zu überlegen. Wäre ich eine
754 2689 3214 2814 grosse Violinvirtuosin nicht um die Welt liess ich mich von einem Kerl
748 2756 3246 2879 anrühren, der öfter als 6 mal in der Minute Schnudelchen sagt. Aber das
748 2814 3246 2930 ist ja Geschmacksache. Wie oft aber stört uns an einer Frau nur der Ge-
758 2866 3308 2982 danke an den, der sie besessen hat. Und ist das Publikum nicht gerade sot
754 2947 3140 3050 Das Problem ("Die andere") wird nicht im geringsten touchiert, wenn
751 2992 3285 3104 Amschel ein wenig umgänglicher erscheint. Die ganze Stimmung des letzten
754 3043 3237 3169 Aktes ist höchst seltsan, besonders merkwürdig die zwei neuen Personen
758 3108 3192 3211 wie Lida in die Umgebung gerät, ist mir nicht sehr klar geworden, ihr
751 3156 3250 3275 Hiersein hat was melodramatisches, wenn auch ringaum alles ins Grotesk-
751 3221 3250 3337 Phantastische geht. Die Sterbesoene, die zwei Männer bei ihr - das ist
751 3288 3221 3398 kühn. Kühn gewiss. Ob es noch mehr ist, weiss ich heute nicht. Von
754 3324 3230 3453 mitteilender Qual die Soene zwischen Heinrich (?) und der Frau v. Jelle
761 3401 3153 3507 im 4. Act. Wenn ich heute an das Stück denke, das ich vor acht Tagen
758 3433 3262 3565 gelesen, so ist es mir xxErinnerung an zuckende menschliche Her-
1638 3533 2028 3620 vre die
845 3569 941 3643 en¬
2695 3585 3117 3707 Meine Frau,
2489 3598 2627 3717 meh
754 3611 2124 3746 Ich hoffe, es geht Dir gut. Von mir Bösz
774 3675 3224 3865 die das Stück auch mit tiefster Anteilnahme gelesen, grüsst Dich viel-
764 3798 974 3878 mals.
1244 3810 1644 3943 Von Herzen
2215 3846 2637 3978 Dein Arthur
