3646 4424
654 540 784 671 68)
2064 527 2451 664 13.10.905.
644 641 2682 781 Eben, lieber Hermann, kommt der Klub der Erlöser, und dazu
2721 644 3297 762 zum zweiten Mal
3053 742 3291 817 würdig-
2611 749 2744 833 Da:
654 755 2529 827 der arme Narr, den ich also schon gelesen, der mir ein
2868 804 3307 908 Art von Vor¬
651 810 2545 882 sten Predukte zu sein scheint, und den ich am liebsten
658 866 3115 934 spiel zu einem ganz volltönenden Drama auf dem Theater sehen möchte, daß
648 921 3154 993 aber natürlich auch von Dir sein müsste, und zu dem mir alle Klemente in
654 976 3157 1097 geheimnisvoller Weise schon in diesen seltsamen Akt zu liegen scheinen.
644 1097 3167 1191 Darf ich Dir bei dieser Gelegenheit gleich für Deine lieben Worte in der
644 1159 1784 1260 Volkszeitung die Hand drücken?
2855 1162 2965 1269 G.F.P.
638 1214 3209 1377 Sonntag oder Montag fahre ich fort, auf einige Tage nur, dann auf Wieder-
638 1331 872 1413 sehen.
1136 1413 1497 1527 Von Herzen
2155 1452 2584 1585 Dein Arthur
2194 1654 2549 1761 29.1.906.
631 1667 765 1790 69)
2552 1680 2650 1797 G.F.P.
618 1790 1191 1901 Lieber Hermann,
2594 1842 2731 1914 G.C.H.F.P.
2165 1839 2301 1917 G.C.F.P.
638 1852 3141 1979 es tut mir natürlich riesig leid, dass man nun auch mein Stück benützt,
635 1966 3043 2031 um Dir was unangenehmes anzutun, aber ich bitte Dich ja nicht diesen
631 2015 3102 2096 Ball als Kabinetsfrage zwischen Dir und der Intendanz zu behandeln.In-
635 2080 3122 2152 teressieren wird Dich unter diesen Umständen vielleicht, dass mir das
625 2142 3209 2217 Petersburger Kaiserliche Theater telegrafisch 1000.-Rubel Garantie bieten
635 2200 3203 2318 liess, wenn ich das Erscheinen des Buches in deutscher Sprache bis Okto-
618 2262 1566 2337 ber hinausschieben wollte.
1566 2321 1950 2461 Herzlichst
1946 2402 2223 2516 Dein A
625 2500 2438 2659 Kann man Dich nicht doch vielleicht einmal sehen? -
622 2624 1676 2770 Viele Grüsse von meiner Frau.
2226 2806 2575 2920 3.II.906.
628 2790 765 2926 70)
622 2913 1357 3063 Mein lieber Hermann,
2611 2962 2715 3079 G.C.F.P
658 3008 3138 3144 Ich fahre heute auf ein paar Tage nach Berlin. (Hotel Continental). Ist
628 3112 3245 3216 der "Ruf" als definitiv von der Münchner Hofbühne abgelehnt zu betrachten?
625 3187 3213 3314 Oder häIst Du es für möglich, dass ein eventueller starker Erfolg in Ber¬
622 3258 2913 3320 lin doch noch den Intendanten anders bestimmen könnte? In diesem
622 3297 3141 3405 möchte ich einen Antrag des Münchmer Schauspielhauses (der Fischer mit
2145 3362 2405 3460 storisch
2438 3353 2783 3460 ehandeln.
628 3366 2096 3489 schon seit Wochen vorliegt) vorläufig dili
1917 3460 2099 3564 Dein
622 3450 999 3587 Herzlichst
