3765 4440
508 726 1084 870 Lieber Hermann,
512 805 2377 975 herzlichen Dank für Deine freundlichen Glückwünsche.
529 866 3059 1057 Was Dich interessieren wird: verrissen hat mich nur einer, nemlich Herr
535 955 3120 1118 Peschkau in den "Beriner Neuesten Nachrichten", und weisst Du, was er zu
539 992 3257 1176 diesem Behufe getan hat? Einfach wörtlich citiert (mit Anführung der Quelle),
535 1081 3209 1234 was Du über mich sagst und daraus zwingend bewiesen, dass ich weder ein Dra-
535 1139 3253 1296 matiker noch ein Dichter bin, sondern dass mir selbst die Elementarkenntnisse
542 1245 2087 1381 zu diesen beiden schönen Stellungen fehlen.-
535 1289 3274 1459 Sehr erfreulich waren mir Deine Mitteilungen über das Märchen und Langkammer
546 1381 3107 1521 Urtheil. Aber ich habe sehr lebhafte Bedenken betreffs einer eventuellen
542 1432 3103 1599 Aufführung bekommen. Ich werde ja wohl bald Gelegenheit (haben), sowohl
546 1494 3086 1654 mir Dir als mit Langkammer darüber zu reden. Bis dahin beste Grüsse und
542 1627 1309 1760 nochmals vielen Dank.
2152 1650 2343 1797 Dein
2298 1770 2585 1920 Art Sch.
532 1818 1139 1985 Berlin, 7.II.96.
