3769 4441
787 781 886 917 8)
784 960 1339 1083 Lieber Hermann,
802 966 3284 1268 vielen Dank für keine freundlichen Bemühungen. Neues habe ich freilich
806 1111 2950 1228 nicht zu bemerken. Es freut mich sehr, dass Neumann-Hofer ger¬
799 1170 3077 1290 nächsten Stücke haben möchte. Aber, so wenig ich auch Reichtümer
806 1222 3105 1346 achte,- weder die 2 Perzent xxx mehr noch die Möglichkeit eine
809 1281 3111 1404 Einreichungshonorar zu bekommen (was wohl auch an manchen anderen
806 1333 3142 1463 Theater gelingen mag) können mich bestimmen, die angenehme Freiheit
802 1380 3176 1537 meiner Entschliessungen durch einen Kontrakt beschränken zu lassen.
799 1494 3256 1707 Ich begreife nur eines nicht: wieso dieser Standpunkt nicht von allen
812 1614 1892 1725 anderen Menschen geteilt wird.
812 1716 1895 1873 Wird man Dich bald hier sehen?
806 1809 1546 1975 Herzlich grüsst Dich
2170 1889 2352 2059 Dein
2302 2009 2639 2167 Arth Sch
809 2055 1339 2204 Ischl, 11.7.97.
809 2358 935 2531 9)
815 2555 1380 2694 Lieber Hermann,
824 2571 3275 2768 in den Berliner Blätter lese ich, wie sehr das "Tschapperl'" gefallen
815 2744 1827 2876 hat-, Gratuliere herzlichst!
1972 2790 2160 2941 Dein
2151 2889 2799 3071 Arthur Schnitzler
821 3034 1145 3160 27.9.97.
