5849 4280
629 277 875 426 l'a eu de même
237 309 429 426 G.F.P
5100 306 5303 589 J
2736 537 4645 709 — nur den Mann so schildert, räumt
483 515 2533 738 eine ganze Wirrniß von zwiespältigen
5080 569 5303 698 ssg '8
2659 672 4957 860 der Frau damit den Platz. Ich kann in den
5080 680 5326 843 G.C.F.P.
500 675 2459 886 verzwickten und widerspruchsvollen
2670 789 4711 1021 von Ihnen gemahlten Fällen die Richtig¬
4854 783 5014 941 P.
5080 812 5349 955 844º.64
489 826 2510 1018 Empfindungen hineingeräth? Auf mich
2682 935 4680 1138 keit Ihrer Darstellung in diesem Punkt
4894 966 5334 1103 D.J.H.F.P.
506 941 2579 1144 hat das „Märchen“ weit schwächer gemirkt
2693 1058 4683 1295 nicht recht beurtheilen, aber natürlich
4840 1101 5043 1198 P.S.P.
5109 1058 5326 1241 1039
512 1069 2499 1246 als der "Anatel" und es kam mir vor
486 1209 2539 1366 als sei eine viel geringere poetische und
2716 1221 4708 1404 bin ich als Frau, außerordentlich be¬
506 1332 2499 1515 plastische Kraft darin lebendig, aber der
2679 1289 4743 1567 reit, ihr ohne Weiteres jede nur denzbare
497 1469 2564 1678 Grund kann auch sein, daß ich Ihren Mär¬
2682 1481 4114 1681 Lebensmährheit zuzugestehn.
512 1607 2513 1792 chenfelden absolut nicht leiden mag und
3053 1589 4771 1784 Sie werden gemiß etwas ver¬
2707 1730 4766 1898 wundert sein, meine dieser gänzlich über¬
517 1732 2501 1901 deshalb dem Autor Unrecht thue. Auf¬
2699 1861 4754 2073 flüssige Brief Ihnen zukommt, doch das hat
509 1872 2473 2053 fallend ist es, wie schlecht der Mann
2679 1990 4746 2178 Ihr Freund, herr Dr Goldmann, ganz und
509 2004 2493 2178 überhaupt in Ihren Dichtungen weg¬
2722 2121 4777 2358 gar auf seinem Gewissen. Ich hätte sonst
535 2121 2513 2321 kommt, — so schlecht, daß man versucht
212 2196 420 2344 G.C.P.
2716 2230 4737 2479 vielleicht bescheidentlich den Mund gehabt
515 2298 2561 2433 ist, an ein klein wenig Verleumdung
5160 2338 5349 2464 G.C.F.P.
2722 2381 4760 2584 ten, da es nach meiner Erfahrung nur
532 2424 2573 2607 zu glauben. Gleichviel ob er sich als der
5114 2461 5343 2647 sse.S
2716 2513 4768 2710 wenig oder garkeine Freude macht, Stim¬
532 2541 2590 2684 verhältnißmäßig Brauere oder Bösere
5134 2619 5360 2742 -838.8
2730 2682 4766 2830 men aus dem Publikum über Arbeiten
520 2639 2544 2847 giebt, – immer ist er, neben der Frau,
5134 2727 5386 2893 844.84
2744 2762 4763 3007 zu vernehmen, die Einem doch an's Herz
526 2776 2604 2950 der Uninteressantere. Alle diese Frauen
4891 2836 5392 3039 erwaa soe ee
2724 2925 4763 3147 gemachsen sind, wenn sie was taugen.
517 2916 2604 3079 sind ihm, und wäre es auch nur in der
5154 3016 5389 3136 320•2..
4837 3022 5077 3145 apr J J J
2742 3036 4700 3222 Nur die paar seltenen Menschen, die
535 3045 2624 3242 Unschuld ihrer Nichtsnutzigkeit, irgende
2753 3185 4806 3339 man liebt oder die man fürchtet, sollte
540 3176 2590 3370 wie überlegen. Eine wunderliche Sor¬
1692 3285 2173 3396 des Autors
2750 3319 4754 3502 man darüber hören. Denn das, was
540 3308 2550 3508 te von Selbstverleugnung liegt in
2767 3428 4774 3631 man am liebsten hat, theilt man ja
520 3462 2579 3642 fast jedem Strich, mit dem der Mann
526 3571 2584 3814 den Frauen gegenüber geschildert ist.
5177 3619 5397 3799 G.C.F.P.
192 3957 460 4082 G.C.F.P.P
