<?xml version="1.0" encoding="UTF-8" standalone="yes"?>
<PcGts xmlns="http://schema.primaresearch.org/PAGE/gts/pagecontent/2013-07-15" xmlns:xsi="http://www.w3.org/2001/XMLSchema-instance" xsi:schemaLocation="http://schema.primaresearch.org/PAGE/gts/pagecontent/2013-07-15 http://schema.primaresearch.org/PAGE/gts/pagecontent/2013-07-15/pagecontent.xsd">
    <Metadata>
        <Creator>prov=READ-COOP:name=TrHtr:version=2.1.0:model_id=51170:date=27_07_2023_19:29</Creator>
        <Created>2023-05-02T08:19:18.963+02:00</Created>
        <LastChange>2023-07-27T19:29:27.797+02:00</LastChange>
        <TranskribusMetadata docId="1416753" pageId="54954159" pageNr="9" tsid="131288442" status="IN_PROGRESS" userId="64420" imgUrl="https://files.transkribus.eu/Get?id=QIUBSQQLYYQSTPTMKAMNPXSB&amp;fileType=view" xmlUrl="https://files.transkribus.eu/Get?id=HDFNCLTAAFNVFKMRXJONMZBP" imageId="44457884"/>
    </Metadata>
    <Page imageFilename="1416753_0009.jpg" imageWidth="3605" imageHeight="3672">
        <ReadingOrder>
            <OrderedGroup id="ro_1711825732558" caption="Regions reading order">
                <RegionRefIndexed index="0" regionRef="tr_1"/>
            </OrderedGroup>
        </ReadingOrder>
        <TextRegion id="tr_1" custom="readingOrder {index:0;}">
            <Coords points="710,788 3164,788 3164,2595 710,2595"/>
            <TextLine id="tr_1_tl_1" custom="readingOrder {index:0;}">
                <Coords points="710,915 828,878 967,907 1020,872 1442,849 1570,895 1728,846 1867,862 1868,823 1712,796 713,839"/>
                <Baseline points="719,889 752,883 797,883 841,880 886,877 931,874 976,871 1020,868 1065,865 1110,865 1155,865 1200,862 1244,859 1289,853 1334,853 1379,850 1424,850 1468,850 1513,850 1558,847 1603,847 1647,847 1692,844 1737,841 1782,838 1827,838 1871,841"/>
                <TextEquiv>
                    <Unicode>Sie erwarten die vorlaut versprochenen</Unicode>
                </TextEquiv>
            </TextLine>
            <TextLine id="tr_1_tl_2" custom="readingOrder {index:1;}">
                <Coords points="1935,918 2039,926 2181,875 2284,912 2447,858 2578,903 2695,854 2982,863 2998,747 1937,758"/>
                <Baseline points="1943,868 1967,868 2012,865 2056,865 2101,865 2146,862 2191,859 2236,856 2280,853 2325,850 2370,853 2415,853 2459,853 2504,856 2549,853 2594,853 2639,853 2683,850 2728,850 2773,850 2818,847 2862,847 2907,847 2952,850 2997,850"/>
                <TextEquiv>
                    <Unicode>doch freundlich, wie nicht Träumin</Unicode>
                </TextEquiv>
            </TextLine>
            <TextLine id="tr_1_tl_3" custom="readingOrder {index:2;}">
                <Coords points="729,994 1870,933 1897,857 1541,906 1062,889 942,926 819,883 733,916"/>
                <Baseline points="740,955 779,961 823,961 868,958 913,958 958,955 1003,952 1047,952 1092,949 1137,946 1182,943 1226,940 1271,937 1316,934 1361,931 1406,928 1450,925 1495,922 1540,919 1585,916 1630,916 1674,913 1719,910 1764,910 1809,907 1853,907 1898,910"/>
                <TextEquiv>
                    <Unicode>klugen Dinge, raisonnement contre</Unicode>
                </TextEquiv>
            </TextLine>
            <TextLine id="tr_1_tl_4" custom="readingOrder {index:3;}">
                <Coords points="1963,965 2099,987 2432,947 2499,978 2615,927 3096,935 3113,869 2728,900 2635,869 2578,904 2429,868 2271,912 2229,884 1964,920"/>
                <Baseline points="1973,949 1997,952 2041,949 2086,946 2131,943 2176,940 2221,937 2265,934 2310,934 2355,931 2400,931 2445,925 2489,928 2534,925 2579,922 2624,919 2668,919 2713,919 2758,916 2803,916 2848,916 2892,916 2937,922 2982,922 3027,922 3071,925 3116,928"/>
                <TextEquiv>
                    <Unicode>vertraut, und sich da — es werden</Unicode>
                </TextEquiv>
            </TextLine>
            <TextLine id="tr_1_tl_5" custom="readingOrder {index:4;}">
                <Coords points="701,1045 1862,1014 1922,987 1925,933 1645,927 1436,988 1234,956 1089,996 704,993"/>
                <Baseline points="710,1041 716,1041 761,1041 806,1038 850,1038 895,1035 940,1035 985,1035 1029,1032 1074,1032 1119,1029 1164,1026 1209,1023 1253,1018 1298,1015 1343,1012 1388,1009 1432,1006 1477,1000 1522,997 1567,994 1612,994 1656,988 1701,985 1746,982 1791,982 1836,985 1880,982 1925,988"/>
                <TextEquiv>
                    <Unicode>raisonnement, das reiche Urtheil über¬</Unicode>
                </TextEquiv>
            </TextLine>
            <TextLine id="tr_1_tl_6" custom="readingOrder {index:5;}">
                <Coords points="1948,1080 2085,1097 2294,1039 2482,1075 2601,1023 2710,1059 2818,1010 3101,1056 3104,959 2852,971 2763,920 2615,968 2102,1010 1952,953"/>
                <Baseline points="1958,1041 1985,1041 2030,1041 2074,1041 2119,1038 2164,1035 2209,1035 2253,1035 2298,1032 2343,1029 2388,1026 2433,1023 2477,1020 2522,1018 2567,1015 2612,1015 2656,1012 2701,1009 2746,1009 2791,1009 2836,1006 2880,1006 2925,1006 2970,1006 3015,1006 3060,1009 3104,1012"/>
                <TextEquiv>
                    <Unicode>Anregungen aus ihrem Büchlein sein,</Unicode>
                </TextEquiv>
            </TextLine>
            <TextLine id="tr_1_tl_7" custom="readingOrder {index:6;}">
                <Coords points="712,1124 840,1109 909,1141 1280,1088 1430,1117 1560,1063 1786,1057 1836,1010 1558,1034 1494,1007 1405,1051 1280,1019 1169,1071 1056,1045 900,1085 716,1052"/>
                <Baseline points="722,1104 764,1104 809,1104 853,1101 898,1101 943,1101 988,1101 1032,1098 1077,1098 1122,1095 1167,1095 1212,1089 1256,1083 1301,1080 1346,1077 1391,1077 1435,1071 1480,1068 1525,1062 1570,1059 1615,1053 1659,1050 1704,1044 1749,1041 1794,1038 1838,1035"/>
                <TextEquiv>
                    <Unicode>ein wichtes Buch. Verzeihen Sie mir</Unicode>
                </TextEquiv>
            </TextLine>
            <TextLine id="tr_1_tl_8" custom="readingOrder {index:7;}">
                <Coords points="1961,1155 2051,1188 2203,1130 2342,1170 2447,1127 2629,1140 2695,1107 2916,1146 2980,1129 2985,1042 2838,1071 2688,1048 2589,1094 2140,1065 1963,1106"/>
                <Baseline points="1970,1134 2000,1137 2044,1137 2089,1134 2134,1128 2179,1128 2224,1125 2268,1125 2313,1122 2358,1122 2403,1119 2448,1119 2492,1116 2537,1113 2582,1113 2627,1113 2671,1110 2716,1107 2761,1107 2806,1104 2851,1101 2895,1101 2940,1095 2985,1089"/>
                <TextEquiv>
                    <Unicode>auf dem Miß meiner Seele zur</Unicode>
                </TextEquiv>
            </TextLine>
            <TextLine id="tr_1_tl_9" custom="readingOrder {index:8;}">
                <Coords points="712,1219 997,1224 1072,1179 1306,1207 1595,1149 1914,1167 1919,1089 1697,1112 1532,1071 1361,1123 1280,1089 1170,1126 716,1136"/>
                <Baseline points="722,1179 755,1176 800,1176 844,1179 889,1179 934,1179 979,1176 1023,1173 1068,1170 1113,1170 1158,1164 1203,1161 1247,1158 1292,1155 1337,1152 1382,1149 1427,1146 1471,1143 1516,1140 1561,1137 1606,1137 1650,1134 1695,1131 1740,1131 1785,1128 1830,1125 1874,1128 1919,1131"/>
                <TextEquiv>
                    <Unicode>ich habe ihr Buch gelesen, kaum verpanden</Unicode>
                </TextEquiv>
            </TextLine>
            <TextLine id="tr_1_tl_10" custom="readingOrder {index:9;}">
                <Coords points="1967,1225 2369,1262 2806,1205 2983,1260 3099,1242 3104,1104 2720,1172 2403,1149 2319,1190 2256,1150 1969,1196"/>
                <Baseline points="1976,1215 1985,1215 2030,1215 2074,1212 2119,1212 2164,1212 2209,1209 2253,1206 2298,1206 2343,1209 2388,1206 2433,1206 2477,1203 2522,1203 2567,1203 2612,1203 2656,1200 2701,1200 2746,1197 2791,1197 2836,1194 2880,1188 2925,1188 2970,1185 3015,1185 3060,1185 3104,1188"/>
                <TextEquiv>
                    <Unicode>anmüthige Eigenart erwachsen.</Unicode>
                </TextEquiv>
            </TextLine>
            <TextLine id="tr_1_tl_11" custom="readingOrder {index:10;}">
                <Coords points="745,1288 903,1317 991,1279 1286,1280 1346,1311 1503,1257 1677,1283 1816,1249 1819,1165 1680,1202 1419,1182 871,1243 748,1225"/>
                <Baseline points="755,1262 791,1265 835,1268 880,1268 925,1265 970,1262 1015,1262 1059,1259 1104,1256 1149,1253 1194,1250 1238,1247 1283,1244 1328,1244 1373,1241 1418,1238 1462,1235 1507,1235 1552,1235 1597,1235 1641,1232 1686,1229 1731,1229 1776,1226 1821,1221"/>
                <TextEquiv>
                    <Unicode>wenigstens jetzt nicht, hier nicht;</Unicode>
                </TextEquiv>
            </TextLine>
            <TextLine id="tr_1_tl_12" custom="readingOrder {index:11;}">
                <Coords points="1935,1315 2470,1300 2534,1343 2678,1306 2910,1330 2924,1257 2704,1268 2601,1227 2404,1275 2348,1245 2238,1274 1937,1248"/>
                <Baseline points="1946,1301 1988,1301 2033,1301 2077,1301 2122,1301 2167,1301 2212,1298 2256,1298 2301,1298 2346,1295 2391,1298 2436,1298 2480,1295 2525,1292 2570,1292 2615,1292 2659,1292 2704,1292 2749,1289 2794,1289 2839,1289 2883,1286 2928,1283"/>
                <TextEquiv>
                    <Unicode>Aber waren Sie mir hier, mein</Unicode>
                </TextEquiv>
            </TextLine>
            <TextLine id="tr_1_tl_13" custom="readingOrder {index:12;}">
                <Coords points="726,1363 858,1407 982,1405 1081,1353 1149,1398 1456,1352 1573,1373 1888,1323 1891,1253 1346,1311 1068,1282 848,1334 727,1312"/>
                <Baseline points="734,1355 773,1355 817,1355 862,1355 907,1352 952,1352 997,1352 1041,1349 1086,1349 1131,1346 1176,1340 1221,1337 1265,1337 1310,1334 1355,1331 1400,1328 1444,1328 1489,1325 1534,1322 1579,1322 1624,1322 1668,1319 1713,1316 1758,1310 1803,1307 1847,1304 1892,1298"/>
                <TextEquiv>
                    <Unicode>kindisch habe ich mich gemüht, etwas</Unicode>
                </TextEquiv>
            </TextLine>
            <TextLine id="tr_1_tl_14" custom="readingOrder {index:13;}">
                <Coords points="1974,1439 2065,1395 2505,1440 2746,1398 2808,1430 2863,1398 2928,1416 3043,1392 3044,1309 2814,1347 1975,1335"/>
                <Baseline points="1982,1379 2018,1382 2062,1385 2107,1382 2152,1382 2197,1382 2242,1382 2286,1382 2331,1382 2376,1382 2421,1385 2465,1382 2510,1382 2555,1379 2600,1379 2645,1379 2689,1379 2734,1376 2779,1376 2824,1373 2868,1370 2913,1370 2958,1364 3003,1361 3048,1358"/>
                <TextEquiv>
                    <Unicode>Freund, dann brauchte ich nicht ihr</Unicode>
                </TextEquiv>
            </TextLine>
            <TextLine id="tr_1_tl_15" custom="readingOrder {index:14;}">
                <Coords points="719,1491 800,1450 900,1483 1256,1465 1540,1401 1665,1434 1867,1392 1870,1334 1132,1416 1034,1378 991,1408 726,1387"/>
                <Baseline points="731,1438 752,1438 797,1438 841,1438 886,1435 931,1435 976,1435 1020,1432 1065,1432 1110,1429 1155,1429 1200,1424 1244,1424 1289,1421 1334,1418 1379,1415 1424,1409 1468,1409 1513,1403 1558,1400 1603,1400 1647,1400 1692,1397 1737,1391 1782,1391 1827,1385 1871,1385"/>
                <TextEquiv>
                    <Unicode>herauszulesen, was gerade in dieses</Unicode>
                </TextEquiv>
            </TextLine>
            <TextLine id="tr_1_tl_16" custom="readingOrder {index:15;}">
                <Coords points="1996,1529 2132,1544 2282,1491 2339,1529 2522,1532 2783,1471 2914,1515 3000,1494 3003,1410 2623,1459 2455,1424 2377,1460 1999,1413"/>
                <Baseline points="2006,1492 2021,1489 2065,1489 2110,1486 2155,1486 2200,1486 2244,1483 2289,1483 2334,1483 2379,1480 2424,1480 2468,1477 2513,1477 2558,1477 2603,1474 2648,1471 2692,1471 2737,1468 2782,1468 2827,1465 2871,1462 2916,1456 2961,1453 3006,1450"/>
                <TextEquiv>
                    <Unicode>Buch herumzuschleggen und ich</Unicode>
                </TextEquiv>
            </TextLine>
            <TextLine id="tr_1_tl_17" custom="readingOrder {index:16;}">
                <Coords points="732,1549 820,1570 1017,1524 1289,1575 1388,1520 1783,1473 1954,1532 1958,1440 1900,1413 1306,1488 1159,1453 735,1477"/>
                <Baseline points="740,1534 752,1534 797,1531 841,1525 886,1525 931,1522 976,1522 1020,1519 1065,1519 1110,1516 1155,1513 1200,1513 1244,1510 1289,1510 1334,1510 1379,1507 1424,1504 1468,1501 1513,1498 1558,1495 1603,1492 1647,1489 1692,1483 1737,1477 1782,1474 1827,1474 1871,1474 1916,1480 1961,1486"/>
                <TextEquiv>
                    <Unicode>Buch kaum hin eingehört, die Ordividualität</Unicode>
                </TextEquiv>
            </TextLine>
            <TextLine id="tr_1_tl_18" custom="readingOrder {index:17;}">
                <Coords points="1972,1641 2154,1601 2227,1641 2310,1615 2369,1641 2468,1589 2640,1570 2733,1607 2861,1598 3006,1567 3009,1514 2577,1515 2471,1546 2387,1514 2142,1560 1978,1531"/>
                <Baseline points="1982,1600 2027,1600 2071,1597 2116,1600 2161,1600 2206,1597 2250,1597 2295,1594 2340,1591 2385,1591 2430,1588 2474,1588 2519,1585 2564,1582 2609,1573 2653,1570 2698,1567 2743,1567 2788,1564 2833,1561 2877,1561 2922,1558 2967,1558 3012,1555"/>
                <TextEquiv>
                    <Unicode>führte Sie selbst und Sie müssten</Unicode>
                </TextEquiv>
            </TextLine>
            <TextLine id="tr_1_tl_19" custom="readingOrder {index:18;}">
                <Coords points="752,1631 1279,1582 1529,1615 1671,1579 1902,1621 1937,1523 1283,1570 900,1535 755,1569"/>
                <Baseline points="761,1612 773,1612 817,1609 862,1606 907,1606 952,1606 997,1600 1041,1597 1086,1597 1131,1591 1176,1588 1221,1585 1265,1582 1310,1582 1355,1582 1400,1582 1444,1582 1489,1582 1534,1579 1579,1579 1624,1576 1668,1573 1713,1570 1758,1567 1803,1564 1847,1567 1892,1576 1937,1591"/>
                <TextEquiv>
                    <Unicode>das Autorst, und wenn mir zuweilen</Unicode>
                </TextEquiv>
            </TextLine>
            <TextLine id="tr_1_tl_20" custom="readingOrder {index:19;}">
                <Coords points="718,1725 1120,1728 1231,1677 1528,1647 1860,1691 1874,1608 1596,1587 1483,1633 1210,1605 1138,1642 1051,1610 724,1619"/>
                <Baseline points="728,1701 758,1698 803,1695 847,1692 892,1692 937,1689 982,1689 1026,1686 1071,1680 1116,1677 1161,1674 1206,1668 1250,1665 1295,1662 1340,1659 1385,1653 1429,1653 1474,1650 1519,1647 1564,1647 1609,1644 1653,1641 1698,1635 1743,1632 1788,1630 1833,1630 1877,1632"/>
                <TextEquiv>
                    <Unicode>aus dem Satzbau, aus einer Bemerkung</Unicode>
                </TextEquiv>
            </TextLine>
            <TextLine id="tr_1_tl_21" custom="readingOrder {index:20;}">
                <Coords points="1934,1754 2374,1744 2511,1697 2603,1728 2791,1671 2913,1705 3002,1688 3005,1607 2722,1604 2475,1665 2323,1630 2183,1670 1938,1668"/>
                <Baseline points="1946,1716 1976,1716 2021,1713 2065,1713 2110,1713 2155,1710 2200,1710 2244,1704 2289,1701 2334,1698 2379,1701 2424,1698 2468,1695 2513,1695 2558,1692 2603,1686 2648,1683 2692,1677 2737,1671 2782,1671 2827,1671 2871,1668 2916,1665 2961,1668 3006,1668"/>
                <TextEquiv>
                    <Unicode>mit mir fühlen wir schön w ist.</Unicode>
                </TextEquiv>
            </TextLine>
            <TextLine id="tr_1_tl_22" custom="readingOrder {index:21;}">
                <Coords points="726,1776 1897,1772 1902,1673 1350,1689 1158,1735 727,1726"/>
                <Baseline points="734,1767 740,1767 785,1767 829,1767 874,1764 919,1764 964,1764 1009,1761 1053,1758 1098,1758 1143,1755 1188,1755 1232,1752 1277,1749 1322,1746 1367,1746 1412,1743 1456,1737 1501,1737 1546,1734 1591,1734 1635,1731 1680,1731 1725,1725 1770,1722 1815,1722 1859,1722 1904,1719"/>
                <TextEquiv>
                    <Unicode>ein Stück davon entgegengrükte war ich</Unicode>
                </TextEquiv>
            </TextLine>
            <TextLine id="tr_1_tl_23" custom="readingOrder {index:22;}">
                <Coords points="1975,1824 2148,1825 2262,1867 2450,1809 2618,1841 2827,1787 3023,1796 3024,1746 2853,1714 2656,1763 2531,1767 2449,1728 1978,1757"/>
                <Baseline points="1985,1809 1997,1809 2041,1809 2086,1809 2131,1806 2176,1803 2221,1800 2265,1797 2310,1791 2355,1791 2400,1791 2445,1791 2489,1791 2534,1788 2579,1788 2624,1785 2668,1782 2713,1779 2758,1776 2803,1773 2848,1773 2892,1770 2937,1770 2982,1767 3027,1767"/>
                <TextEquiv>
                    <Unicode>tausend sach schön; morgens ein</Unicode>
                </TextEquiv>
            </TextLine>
            <TextLine id="tr_1_tl_24" custom="readingOrder {index:23;}">
                <Coords points="727,1909 840,1922 1030,1845 1271,1882 1457,1821 1570,1870 1873,1877 1929,1850 1932,1787 1445,1767 1225,1815 1023,1790 732,1821"/>
                <Baseline points="737,1865 770,1865 815,1859 859,1853 904,1850 949,1847 994,1847 1038,1844 1083,1844 1128,1841 1173,1841 1218,1841 1262,1838 1307,1836 1352,1833 1397,1830 1441,1821 1486,1818 1531,1815 1576,1812 1621,1809 1665,1809 1710,1809 1755,1809 1800,1809 1844,1812 1889,1818 1934,1824"/>
                <TextEquiv>
                    <Unicode>froh; aber verzweifeln Sie nicht, langsam</Unicode>
                </TextEquiv>
            </TextLine>
            <TextLine id="tr_1_tl_25" custom="readingOrder {index:24;}">
                <Coords points="1980,1928 2542,1883 2691,1928 3008,1891 3073,1935 3150,1915 3153,1796 2898,1810 2774,1865 2633,1833 2456,1862 2400,1828 1981,1853"/>
                <Baseline points="1988,1913 1991,1913 2036,1907 2080,1901 2125,1898 2170,1895 2215,1892 2259,1889 2304,1883 2349,1883 2394,1883 2439,1883 2483,1880 2528,1880 2573,1877 2618,1877 2662,1877 2707,1877 2752,1877 2797,1877 2842,1874 2886,1874 2931,1871 2976,1871 3021,1871 3065,1877 3110,1883 3155,1880"/>
                <TextEquiv>
                    <Unicode>Dicht der Dämmerung und Mittags</Unicode>
                </TextEquiv>
            </TextLine>
            <TextLine id="tr_1_tl_26" custom="readingOrder {index:25;}">
                <Coords points="741,1970 823,1995 1037,1949 1243,1983 1581,1911 1945,1925 1946,1871 1740,1847 742,1919"/>
                <Baseline points="749,1952 785,1949 829,1946 874,1943 919,1940 964,1937 1009,1934 1053,1931 1098,1928 1143,1928 1188,1928 1232,1931 1277,1925 1322,1922 1367,1922 1412,1919 1456,1916 1501,1913 1546,1913 1591,1910 1635,1907 1680,1901 1725,1898 1770,1898 1815,1898 1859,1901 1904,1904 1949,1907"/>
                <TextEquiv>
                    <Unicode>reift das Köstliche, sagt jener bekannte</Unicode>
                </TextEquiv>
            </TextLine>
            <TextLine id="tr_1_tl_27" custom="readingOrder {index:26;}">
                <Coords points="1970,2012 2140,1996 2207,2032 2331,1989 2482,2032 2610,1999 2756,2024 2867,1980 3061,2067 3148,2027 3150,1952 2853,1899 2636,1957 2586,1925 2432,1964 2316,1922 1970,1948"/>
                <Baseline points="1979,2006 1988,2003 2033,2000 2077,1997 2122,1994 2167,1991 2212,1991 2256,1988 2301,1988 2346,1988 2391,1988 2436,1985 2480,1988 2525,1988 2570,1985 2615,1985 2659,1982 2704,1979 2749,1979 2794,1976 2839,1976 2883,1976 2928,1973 2973,1973 3018,1976 3062,1982 3107,1991 3152,2003"/>
                <TextEquiv>
                    <Unicode>in der vollen, hatten, reisen Somnengler</Unicode>
                </TextEquiv>
            </TextLine>
            <TextLine id="tr_1_tl_28" custom="readingOrder {index:27;}">
                <Coords points="753,2074 826,2036 1040,2085 1268,2019 1511,2067 1680,1999 1775,2036 1917,2007 1747,1914 1637,1970 1428,1954 1234,1999 918,1970 849,2009 758,1974"/>
                <Baseline points="764,2024 800,2027 844,2027 889,2030 934,2030 979,2027 1023,2027 1068,2024 1113,2021 1158,2021 1203,2021 1247,2018 1292,2018 1337,2015 1382,2012 1427,2009 1471,2006 1516,2003 1561,2000 1606,1997 1650,1997 1695,1991 1740,1991 1785,1994 1830,1994 1874,2000 1919,2003"/>
                <TextEquiv>
                    <Unicode>Hambendichser; in dungsiger Stießen</Unicode>
                </TextEquiv>
            </TextLine>
            <TextLine id="tr_1_tl_29" custom="readingOrder {index:28;}">
                <Coords points="1969,2119 2401,2134 2960,2067 3137,2125 3163,2019 3081,2064 2817,2018 2505,2067 2357,2022 1972,2047"/>
                <Baseline points="1979,2104 2000,2104 2044,2104 2089,2101 2134,2101 2179,2098 2224,2095 2268,2095 2313,2095 2358,2095 2403,2092 2448,2089 2492,2089 2537,2086 2582,2083 2627,2080 2671,2077 2716,2074 2761,2074 2806,2074 2851,2071 2895,2068 2940,2065 2985,2068 3030,2071 3074,2074 3119,2077 3164,2071"/>
                <TextEquiv>
                    <Unicode>und Abends, wenn die Farben und J.</Unicode>
                </TextEquiv>
            </TextLine>
            <TextLine id="tr_1_tl_30" custom="readingOrder {index:29;}">
                <Coords points="741,2143 958,2132 1129,2183 1224,2140 1332,2186 1414,2126 1569,2123 1825,2168 1888,2148 1888,2067 741,2079"/>
                <Baseline points="749,2128 773,2128 817,2128 862,2128 907,2131 952,2131 997,2131 1041,2128 1086,2128 1131,2125 1176,2125 1221,2122 1265,2122 1310,2122 1355,2122 1400,2122 1444,2122 1489,2122 1534,2122 1579,2122 1624,2122 1668,2119 1713,2122 1758,2119 1803,2122 1847,2125 1892,2122"/>
                <TextEquiv>
                    <Unicode>dämmeriger Enge (i.e. in der Reichsh.</Unicode>
                </TextEquiv>
            </TextLine>
            <TextLine id="tr_1_tl_31" custom="readingOrder {index:30;}">
                <Coords points="2004,2212 2638,2181 2791,2232 2855,2192 2910,2235 3121,2235 3122,2117 3090,2108 2801,2151 2429,2122 2171,2178 2006,2137"/>
                <Baseline points="2012,2197 2056,2197 2101,2194 2146,2194 2191,2191 2236,2191 2280,2188 2325,2185 2370,2188 2415,2188 2459,2188 2504,2185 2549,2182 2594,2182 2639,2179 2683,2179 2728,2176 2773,2176 2818,2176 2862,2176 2907,2176 2952,2179 2997,2182 3042,2188 3086,2200 3125,2206"/>
                <TextEquiv>
                    <Unicode>Töne in einer Stimmung verschienen</Unicode>
                </TextEquiv>
            </TextLine>
            <TextLine id="tr_1_tl_32" custom="readingOrder {index:31;}">
                <Coords points="765,2235 1146,2256 1285,2219 1474,2288 1613,2233 1679,2281 1879,2224 1934,2250 1934,2163 1703,2152 1569,2193 1523,2160 1427,2189 1277,2161 1225,2192 936,2155 765,2189"/>
                <Baseline points="773,2221 817,2218 862,2221 907,2221 952,2218 997,2218 1041,2215 1086,2215 1131,2218 1176,2218 1221,2218 1265,2218 1310,2218 1355,2218 1400,2218 1444,2218 1489,2218 1534,2218 1579,2221 1624,2218 1668,2218 1713,2218 1758,2215 1803,2215 1847,2215 1892,2218 1937,2218"/>
                <TextEquiv>
                    <Unicode>und Residenzstadt Wien) von Groppstadt,</Unicode>
                </TextEquiv>
            </TextLine>
            <TextLine id="tr_1_tl_33" custom="readingOrder {index:32;}">
                <Coords points="1856,2299 2601,2294 2672,2328 2769,2287 2933,2294 2994,2233 2501,2210 2394,2259 2348,2226 2013,2278 1938,2229 1857,2232"/>
                <Baseline points="1865,2274 1910,2280 1955,2289 2000,2301 2044,2298 2089,2295 2134,2295 2179,2292 2224,2292 2268,2292 2313,2289 2358,2289 2403,2289 2448,2289 2492,2286 2537,2286 2582,2283 2627,2280 2671,2280 2716,2277 2761,2280 2806,2280 2851,2277 2895,2274 2940,2274 2985,2271 2994,2274"/>
                <TextEquiv>
                    <Unicode>In wem der See leise athmet und</Unicode>
                </TextEquiv>
            </TextLine>
            <TextLine id="tr_1_tl_34" custom="readingOrder {index:33;}">
                <Coords points="750,2375 1337,2386 1503,2323 1593,2358 1925,2357 1897,2303 1639,2258 1544,2299 1418,2252 1097,2290 750,2250"/>
                <Baseline points="758,2325 803,2328 847,2328 892,2328 937,2328 982,2325 1026,2322 1071,2325 1116,2325 1161,2325 1206,2325 1250,2325 1295,2325 1340,2325 1385,2322 1429,2322 1474,2322 1519,2322 1564,2319 1609,2319 1653,2316 1698,2319 1743,2319 1788,2325 1833,2334 1877,2343 1922,2355 1928,2355"/>
                <TextEquiv>
                    <Unicode>umfluthet, werden ihnen auß zweisamer</Unicode>
                </TextEquiv>
            </TextLine>
            <TextLine id="tr_1_tl_35" custom="readingOrder {index:34;}">
                <Coords points="2003,2423 2574,2377 2646,2423 2919,2378 3029,2403 3113,2384 3116,2299 2575,2319 2501,2354 2006,2317"/>
                <Baseline points="2012,2397 2044,2394 2089,2391 2134,2391 2179,2388 2224,2388 2268,2385 2313,2382 2358,2382 2403,2382 2448,2379 2492,2379 2537,2376 2582,2376 2627,2373 2671,2370 2716,2370 2761,2367 2806,2367 2851,2364 2895,2364 2940,2361 2985,2358 3030,2358 3074,2358 3119,2361"/>
                <TextEquiv>
                    <Unicode>sich der Nebel um die Uhr legt und.</Unicode>
                </TextEquiv>
            </TextLine>
            <TextLine id="tr_1_tl_36" custom="readingOrder {index:35;}">
                <Coords points="747,2456 956,2459 1043,2510 1369,2423 1494,2468 1608,2420 1749,2468 1842,2441 1845,2357 1425,2340 1262,2401 1205,2368 883,2401 748,2375"/>
                <Baseline points="755,2439 773,2442 817,2442 862,2442 907,2442 952,2439 997,2436 1041,2433 1086,2433 1131,2430 1176,2427 1221,2427 1265,2424 1310,2427 1355,2424 1400,2424 1444,2424 1489,2421 1534,2421 1579,2415 1624,2415 1668,2415 1713,2415 1758,2418 1803,2421 1847,2427"/>
                <TextEquiv>
                    <Unicode>Wanderung seltsame Meisheitsblüthen</Unicode>
                </TextEquiv>
            </TextLine>
            <TextLine id="tr_1_tl_37" custom="readingOrder {index:36;}">
                <Coords points="1999,2522 2446,2468 3087,2494 3089,2421 3006,2397 2893,2438 2837,2400 2656,2444 2468,2395 2137,2450 2045,2398 2003,2420"/>
                <Baseline points="2009,2483 2018,2483 2062,2483 2107,2486 2152,2483 2197,2480 2242,2477 2286,2474 2331,2471 2376,2471 2421,2471 2465,2468 2510,2468 2555,2468 2600,2465 2645,2465 2689,2465 2734,2462 2779,2459 2824,2459 2868,2459 2913,2456 2958,2456 3003,2459 3048,2462 3092,2465"/>
                <TextEquiv>
                    <Unicode>som drüber die Sterne blinken,</Unicode>
                </TextEquiv>
            </TextLine>
            <TextLine id="tr_1_tl_38" custom="readingOrder {index:37;}">
                <Coords points="768,2557 1343,2526 1474,2565 1578,2525 1625,2556 1925,2493 1926,2438 1709,2473 1404,2439 1005,2511 773,2467"/>
                <Baseline points="779,2540 809,2537 853,2537 898,2534 943,2534 988,2534 1032,2531 1077,2528 1122,2528 1167,2522 1212,2522 1256,2519 1301,2519 1346,2516 1391,2516 1435,2516 1480,2513 1525,2510 1570,2510 1615,2504 1659,2504 1704,2501 1749,2498 1794,2498 1838,2495 1883,2489 1928,2489"/>
                <TextEquiv>
                    <Unicode>aus meinem Munde erblühene, fremd und</Unicode>
                </TextEquiv>
            </TextLine>
            <TextLine id="tr_1_tl_39" custom="readingOrder {index:38;}">
                <Coords points="1993,2607 2623,2569 2969,2603 2973,2525 2601,2494 2488,2526 2354,2507 2256,2554 1995,2520"/>
                <Baseline points="2003,2579 2033,2585 2077,2585 2122,2582 2167,2585 2212,2579 2256,2579 2301,2579 2346,2579 2391,2582 2436,2579 2480,2576 2525,2573 2570,2570 2615,2567 2659,2564 2704,2564 2749,2564 2794,2564 2839,2564 2883,2564 2928,2570 2973,2573"/>
                <TextEquiv>
                    <Unicode>kalt und kerk und Klers,</Unicode>
                </TextEquiv>
            </TextLine>
        </TextRegion>
    </Page>
</PcGts>
