3575 3672
1882 992 2220 1142 Fäsch. 6. VIII
1276 1159 1599 1327 Lieber Gustav!
1121 1284 2382 1427 Morgen abends sind wir in Strobl, einen oder
1087 1359 2422 1544 2 Tage später kommt  Berino mit seiner gewiss
1104 1495 2370 1655 schlecht angezogenen jungen Frau. Papa
2322 1626 2426 1741 osse
1121 1627 2258 1773 geht Mittwoch den 11ten nach Wien; ich
1018 1706 2258 1903 bestimmt, dass Sie, falls Sie nicht ga
1106 1862 2363 2010 in Mödling oder gar in Gutenstein sind,
1109 1962 2477 2120 sich mit Papa in Verbindung setzen werden;
1131 2112 2467 2236 ich weiß nicht nur, dass ihm dass Zusammen¬
1121 2195 2463 2353 sein mit Ihnen sehr erwünscht und wohlthiend
1109 2327 2241 2460 ist, sondern wist auch hir mich ein
1119 2487 2405 2652 beruhigendes Gefühl, Sie in Contract mit ihm
