3107 3687
938 843 1887 1004 Publicumsstück zu sein, ich
928 963 2025 1125 finde S. hiläufig so in dies
914 1065 2227 1199 Stücke gewöhnlich sind, dabei aber gescheidter
938 1182 2188 1311 cultivierte, über den geme Resond, und
939 1291 2129 1439 noch den bstor ganz ultürteführen.
911 1408 2210 1548 die Frage ist aber: ob 8, als Rück dieses
960 1553 2132 1680 geme, möglich ist, ob man ds z.b.
941 1644 2242 1806 einem deutschen Stadt alle inreichen könnte,
924 1772 2258 1921 ob nicht ein Détriterspiel im Anfang
922 1877 2193 2030 an eine horreur und unanbrüglich ist?
917 2023 2178 2196 hier in die mir die Liebe und Casse P. durch
922 2171 2288 2329 so liegt mir viel daran, (so in sehr Eiliger
902 2287 2178 2443 mir sehr wohlgesinter Mensch – er miß
899 2438 2159 2580 dys die Eine Briefs schreiben, es und
900 2550 2079 2703 noch ein Meil an fragen, die mit
904 2667 2176 2823 Herr Erlaubnis auffassen, - besonders
880 2783 2084 2963 kongreifen und das Stück die nicht, die
900 2915 2115 3070 Nun ich xyz nicht, so nehme ich die
951 3027 1631 3190 auf mich. herzlich
1780 3007 1879 3209 be
1892 3061 2035 3189 Yrk
