3622 3722
621 748 1616 977 aber mir hatten sogar Gäste aus
621 924 1657 1077 Welsgung und es müssehrschön.
638 1016 1634 1167 ich mit Salzburg irgend eine
649 1104 1709 1258 Schweinerüschreiben wurde, hiebe
657 1222 1564 1359 ich voraus gewußt; jetzt aber
669 1294 1704 1453 schreibt nur Salzen, daß d dem
666 1431 1711 1570 Dr Mayer, dem Kunstrich, sehr
682 1557 1649 1686 gefüllt; das ist mir wirklich
657 1647 1709 1791 manzenehm. Bahr fragt mich, ob
647 1730 1714 1892 ich jemand bei der N. F. Presse
662 1862 1737 2021 kenne; es mochte sich dem die
646 1987 1763 2123 durch Wohlmühinger erledigte Stelle
637 2080 1734 2221 in Paris bewerben und ich finde, er
649 2179 1783 2323 hat ganz recht. Kämen Sie mir (d.h.
647 2281 1747 2440 hin) irgend einen Rath geben. D. h.
682 2398 1773 2557 nehmen werden sie ihn untürlich nicht.
689 2512 1820 2672 aber dem Versuch ist zu immerhin verl.
1864 752 2943 986 nichts reden unterlich darüber.
1856 909 2995 1039 die Wolschung Schaffelfeier der unzufällich
1905 980 2953 1141 einnsende Herr Pollandt
1879 1128 2983 1252 südelk einen Prolog und versäumte
1858 1219 3009 1375 nicht, mich daran zu erinnern, wenn die
1875 1346 2950 1502 freie Bühne ihreschuldig ist. Er muss
1920 1467 2920 1600 auch eine Rolle bekommen; ich habe
1941 1554 2888 1701 ihn sehr gern. Ich kann nur
1866 1675 2890 1819 gar nicht denken, daß ich jemals
1875 1806 3022 1928 wieder einen Verß schreiben könnte.
1897 1897 2940 2065 einsweilen Dichtet hier Herr Grün,
1879 2015 2841 2181 der verführerische Maler. Morgen
1848 2119 2981 2309 kommt Brunn, nächstens auch Klinger¬
1830 2266 2988 2420 worauf ich mich mäßig freue. Im ganzen
1858 2367 2988 2538 bin ich eher negativ aufgelegt, ein Mitteldien
1864 2472 2901 2655 zwischen schlechter Barum und Frone,
