3683 3752
1403 940 1620 1092 Mitterweh
943 958 1246 1159 Lieber Freund.
788 1089 1526 1244 Heute und morgen ist es mir absolut
780 1192 1525 1327 leider unmöglich, mit nach Ihme
787 1271 1519 1406 und Ihrem Bruder umzusehen.
1829 1265 2942 1445 Meine Eltern sind in der Burg (9, linkß)
777 1373 1537 1500 Mama wird Ihnen erzählt haben,
1871 1399 2880 1546 und wurden sich sehr freuen, Sie, wenn
780 1443 1557 1586 daß ich vielzu viel thun. Vielleicht
1873 1489 2885 1670 auch nur auf ½ Stunde dort zu sehen.
794 1554 1586 1703 übermorgen, jedenfalls Samstag bei
1893 1594 2895 1754 Es ist dies nur eine Mittheilung, keine
798 1665 1218 1792 Könnte Ihr alte
1872 1714 2982 1893 Einladung, Sie brauchen nicht zu kommen,
1895 1850 2871 1991 Ja nicht einmal abzusagen, wenn
1836 1947 2502 2081 ist Ihnen unbequem ist.
2294 2020 2462 2137 Yours
2516 2031 2660 2184 hüge,
