3107 3687
1824 824 1935 934 12
790 868 1189 1037 liebe hütter,
803 994 1923 1185 ich dank zum Schreiben zu seilen.
752 1165 2008 1342 ist einen einmal so, diese dieß Zeit heute,
886 1308 1984 1490 liegen minderkens durch das und
835 1463 2038 1611 nicht ermäßen. Hätte ich den Intbepond
747 1582 2168 1771 gelannt. So hätte ich die natürlich unbillige
1717 1869 2143 2040 Roxacée 10.9
772 1993 2219 2174 hinterhusser, mein Blum macht mich mehrmal.
790 2134 1966 2280 divent auf eine Wäre, daß aus 235
833 2219 2058 2422 Millen zum letzten Mal den Leer“ spiels.
794 2401 2009 2565 Ich möge gem. daß sie diese Verstellung sicht.
776 2523 1968 2727 die vielleicht zu der einige enttärffende
813 2684 1010 2873 gehört
1066 2666 1856 2891 Mollen die so sehr sind
