3575 3672
1062 841 2175 1048 Theater etwas wirkliches verstehen
1088 1058 2004 1183 dem das Theater ist, glaub ich,
1059 1161 2194 1310 eine aus hundert factoren zusammen¬
1049 1294 1988 1442 gesetzte absolut unbrechenbaren
1045 1377 2143 1555 Sache, gerad so in das Wetter,
1069 1515 2139 1673 und im Grund verstehen Grathe.
1086 1651 2120 1797 Ausweiß, Sie und ich davon
1086 1811 2207 1959 gleich mit oder gleich wenig.
1099 1953 2069 2085 Dagegen verstehe ich etwas von
1065 2072 2069 2188 Ihrem Charakter und weiß dass
1105 2218 2232 2345 Sie einer der besten und unangenehmsten
1075 2323 2212 2464 Maschen sind, die ich kenne, obwohl
1241 2410 2263 2568 erst schon sehr viel Leute keiner
1828 2487 2171 2568 Sehyr.
