<?xml version="1.0" encoding="UTF-8" standalone="yes"?>
<PcGts xmlns="http://schema.primaresearch.org/PAGE/gts/pagecontent/2013-07-15" xmlns:xsi="http://www.w3.org/2001/XMLSchema-instance" xsi:schemaLocation="http://schema.primaresearch.org/PAGE/gts/pagecontent/2013-07-15 http://schema.primaresearch.org/PAGE/gts/pagecontent/2013-07-15/pagecontent.xsd">
    <Metadata>
        <Creator>prov=READ-COOP:name=TrHtr:version=2.1.0:model_id=51170:date=27_07_2023_19:29</Creator>
        <Created>2023-05-02T08:19:18.038+02:00</Created>
        <LastChange>2023-07-27T19:29:24.393+02:00</LastChange>
        <TranskribusMetadata docId="1416753" pageId="54954133" pageNr="2" tsid="131288427" status="IN_PROGRESS" userId="64420" imgUrl="https://files.transkribus.eu/Get?id=ONABDGSAWIYJJYQVOAVKJNWB&amp;fileType=view" xmlUrl="https://files.transkribus.eu/Get?id=BFNVFJJVHWONVJDALRCMLQDE" imageId="44457858"/>
    </Metadata>
    <Page imageFilename="1416753_0002.jpg" imageWidth="4505" imageHeight="3672">
        <ReadingOrder>
            <OrderedGroup id="ro_1711825727368" caption="Regions reading order">
                <RegionRefIndexed index="0" regionRef="tr_1"/>
            </OrderedGroup>
        </ReadingOrder>
        <TextRegion id="tr_1" custom="readingOrder {index:0;}">
            <Coords points="1653,851 2925,851 2925,2631 1653,2631"/>
            <TextLine id="tr_1_tl_1" custom="readingOrder {index:0;}">
                <Coords points="2354,946 2392,950 2422,932 2499,944 2537,926 2605,947 2685,933 2710,942 2719,791 2685,790 2602,825 2507,821 2490,808 2437,825 2362,818"/>
                <Baseline points="2364,922 2403,919 2448,916 2492,913 2537,910 2582,907 2627,901 2671,901 2716,904"/>
                <TextEquiv>
                    <Unicode>31.VIII. 90.</Unicode>
                </TextEquiv>
            </TextLine>
            <TextLine id="tr_1_tl_2" custom="readingOrder {index:1;}">
                <Coords points="1643,959 1660,956 1669,964 1698,969 1709,966 1714,972 1729,972 1734,845 1647,851"/>
                <Baseline points="1653,943 1689,946 1734,940"/>
                <TextEquiv>
                    <Unicode>1/</Unicode>
                </TextEquiv>
            </TextLine>
            <TextLine id="tr_1_tl_3" custom="readingOrder {index:2;}">
                <Coords points="1674,1067 2090,1072 2251,1027 2357,1057 2522,1017 2838,1040 2844,939 2537,926 2408,992 2155,967 2001,1026 1749,987 1677,1012"/>
                <Baseline points="1683,1053 1725,1053 1770,1053 1815,1053 1859,1047 1904,1047 1949,1044 1994,1041 2039,1035 2083,1032 2128,1029 2173,1026 2218,1023 2262,1020 2307,1018 2352,1015 2397,1012 2442,1006 2486,1003 2531,1003 2576,1000 2621,997 2665,994 2710,991 2755,991 2800,991 2845,994"/>
                <TextEquiv>
                    <Unicode>Warum mein Freund, ärzern sie mich schon</Unicode>
                </TextEquiv>
            </TextLine>
            <TextLine id="tr_1_tl_4" custom="readingOrder {index:3;}">
                <Coords points="1664,1140 1860,1163 2099,1104 2463,1114 2579,1080 2741,1123 2758,1035 2557,1067 2468,1023 2164,1080 1868,1055 1667,1101"/>
                <Baseline points="1674,1128 1683,1125 1728,1125 1773,1125 1818,1125 1862,1122 1907,1116 1952,1113 1997,1110 2041,1107 2086,1104 2131,1104 2176,1101 2221,1098 2265,1095 2310,1092 2355,1092 2400,1089 2445,1086 2489,1083 2534,1083 2579,1080 2624,1077 2668,1074 2713,1071 2758,1065"/>
                <TextEquiv>
                    <Unicode>wieder? Warum verderben sie mit¬</Unicode>
                </TextEquiv>
            </TextLine>
            <TextLine id="tr_1_tl_5" custom="readingOrder {index:4;}">
                <Coords points="1667,1229 1755,1254 1817,1219 2288,1202 2342,1169 2567,1200 2687,1160 2690,1114 2503,1100 2007,1177 1880,1148 1671,1168"/>
                <Baseline points="1677,1209 1707,1209 1752,1209 1797,1206 1841,1206 1886,1203 1931,1200 1976,1197 2021,1194 2065,1191 2110,1188 2155,1185 2200,1182 2244,1179 2289,1173 2334,1170 2379,1170 2424,1167 2468,1161 2513,1158 2558,1155 2603,1152 2648,1149 2692,1146"/>
                <TextEquiv>
                    <Unicode>die Freude an dem lieben, für ihre</Unicode>
                </TextEquiv>
            </TextLine>
            <TextLine id="tr_1_tl_6" custom="readingOrder {index:5;}">
                <Coords points="1663,1336 2013,1294 2166,1320 2224,1277 2517,1283 2662,1242 2830,1262 2851,1175 2078,1246 1671,1232"/>
                <Baseline points="1674,1292 1686,1292 1731,1292 1776,1292 1821,1289 1865,1289 1910,1283 1955,1280 2000,1277 2044,1277 2089,1274 2134,1271 2179,1268 2224,1262 2268,1256 2313,1253 2358,1253 2403,1253 2448,1250 2492,1244 2537,1241 2582,1238 2627,1235 2671,1235 2716,1232 2761,1232 2806,1232 2851,1229"/>
                <TextEquiv>
                    <Unicode>Verhältnisse ganz zufriedenstellenden</Unicode>
                </TextEquiv>
            </TextLine>
            <TextLine id="tr_1_tl_7" custom="readingOrder {index:6;}">
                <Coords points="1675,1385 1953,1407 2568,1311 2807,1331 2812,1265 2655,1254 2419,1308 2284,1271 2163,1320 1678,1336"/>
                <Baseline points="1683,1373 1692,1370 1737,1373 1782,1370 1827,1367 1871,1364 1916,1358 1961,1355 2006,1352 2050,1346 2095,1343 2140,1340 2185,1334 2230,1331 2274,1328 2319,1325 2364,1322 2409,1322 2453,1316 2498,1313 2543,1313 2588,1310 2633,1307 2677,1307 2722,1304 2767,1304 2812,1304"/>
                <TextEquiv>
                    <Unicode>Brief durch diese häßlichen höhnischen,</Unicode>
                </TextEquiv>
            </TextLine>
            <TextLine id="tr_1_tl_8" custom="readingOrder {index:7;}">
                <Coords points="1681,1478 1957,1442 2126,1461 2275,1410 2493,1433 2667,1411 2696,1370 2261,1348 2016,1408 1686,1391"/>
                <Baseline points="1692,1444 1713,1444 1758,1444 1803,1444 1847,1441 1892,1438 1937,1435 1982,1432 2027,1429 2071,1427 2116,1424 2161,1421 2206,1415 2250,1409 2295,1406 2340,1403 2385,1403 2430,1400 2474,1394 2519,1394 2564,1391 2609,1388 2653,1391 2698,1388"/>
                <TextEquiv>
                    <Unicode>griesenden Anführungszeichen.</Unicode>
                </TextEquiv>
            </TextLine>
            <TextLine id="tr_1_tl_9" custom="readingOrder {index:8;}">
                <Coords points="1689,1563 2397,1505 2499,1530 2601,1479 2858,1504 2878,1413 2627,1458 2232,1424 1849,1489 1754,1450 1694,1485"/>
                <Baseline points="1701,1519 1713,1519 1758,1522 1803,1522 1847,1519 1892,1516 1937,1513 1982,1510 2027,1510 2071,1504 2116,1504 2161,1504 2206,1510 2250,1507 2295,1498 2340,1492 2385,1492 2430,1489 2474,1486 2519,1483 2564,1480 2609,1477 2653,1474 2698,1471 2743,1468 2788,1465 2833,1462 2877,1465"/>
                <TextEquiv>
                    <Unicode>Plauderbrief“! Wissen sie auch,</Unicode>
                </TextEquiv>
            </TextLine>
            <TextLine id="tr_1_tl_10" custom="readingOrder {index:9;}">
                <Coords points="1683,1630 2007,1646 2247,1581 2891,1563 2895,1509 2719,1482 2550,1544 2382,1512 1687,1584"/>
                <Baseline points="1692,1624 1734,1624 1779,1624 1824,1624 1868,1618 1913,1615 1958,1609 2003,1603 2047,1597 2092,1594 2137,1588 2182,1588 2227,1579 2271,1576 2316,1573 2361,1567 2406,1564 2450,1561 2495,1558 2540,1555 2585,1552 2630,1543 2674,1540 2719,1534 2764,1531 2809,1528 2854,1528 2898,1528"/>
                <TextEquiv>
                    <Unicode>wie daß aussieht? Wir wenn ein Mann</Unicode>
                </TextEquiv>
            </TextLine>
            <TextLine id="tr_1_tl_11" custom="readingOrder {index:10;}">
                <Coords points="1689,1708 2753,1664 2843,1641 2849,1567 1692,1677"/>
                <Baseline points="1698,1701 1728,1701 1773,1701 1818,1701 1862,1695 1907,1692 1952,1689 1997,1686 2041,1683 2086,1680 2131,1674 2176,1671 2221,1668 2265,1665 2310,1662 2355,1656 2400,1653 2445,1647 2489,1644 2534,1641 2579,1638 2624,1635 2668,1627 2713,1624 2758,1621 2803,1618 2848,1621"/>
                <TextEquiv>
                    <Unicode>mit einem kleinen Mädchen spricht,</Unicode>
                </TextEquiv>
            </TextLine>
            <TextLine id="tr_1_tl_12" custom="readingOrder {index:11;}">
                <Coords points="1691,1825 1993,1812 2127,1766 2602,1755 2681,1738 2687,1672 2420,1675 2360,1708 2229,1686 2084,1731 1907,1703 1783,1757 1695,1749"/>
                <Baseline points="1701,1794 1746,1788 1791,1782 1836,1776 1880,1776 1925,1773 1970,1770 2015,1767 2059,1764 2104,1761 2149,1758 2194,1758 2239,1749 2283,1746 2328,1743 2373,1740 2418,1737 2462,1734 2507,1731 2552,1725 2597,1725 2642,1722 2686,1719"/>
                <TextEquiv>
                    <Unicode>so herablassend, gepäterlich dud,</Unicode>
                </TextEquiv>
            </TextLine>
            <TextLine id="tr_1_tl_13" custom="readingOrder {index:12;}">
                <Coords points="1695,1917 1996,1871 2055,1888 2152,1859 2308,1902 2314,1802 2203,1791 2062,1834 1937,1795 1700,1840"/>
                <Baseline points="1707,1871 1734,1871 1779,1871 1824,1865 1868,1862 1913,1862 1958,1859 2003,1856 2047,1853 2092,1850 2137,1847 2182,1844 2227,1844 2271,1838 2316,1833"/>
                <TextEquiv>
                    <Unicode>staatshekretärlich</Unicode>
                </TextEquiv>
            </TextLine>
            <TextLine id="tr_1_tl_14" custom="readingOrder {index:13;}">
                <Coords points="1697,1996 1848,1974 2011,2002 2133,1954 2377,2005 2483,1933 2695,1951 2699,1890 2084,1896 1940,1937 1700,1942"/>
                <Baseline points="1707,1970 1716,1967 1761,1967 1806,1967 1850,1961 1895,1958 1940,1958 1985,1955 2030,1949 2074,1949 2119,1946 2164,1943 2209,1940 2253,1937 2298,1937 2343,1934 2388,1931 2433,1931 2477,1928 2522,1925 2567,1922 2612,1919 2656,1919 2701,1916"/>
                <TextEquiv>
                    <Unicode>mais, je n'en veux pas...</Unicode>
                </TextEquiv>
            </TextLine>
            <TextLine id="tr_1_tl_15" custom="readingOrder {index:14;}">
                <Coords points="1683,2076 1862,2059 1982,2092 2247,2033 2670,2038 2792,2021 2797,1953 2658,1988 2545,1957 2408,2005 2055,1988 1961,2030 1763,1988 1686,2015"/>
                <Baseline points="1692,2068 1722,2065 1767,2062 1812,2059 1856,2056 1901,2053 1946,2050 1991,2047 2036,2044 2080,2041 2125,2036 2170,2036 2215,2030 2259,2027 2304,2027 2349,2027 2394,2024 2439,2024 2483,2021 2528,2021 2573,2015 2618,2012 2662,2009 2707,2006 2752,2003 2797,2003"/>
                <TextEquiv>
                    <Unicode>Warien ich ihnen dann so schnell</Unicode>
                </TextEquiv>
            </TextLine>
            <TextLine id="tr_1_tl_16" custom="readingOrder {index:15;}">
                <Coords points="1703,2152 1981,2124 2178,2150 2658,2095 2804,2144 2810,2036 1706,2095"/>
                <Baseline points="1713,2131 1740,2134 1785,2131 1830,2131 1874,2128 1919,2125 1964,2122 2009,2119 2053,2116 2098,2116 2143,2116 2188,2110 2233,2107 2277,2101 2322,2098 2367,2095 2412,2089 2456,2089 2501,2086 2546,2083 2591,2080 2636,2077 2680,2074 2725,2068 2770,2065 2815,2059"/>
                <TextEquiv>
                    <Unicode>antworte? Sehen sie, ich habe mich</Unicode>
                </TextEquiv>
            </TextLine>
            <TextLine id="tr_1_tl_17" custom="readingOrder {index:16;}">
                <Coords points="1692,2257 1808,2210 1971,2246 2169,2201 2752,2206 2783,2132 2591,2104 2517,2136 1698,2153"/>
                <Baseline points="1704,2212 1710,2212 1755,2209 1800,2209 1844,2209 1889,2206 1934,2200 1979,2197 2024,2194 2068,2188 2113,2188 2158,2182 2203,2179 2247,2173 2292,2173 2337,2173 2382,2167 2427,2164 2471,2161 2516,2161 2561,2155 2606,2152 2651,2149 2695,2149 2740,2146 2785,2146"/>
                <TextEquiv>
                    <Unicode>heute schon für so viele Dinge</Unicode>
                </TextEquiv>
            </TextLine>
            <TextLine id="tr_1_tl_18" custom="readingOrder {index:17;}">
                <Coords points="1678,2311 2431,2301 2615,2247 2695,2286 2812,2244 2915,2281 2920,2209 2655,2190 2210,2251 2146,2217 1786,2286 1681,2260"/>
                <Baseline points="1686,2307 1710,2307 1755,2304 1800,2301 1844,2298 1889,2295 1934,2292 1979,2289 2024,2286 2068,2283 2113,2280 2158,2277 2203,2271 2247,2268 2292,2265 2337,2259 2382,2259 2427,2259 2471,2256 2516,2253 2561,2250 2606,2244 2651,2242 2695,2242 2740,2239 2785,2236 2830,2236 2874,2239 2919,2247"/>
                <TextEquiv>
                    <Unicode>interessiert, die mich nicht interessieren</Unicode>
                </TextEquiv>
            </TextLine>
            <TextLine id="tr_1_tl_19" custom="readingOrder {index:18;}">
                <Coords points="1700,2422 2399,2345 2676,2362 2764,2312 2881,2323 2886,2277 2806,2251 2499,2314 2331,2284 2229,2323 2133,2289 1942,2351 1706,2323"/>
                <Baseline points="1710,2388 1725,2385 1770,2382 1815,2379 1859,2376 1904,2373 1949,2370 1994,2367 2039,2364 2083,2358 2128,2358 2173,2355 2218,2352 2262,2346 2307,2343 2352,2343 2397,2340 2442,2334 2486,2334 2531,2331 2576,2328 2621,2325 2665,2319 2710,2313 2755,2304 2800,2304 2845,2304 2889,2301"/>
                <TextEquiv>
                    <Unicode>für ds chancen von Gailic</Unicode>
                </TextEquiv>
            </TextLine>
            <TextLine id="tr_1_tl_20" custom="readingOrder {index:19;}">
                <Coords points="1720,2496 2480,2423 2578,2460 2905,2460 2923,2379 2527,2342 2426,2382 1967,2379 1721,2431"/>
                <Baseline points="1728,2459 1761,2459 1806,2453 1850,2453 1895,2448 1940,2448 1985,2442 2030,2439 2074,2439 2119,2436 2164,2433 2209,2433 2253,2430 2298,2424 2343,2427 2388,2424 2433,2421 2477,2421 2522,2418 2567,2415 2612,2415 2656,2412 2701,2409 2746,2409 2791,2412 2836,2415 2880,2421 2925,2433"/>
                <TextEquiv>
                    <Unicode>gegen Eintracht, Eier Obergenmergau,</Unicode>
                </TextEquiv>
            </TextLine>
            <TextLine id="tr_1_tl_21" custom="readingOrder {index:20;}">
                <Coords points="1703,2570 2493,2513 2678,2544 2702,2449 2568,2488 2337,2449 1706,2499"/>
                <Baseline points="1713,2540 1716,2540 1761,2540 1806,2540 1850,2537 1895,2537 1940,2534 1985,2531 2030,2528 2074,2528 2119,2528 2164,2525 2209,2522 2253,2522 2298,2519 2343,2516 2388,2516 2433,2513 2477,2513 2522,2510 2567,2507 2612,2504 2656,2504 2701,2507"/>
                <TextEquiv>
                    <Unicode>für das Budelaben in Ostende,</Unicode>
                </TextEquiv>
            </TextLine>
            <TextLine id="tr_1_tl_22" custom="readingOrder {index:21;}">
                <Coords points="1725,2656 1816,2622 2055,2652 2284,2619 2829,2670 2858,2665 2863,2531 1728,2576"/>
                <Baseline points="1734,2621 1743,2618 1788,2621 1833,2621 1877,2618 1922,2615 1967,2612 2012,2612 2056,2612 2101,2609 2146,2609 2191,2606 2236,2603 2280,2600 2325,2600 2370,2597 2415,2597 2459,2594 2504,2591 2549,2591 2594,2588 2639,2585 2683,2588 2728,2582 2773,2591 2818,2597 2862,2603"/>
                <TextEquiv>
                    <Unicode>für monde und demeinende,</Unicode>
                </TextEquiv>
            </TextLine>
        </TextRegion>
    </Page>
</PcGts>
