3584 3720
506 802 1578 953 nach 48 Stunden über Innsbruck hieher,
537 921 1565 1063 wo u wenigstens still, frisch and
561 1052 935 1190 gewohnt ist.
580 1142 1615 1304 Nahr zu schreiben bin ich heute nicht
524 1268 1613 1413 Aufgelegt und erwarte für diesen
545 1396 1537 1557 Brief auch kaum eine Antwort,
562 1543 1660 1694 obwohl nur diese, wäre es auch nur
566 1682 1538 1847 eine Postkarte, freude machen
543 1830 1625 1980 würde. Hoffentlich ist Rüdi wohl
612 1972 1663 2130 und verstimmt Sie also nichts.
708 2147 912 2282 Adieu
1061 2241 1369 2490 Hugo.
2474 716 2721 910 15.III.93
1817 823 2273 984 Lieber Gustav!
1758 962 2860 1093 Die Gesellschaft ist zwar wieder von
1776 1050 2904 1213 mäßigem Reiz; ich habe gute Bücher,
1822 1171 2840 1309 Ruhe, 11 Stunden Schlaf und freue
1778 1262 2841 1417 mich über jeden ankommenden Brief.
1790 1358 2778 1509 Seit 4 Tagen ist Ihr Bruder Max
1802 1467 2911 1591 bei uns eingeregnet; er trägt diese
1827 1563 2961 1727 Verstörung seines kurzen einzigen Urlaubs
1797 1689 2929 1812 mit der freundlichsten Geduld, ist
1802 1800 2935 1937 überhaupt von einer für meine Begriffe
1833 1925 2824 2077 beschämenden Anspruchslosigkeit.
1821 2054 2983 2175 Er ist ein lieber guter Mensch; die Trennung
1855 2102 2922 2273 von der familie thut ihm sichtlich gut;
1833 2232 2900 2360 er sagt, er hat seit 2 Jahren nicht so
1834 2310 2951 2488 gut geschlafen. Für meine Eltern ist
1840 2449 3015 2595 er ein wahrer Gewinn, spielt mit ihnen
