<?xml version="1.0" encoding="UTF-8" standalone="yes"?>
<PcGts xmlns="http://schema.primaresearch.org/PAGE/gts/pagecontent/2013-07-15" xmlns:xsi="http://www.w3.org/2001/XMLSchema-instance" xsi:schemaLocation="http://schema.primaresearch.org/PAGE/gts/pagecontent/2013-07-15 http://schema.primaresearch.org/PAGE/gts/pagecontent/2013-07-15/pagecontent.xsd">
    <Metadata>
        <Creator>prov=READ-COOP:name=TrHtr:version=2.1.0:model_id=51170:date=27_07_2023_19:30</Creator>
        <Created>2023-05-02T08:19:29.149+02:00</Created>
        <LastChange>2023-07-27T19:30:01.541+02:00</LastChange>
        <TranskribusMetadata docId="1416753" pageId="54954426" pageNr="88" tsid="131288657" status="IN_PROGRESS" userId="64420" imgUrl="https://files.transkribus.eu/Get?id=JXFOHJONPUNWMCNWMAGRGJEU&amp;fileType=view" xmlUrl="https://files.transkribus.eu/Get?id=ROWEYXCEIALLPNPUMRXLYYLH" imageId="44458151"/>
    </Metadata>
    <Page imageFilename="1416753_0088.jpg" imageWidth="4312" imageHeight="3640">
        <ReadingOrder>
            <OrderedGroup id="ro_1711825792864" caption="Regions reading order">
                <RegionRefIndexed index="0" regionRef="tr_1"/>
            </OrderedGroup>
        </ReadingOrder>
        <TextRegion id="tr_1" custom="readingOrder {index:0;}">
            <Coords points="1414,725 2849,725 2849,2865 1414,2865"/>
            <TextLine id="tr_1_tl_1" custom="readingOrder {index:0;}">
                <Coords points="2115,819 2235,807 2300,834 2350,825 2511,884 2648,836 2649,598 2579,589 2480,627 2370,603 2117,627"/>
                <Baseline points="2124,775 2169,778 2213,781 2258,784 2303,784 2348,784 2392,784 2437,778 2482,781 2527,778 2571,778 2616,778 2652,781"/>
                <TextEquiv>
                    <Unicode>Wien 5th. 94</Unicode>
                </TextEquiv>
            </TextLine>
            <TextLine id="tr_1_tl_2" custom="readingOrder {index:1;}">
                <Coords points="1474,973 1521,950 1587,959 1682,938 1778,983 2060,909 2062,825 2014,834 1976,810 1932,827 1889,808 1750,824 1683,800 1579,839 1540,813 1480,812"/>
                <Baseline points="1485,927 1527,921 1572,921 1617,921 1661,921 1706,918 1751,915 1796,912 1840,912 1885,910 1930,910 1975,910 2019,907 2064,907"/>
                <TextEquiv>
                    <Unicode>mein lieber Gustav!</Unicode>
                </TextEquiv>
            </TextLine>
            <TextLine id="tr_1_tl_3" custom="readingOrder {index:2;}">
                <Coords points="1435,1122 1533,1089 1791,1147 1875,1105 2161,1134 2372,1082 2677,1098 2678,997 2541,959 2392,1000 2302,969 2117,1039 2007,985 1742,1019 1438,985"/>
                <Baseline points="1447,1062 1470,1065 1515,1065 1560,1065 1605,1065 1649,1065 1694,1062 1739,1065 1784,1065 1828,1065 1873,1068 1918,1065 1963,1065 2007,1065 2052,1068 2097,1065 2142,1065 2186,1062 2231,1062 2276,1059 2321,1056 2366,1053 2410,1050 2455,1050 2500,1047 2545,1044 2589,1044 2634,1041 2679,1041"/>
                <TextEquiv>
                    <Unicode>Ich solaub mir Sie um eine Gefälligkeit</Unicode>
                </TextEquiv>
            </TextLine>
            <TextLine id="tr_1_tl_4" custom="readingOrder {index:3;}">
                <Coords points="1476,1252 1983,1218 2404,1252 2552,1204 2841,1274 2843,1084 2481,1110 2391,1161 2029,1117 1476,1175"/>
                <Baseline points="1485,1220 1503,1217 1548,1214 1593,1211 1638,1208 1682,1205 1727,1205 1772,1202 1817,1205 1861,1205 1906,1214 1951,1211 1996,1211 2040,1211 2085,1208 2130,1208 2175,1208 2219,1208 2264,1208 2309,1205 2354,1202 2398,1202 2443,1199 2488,1199 2533,1196 2577,1196 2622,1196 2667,1193 2712,1193 2756,1190 2801,1190 2846,1193"/>
                <TextEquiv>
                    <Unicode>zu bitten, unter der ausdrücklichen Bedingung,</Unicode>
                </TextEquiv>
            </TextLine>
            <TextLine id="tr_1_tl_5" custom="readingOrder {index:4;}">
                <Coords points="1409,1394 2190,1416 2262,1450 2500,1382 2581,1404 2584,1295 2550,1283 2153,1308 1942,1262 1748,1313 1413,1283"/>
                <Baseline points="1420,1375 1423,1375 1467,1372 1512,1369 1557,1372 1602,1369 1646,1369 1691,1369 1736,1369 1781,1369 1825,1366 1870,1363 1915,1363 1960,1360 2004,1360 2049,1360 2094,1357 2139,1357 2184,1357 2228,1357 2273,1354 2318,1348 2363,1348 2407,1345 2452,1345 2497,1339 2542,1339 2586,1342"/>
                <TextEquiv>
                    <Unicode>daß Sie die beiden Zettel ruhig in</Unicode>
                </TextEquiv>
            </TextLine>
            <TextLine id="tr_1_tl_6" custom="readingOrder {index:5;}">
                <Coords points="1445,1517 1690,1548 1880,1502 1998,1543 2305,1485 2485,1517 2629,1481 2697,1505 2699,1447 2499,1382 2315,1449 2113,1423 1916,1486 1641,1427 1447,1449"/>
                <Baseline points="1456,1497 1494,1494 1539,1500 1584,1500 1629,1500 1673,1503 1718,1503 1763,1503 1808,1503 1852,1503 1897,1503 1942,1500 1987,1500 2031,1497 2076,1494 2121,1494 2166,1494 2210,1488 2255,1485 2300,1482 2345,1482 2389,1479 2434,1479 2479,1476 2524,1473 2568,1470 2613,1467 2658,1464 2703,1464"/>
                <TextEquiv>
                    <Unicode>den Pagierkorb werfen, wenn Ihnen</Unicode>
                </TextEquiv>
            </TextLine>
            <TextLine id="tr_1_tl_7" custom="readingOrder {index:6;}">
                <Coords points="1454,1666 1968,1689 2233,1644 2279,1682 2564,1634 2719,1673 2822,1637 2824,1492 2726,1478 2541,1581 2317,1617 2159,1569 1961,1605 1769,1516 1694,1548 1456,1516"/>
                <Baseline points="1464,1646 1482,1643 1527,1643 1572,1640 1617,1640 1661,1640 1706,1640 1751,1640 1796,1643 1840,1643 1885,1643 1930,1643 1975,1649 2019,1649 2064,1649 2109,1649 2154,1646 2198,1646 2243,1643 2288,1646 2333,1646 2377,1643 2422,1643 2467,1640 2512,1638 2556,1635 2601,1629 2646,1623 2691,1620 2735,1617 2780,1620 2825,1620"/>
                <TextEquiv>
                    <Unicode>Die Erfüllung meiner Bitte irgendwie lästig</Unicode>
                </TextEquiv>
            </TextLine>
            <TextLine id="tr_1_tl_8" custom="readingOrder {index:7;}">
                <Coords points="1480,1985 1521,2000 1603,1971 1694,2000 1774,1954 1861,1990 2060,1952 2058,1848 2031,1841 1971,1873 1870,1853 1735,1916 1615,1904 1581,1918 1478,1863"/>
                <Baseline points="1488,1933 1533,1936 1578,1939 1623,1939 1667,1939 1712,1939 1757,1939 1802,1939 1846,1939 1891,1942 1936,1939 1981,1942 2025,1945 2061,1945"/>
                <TextEquiv>
                    <Unicode>der gar heimlich ist.</Unicode>
                </TextEquiv>
            </TextLine>
            <TextLine id="tr_1_tl_9" custom="readingOrder {index:8;}">
                <Coords points="1406,2166 1666,2113 2370,2147 2564,2081 2781,2084 2779,1963 2415,2050 2180,1993 2005,1986 1957,2028 1403,1952"/>
                <Baseline points="1414,2055 1458,2061 1503,2061 1548,2064 1593,2070 1638,2070 1682,2064 1727,2067 1772,2070 1817,2070 1861,2073 1906,2073 1951,2073 1996,2073 2040,2076 2085,2079 2130,2079 2175,2079 2219,2079 2264,2082 2309,2079 2354,2079 2398,2079 2443,2076 2488,2076 2533,2079 2577,2079 2622,2079 2667,2076 2712,2076 2756,2079 2783,2079"/>
                <TextEquiv>
                    <Unicode>Mein französischer Lehrer Dubray, der ein</Unicode>
                </TextEquiv>
            </TextLine>
            <TextLine id="tr_1_tl_10" custom="readingOrder {index:9;}">
                <Coords points="1420,2228 1642,2274 1930,2226 2346,2324 2767,2238 2766,2158 2613,2139 2384,2135 2230,2194 1682,2144 1420,2165"/>
                <Baseline points="1429,2201 1473,2204 1518,2210 1563,2210 1608,2213 1652,2213 1697,2213 1742,2213 1787,2216 1831,2216 1876,2219 1921,2219 1966,2222 2010,2222 2055,2225 2100,2234 2145,2237 2189,2234 2234,2231 2279,2234 2324,2237 2368,2237 2413,2237 2458,2237 2503,2234 2548,2231 2592,2231 2637,2228 2682,2228 2727,2231 2771,2228"/>
                <TextEquiv>
                    <Unicode>lieber Freund von mir ist, hat im Selbst¬</Unicode>
                </TextEquiv>
            </TextLine>
            <TextLine id="tr_1_tl_11" custom="readingOrder {index:10;}">
                <Coords points="1452,2370 1639,2415 2055,2375 2147,2437 2440,2452 2610,2418 2608,2329 2572,2314 2433,2362 2195,2283 2038,2334 1875,2283 1716,2319 1450,2307"/>
                <Baseline points="1461,2360 1506,2363 1551,2366 1596,2368 1640,2371 1685,2368 1730,2368 1775,2371 1820,2371 1864,2368 1909,2368 1954,2368 1999,2371 2043,2374 2088,2380 2133,2383 2178,2383 2222,2383 2267,2383 2312,2383 2357,2383 2401,2386 2446,2383 2491,2380 2536,2380 2580,2380 2613,2380"/>
                <TextEquiv>
                    <Unicode>verlang eine kleine Broschüre über</Unicode>
                </TextEquiv>
            </TextLine>
            <TextLine id="tr_1_tl_12" custom="readingOrder {index:11;}">
                <Coords points="1490,2570 2293,2529 2826,2572 2844,2459 2665,2413 2423,2478 1973,2483 1843,2439 1490,2468"/>
                <Baseline points="1500,2512 1506,2515 1551,2518 1596,2518 1640,2521 1685,2521 1730,2521 1775,2518 1820,2521 1864,2521 1909,2518 1954,2521 1999,2521 2043,2524 2088,2527 2133,2527 2178,2530 2222,2530 2267,2533 2312,2524 2357,2524 2401,2524 2446,2518 2491,2518 2536,2518 2580,2515 2625,2518 2670,2518 2715,2515 2759,2515 2804,2509 2849,2509"/>
                <TextEquiv>
                    <Unicode>fehlerhefte Germanismen in französischen</Unicode>
                </TextEquiv>
            </TextLine>
            <TextLine id="tr_1_tl_13" custom="readingOrder {index:12;}">
                <Coords points="1454,2695 2124,2730 2218,2697 2377,2783 2493,2747 2716,2788 2714,2648 2533,2596 2350,2656 2259,2598 1947,2536 1841,2581 1736,2552 1454,2608"/>
                <Baseline points="1464,2670 1509,2676 1554,2679 1599,2676 1643,2679 1688,2682 1733,2679 1778,2679 1822,2679 1867,2676 1912,2676 1957,2679 2002,2679 2046,2679 2091,2679 2136,2682 2181,2688 2225,2685 2270,2685 2315,2685 2360,2688 2404,2691 2449,2691 2494,2691 2539,2694 2583,2697 2628,2694 2673,2691 2718,2688"/>
                <TextEquiv>
                    <Unicode>erscheinen lassen und es läge ihm schon</Unicode>
                </TextEquiv>
            </TextLine>
            <TextLine id="tr_1_tl_14" custom="readingOrder {index:13;}">
                <Coords points="1457,2836 1841,2880 2250,2848 2430,2903 2502,2889 2500,2757 2082,2814 1964,2766 1887,2795 1791,2757 1673,2800 1456,2754"/>
                <Baseline points="1467,2825 1512,2822 1557,2828 1602,2825 1646,2828 1691,2831 1736,2837 1781,2837 1825,2840 1870,2843 1915,2843 1960,2843 2004,2843 2049,2843 2094,2846 2139,2843 2184,2840 2228,2843 2273,2843 2318,2843 2363,2843 2407,2843 2452,2843 2497,2846 2506,2843"/>
                <TextEquiv>
                    <Unicode>des gecuniären Gründen viel daran,</Unicode>
                </TextEquiv>
            </TextLine>
            <TextLine id="tr_1_tl_15" custom="readingOrder {index:14;}">
                <Coords points="2577,2879 2639,2879 2673,2867 2683,2875 2723,2868 2735,2879 2747,2865 2769,2872 2800,2862 2797,2779 2774,2771 2752,2779 2719,2810 2683,2791 2632,2783 2605,2802 2576,2807"/>
                <Baseline points="2586,2846 2631,2846 2676,2855 2721,2855 2765,2852 2804,2852"/>
                <TextEquiv>
                    <Unicode>wenn</Unicode>
                </TextEquiv>
            </TextLine>
        </TextRegion>
    </Page>
</PcGts>
