3635 3671
1882 754 2115 888 kühl, d.
1182 853 1762 989 mein lieber Hüssen,
1193 964 2260 1135 ich denke Ihnen schon für Ihren lieben
1202 1091 2184 1255 Seiten Brief. Wie allen Menschen
1186 1242 2213 1390 macht es mir freude, wenn man
1202 1387 2210 1514 meine Arbeiten lebt, aber ich habe
1194 1547 2202 1656 ziemlich einig, fast gar keine
1171 1663 2234 1806 Freude an dem ganz billigen Lob
1195 1809 2206 1910 und selbst vns Marschen nie
1193 1940 2250 2071 Arthür nur sagen, kommt mir
1190 2092 2111 2220 fast immer zu sehr wie der
1201 2220 2308 2380 Ausdruck von persönlicher Sympassie
