3605 3672
1302 956 2474 1088 Es durfte Ihnen, mein Freund, nicht und
1285 1044 2481 1168 sein, daß ich kein jungest Mädchen bin;
1303 1139 2342 1225 neu vielleicht, daß ich dies bedauere.
1303 1202 2542 1291 Ernsthaft bedauere. Sehen Sie, angenommen
1286 1247 2503 1359 es bestünde zwischen Ihr (meiner weiblichen
1268 1315 2473 1423 leider confiscierten Auflage) und Ihnen
1261 1381 2488 1505 Dasselbe ding Verhältnis ist ein Morf das sich
1258 1449 2524 1550 Eur junge Damen nicht schickt) wie jetzt zwischen
1261 1550 2505 1657 Loris und Gustav, (Mie hübsch die beiden Namen
1252 1599 2551 1706 sich doch zu einer Novelle in Briefen ausnehmen.
1249 1670 2612 1787 wurden, etwa von Zschokke, Louis
1951 1745 2595 1843 — dort wir so nebenbei
1263 1747 1899 1865 und Gustav gefühllvoll.
1268 1799 2605 1926 also natürlich ohne Hofmachen, ganz finde;
1249 1899 2542 2011 siècle: Gustav überwindet seine Abneigung
1276 1968 2488 2080 gegen unverheirathetes Federnwich, schwätzt
1264 2048 2451 2127 mit ihr, cause livres, femmes, trilettes.
1252 2107 2512 2241 was in mir, schenkt ihr je ein Exemplar
1261 2188 2405 2298 seiner Bücher z.B. Durch scharfe Gläser
1249 2248 2556 2368 (Leipzig Heinrich Minden 1887) oder Moelerne,
1274 2327 2544 2469 Typen (Stuttgart Adolph Borg 1890), sie ist
1264 2408 2540 2544 sehr geschmeichelt und beglückt ihn ihrerseits,
1268 2520 2234 2642 wie es das Naturgesetz verschreibt,
