3619 3641
380 814 1713 970 zu wissen; 10 sicht übrigens in Beziehung
390 919 1657 1090 so aus, als ob der Krankheitsanfall
424 1011 1738 1163 keine Bedeutung für den Organes-Ognus
405 1129 1730 1294 gehabt hätte. Ich habe die beiden ersten Acte
414 1229 1714 1406 (gegen 1000 Verse) bis auf Kleinigkeiten
427 1335 1692 1500 beendet; jetzt wird die Arbeit wohl
466 1435 1687 1626 2 Monate liegen bleiben; hoffentlich
421 1558 1640 1735 rostet indessen nichts ein. Ich gehe
453 1709 1723 1874 stellenweise ein bisschen mit der Frau
424 1842 1605 2017 Eisenberg spazieren; sie ist wirklich
475 1956 1692 2123 sehr mit natürlich lebhaft, schwärmt
443 2106 1665 2249 für Vorresam und hält das "gißige
392 2227 1519 2377 Wien für ein Werk im Genre des
407 2346 1641 2506 Monumenta Germanial, übrigens keinen
426 2448 1730 2635 Sie sie besser wie ich. Der Mann ist sehr gut
1796 773 3167 921 für die Nerven. Über den dazu gehörigen Herrn
1881 855 3148 1035 Weinberger habe ich kein rechtes Urtheil.
1811 953 3172 1125 Sie gehen dann (immer alle 3) nach Ischl.
1837 1090 3005 1251 Da Sie so freundlich waren, mir
1832 1185 3139 1362 den verdienten Eingang der Theaterrevue
1839 1270 3114 1474 anzugeigen, frage ich mich an, ob Sie keine
1874 1428 3034 1563 Zeitung wüßten, die eine dramatische
1857 1485 3148 1677 Kleinigkeit, besser gesagt einen Dialog
1859 1638 3070 1793 in Versen (ungefähr 300 Verse) von mir
1893 1742 3030 1909 nehmen würde? Ich hoffe, die
1902 1847 3213 2007 ganz vernünftige Besprechung von Chiavaci
1866 1956 3078 2145 hat der Broschüre schon die 2te Auflage.
1905 2108 3116 2281 verschafft, die des Verleger allerdings
1910 2210 3184 2382 für seine Bemühungen nicht verdient.
1903 2344 3109 2525 Die lebendig gewordene Satyre ist die
