<?xml version="1.0" encoding="UTF-8" standalone="yes"?>
<PcGts xmlns="http://schema.primaresearch.org/PAGE/gts/pagecontent/2013-07-15" xmlns:xsi="http://www.w3.org/2001/XMLSchema-instance" xsi:schemaLocation="http://schema.primaresearch.org/PAGE/gts/pagecontent/2013-07-15 http://schema.primaresearch.org/PAGE/gts/pagecontent/2013-07-15/pagecontent.xsd">
    <Metadata>
        <Creator>prov=READ-COOP:name=TrHtr:version=2.1.0:model_id=51170:date=27_07_2023_19:29</Creator>
        <Created>2023-05-02T08:19:18.147+02:00</Created>
        <LastChange>2023-07-27T19:29:24.827+02:00</LastChange>
        <TranskribusMetadata docId="1416753" pageId="54954135" pageNr="3" tsid="131288428" status="IN_PROGRESS" userId="64420" imgUrl="https://files.transkribus.eu/Get?id=VXTPAEVYZYEGQUPUGBIZCNXD&amp;fileType=view" xmlUrl="https://files.transkribus.eu/Get?id=YOVDVDYXELXXYBTXPYZUILOF" imageId="44457860"/>
    </Metadata>
    <Page imageFilename="1416753_0003.jpg" imageWidth="4521" imageHeight="3671">
        <ReadingOrder>
            <OrderedGroup id="ro_1711825728134" caption="Regions reading order">
                <RegionRefIndexed index="0" regionRef="tr_1"/>
                <RegionRefIndexed index="1" regionRef="tr_2"/>
            </OrderedGroup>
        </ReadingOrder>
        <TextRegion id="tr_1" custom="readingOrder {index:0;}">
            <Coords points="1080,905 2277,905 2277,2630 1080,2630"/>
            <TextLine id="tr_1_tl_1" custom="readingOrder {index:0;}">
                <Coords points="1111,1004 1314,968 1404,1007 1562,960 2231,997 2231,916 1111,937"/>
                <Baseline points="1119,961 1163,961 1208,961 1253,961 1298,961 1343,961 1387,958 1432,958 1477,955 1522,958 1566,955 1611,958 1656,955 1701,958 1745,958 1790,958 1835,958 1880,961 1925,961 1969,964 2014,964 2059,964 2104,961 2148,966 2193,969 2235,972"/>
                <TextEquiv>
                    <Unicode>ich schreibe ihnen also diesen Briefe,</Unicode>
                </TextEquiv>
            </TextLine>
            <TextLine id="tr_1_tl_2" custom="readingOrder {index:1;}">
                <Coords points="1099,1058 1653,1067 1789,1029 2178,1064 2273,1041 2273,987 1099,1000"/>
                <Baseline points="1107,1032 1152,1035 1196,1038 1241,1038 1286,1035 1331,1035 1375,1035 1420,1035 1465,1032 1510,1032 1554,1029 1599,1026 1644,1023 1689,1029 1734,1029 1778,1026 1823,1026 1868,1026 1913,1029 1957,1029 2002,1026 2047,1026 2092,1029 2136,1029 2181,1029 2226,1029 2271,1035 2277,1035"/>
                <TextEquiv>
                    <Unicode>wie ich nach einer schwülen, säubigen</Unicode>
                </TextEquiv>
            </TextLine>
            <TextLine id="tr_1_tl_3" custom="readingOrder {index:2;}">
                <Coords points="1102,1118 1237,1162 1467,1121 1615,1161 2160,1133 2225,1118 2225,1051 1626,1093 1253,1085 1172,1038 1102,1060"/>
                <Baseline points="1110,1113 1155,1113 1199,1116 1244,1116 1289,1116 1334,1116 1378,1116 1423,1113 1468,1113 1513,1110 1557,1110 1602,1110 1647,1110 1692,1107 1737,1110 1781,1107 1826,1107 1871,1107 1916,1110 1960,1110 2005,1113 2050,1113 2095,1113 2139,1113 2184,1113 2229,1113"/>
                <TextEquiv>
                    <Unicode>Landgastie baden gienge, sie besoin</Unicode>
                </TextEquiv>
            </TextLine>
            <TextLine id="tr_1_tl_4" custom="readingOrder {index:3;}">
                <Coords points="1114,1228 1831,1199 2049,1246 2118,1191 2232,1203 2234,1123 2074,1168 1853,1127 1759,1178 1115,1148"/>
                <Baseline points="1122,1181 1166,1190 1211,1193 1256,1193 1301,1193 1346,1196 1390,1193 1435,1193 1480,1193 1525,1193 1569,1193 1614,1190 1659,1190 1704,1190 1748,1193 1793,1193 1838,1190 1883,1190 1928,1190 1972,1187 2017,1187 2062,1184 2107,1184 2151,1184 2196,1184 2235,1190"/>
                <TextEquiv>
                    <Unicode>de me désenuier. Vanity fair</Unicode>
                </TextEquiv>
            </TextLine>
            <TextLine id="tr_1_tl_5" custom="readingOrder {index:4;}">
                <Coords points="1086,1313 1193,1295 1379,1335 1590,1272 1717,1306 1825,1268 2039,1298 2040,1218 1954,1240 1919,1203 1617,1235 1363,1211 1256,1254 1089,1216"/>
                <Baseline points="1095,1283 1104,1280 1149,1283 1193,1283 1238,1283 1283,1283 1328,1283 1372,1280 1417,1280 1462,1277 1507,1277 1551,1274 1596,1271 1641,1271 1686,1268 1731,1271 1775,1268 1820,1268 1865,1265 1910,1262 1954,1259 1999,1259 2044,1259"/>
                <TextEquiv>
                    <Unicode>ist ein furchtbar kluges Buch,</Unicode>
                </TextEquiv>
            </TextLine>
            <TextLine id="tr_1_tl_6" custom="readingOrder {index:5;}">
                <Coords points="1105,1373 1347,1361 1452,1405 1714,1351 1774,1393 1992,1383 2261,1345 2263,1290 2193,1269 2070,1316 1938,1279 1817,1313 1768,1279 1588,1333 1372,1338 1107,1312"/>
                <Baseline points="1113,1363 1146,1363 1190,1363 1235,1360 1280,1360 1325,1360 1369,1357 1414,1357 1459,1357 1504,1357 1548,1354 1593,1352 1638,1352 1683,1352 1728,1352 1772,1349 1817,1346 1862,1343 1907,1340 1951,1340 1996,1340 2041,1337 2086,1334 2130,1331 2175,1331 2220,1328 2265,1328"/>
                <TextEquiv>
                    <Unicode>Und es macht mir doch Vergnügen</Unicode>
                </TextEquiv>
            </TextLine>
            <TextLine id="tr_1_tl_7" custom="readingOrder {index:6;}">
                <Coords points="1096,1455 1427,1443 1500,1486 1610,1458 1720,1483 1831,1436 1935,1470 1998,1434 2245,1436 2247,1373 1718,1398 1612,1364 1518,1410 1098,1388"/>
                <Baseline points="1104,1441 1131,1441 1175,1441 1220,1444 1265,1441 1310,1441 1354,1441 1399,1438 1444,1435 1489,1432 1534,1429 1578,1429 1623,1426 1668,1429 1713,1426 1757,1426 1802,1426 1847,1426 1892,1423 1936,1423 1981,1420 2026,1417 2071,1417 2116,1417 2160,1417 2205,1417 2250,1423"/>
                <TextEquiv>
                    <Unicode>mit den vier hübschesten Schimmeln</Unicode>
                </TextEquiv>
            </TextLine>
            <TextLine id="tr_1_tl_8" custom="readingOrder {index:7;}">
                <Coords points="1102,1535 1291,1569 1443,1521 1527,1562 1639,1514 1856,1541 2253,1502 2124,1445 1104,1492"/>
                <Baseline points="1110,1528 1137,1531 1181,1531 1226,1531 1271,1528 1316,1522 1360,1522 1405,1525 1450,1519 1495,1516 1540,1516 1584,1513 1629,1513 1674,1510 1719,1510 1763,1510 1808,1507 1853,1507 1898,1504 1942,1501 1987,1495 2032,1495 2077,1495 2122,1495 2166,1495 2211,1492 2256,1495"/>
                <TextEquiv>
                    <Unicode>von Ischl nach Strobl zu fahren</Unicode>
                </TextEquiv>
            </TextLine>
            <TextLine id="tr_1_tl_9" custom="readingOrder {index:8;}">
                <Coords points="1093,1632 1218,1609 1273,1648 1484,1656 1598,1612 1795,1635 1890,1581 2021,1626 2150,1591 2152,1524 1739,1575 1661,1574 1613,1531 1317,1581 1098,1534"/>
                <Baseline points="1101,1611 1125,1608 1169,1605 1214,1608 1259,1608 1304,1605 1349,1599 1393,1602 1438,1599 1483,1596 1528,1599 1572,1599 1617,1599 1662,1599 1707,1599 1751,1596 1796,1593 1841,1584 1886,1581 1931,1578 1975,1569 2020,1569 2065,1569 2110,1569 2154,1569"/>
                <TextEquiv>
                    <Unicode>und bei Graf. P. 1 zur Zugd</Unicode>
                </TextEquiv>
            </TextLine>
            <TextLine id="tr_1_tl_10" custom="readingOrder {index:9;}">
                <Coords points="1105,1743 1616,1673 2131,1676 2229,1657 2232,1609 2152,1572 2023,1626 1890,1579 1796,1636 1622,1661 1522,1632 1110,1669"/>
                <Baseline points="1116,1689 1160,1692 1205,1689 1250,1689 1295,1689 1340,1692 1384,1689 1429,1686 1474,1686 1519,1680 1563,1677 1608,1674 1653,1668 1698,1665 1742,1662 1787,1659 1832,1656 1877,1656 1922,1653 1966,1650 2011,1647 2056,1647 2101,1644 2145,1641 2190,1641 2235,1644"/>
                <TextEquiv>
                    <Unicode>geladen zu sein und dem Segelbort</Unicode>
                </TextEquiv>
            </TextLine>
            <TextLine id="tr_1_tl_11" custom="readingOrder {index:10;}">
                <Coords points="1720,1718 1737,1721 1770,1711 1792,1721 1821,1713 1850,1718 1849,1682 1831,1679 1815,1691 1806,1686 1780,1685 1757,1692 1752,1688 1718,1691"/>
                <Baseline points="1728,1713 1772,1710 1817,1710 1853,1716"/>
                <TextEquiv>
                    <Unicode>G.C.P.</Unicode>
                </TextEquiv>
            </TextLine>
            <TextLine id="tr_1_tl_12" custom="readingOrder {index:11;}">
                <Coords points="1108,1796 1253,1778 1331,1805 1430,1765 1493,1803 1574,1773 1691,1821 1855,1761 2017,1776 2046,1694 1918,1733 1566,1721 1487,1748 1331,1702 1110,1746"/>
                <Baseline points="1116,1781 1152,1778 1196,1778 1241,1778 1286,1775 1331,1772 1375,1763 1420,1763 1465,1763 1510,1769 1554,1769 1599,1766 1644,1763 1689,1760 1734,1757 1778,1754 1823,1754 1868,1754 1913,1751 1957,1754 2002,1757 2047,1754"/>
                <TextEquiv>
                    <Unicode>des. Bron x vorzuführen.</Unicode>
                </TextEquiv>
            </TextLine>
            <TextLine id="tr_1_tl_13" custom="readingOrder {index:12;}">
                <Coords points="1739,1844 1770,1855 1797,1828 1833,1824 1862,1837 1928,1836 1951,1847 2040,1815 2039,1780 1997,1765 1843,1765 1822,1755 1737,1790"/>
                <Baseline points="1745,1799 1790,1799 1835,1799 1880,1799 1925,1802 1969,1802 2014,1805 2044,1808"/>
                <TextEquiv>
                    <Unicode>de feuil et le</Unicode>
                </TextEquiv>
            </TextLine>
            <TextLine id="tr_1_tl_14" custom="readingOrder {index:13;}">
                <Coords points="1114,1900 1215,1878 1253,1900 1314,1903 1437,1850 1511,1855 1535,1838 1575,1850 1575,1771 1439,1812 1379,1778 1329,1805 1297,1793 1263,1809 1114,1799"/>
                <Baseline points="1122,1841 1166,1841 1211,1841 1256,1841 1301,1841 1346,1841 1390,1838 1435,1841 1480,1841 1525,1838 1569,1838 1578,1841"/>
                <TextEquiv>
                    <Unicode>vanity fair!!</Unicode>
                </TextEquiv>
            </TextLine>
            <TextLine id="tr_1_tl_15" custom="readingOrder {index:14;}">
                <Coords points="1074,1941 1393,1966 1600,1913 2080,1906 2229,1956 2242,1838 1879,1885 1423,1862 1291,1906 1146,1847 1077,1875"/>
                <Baseline points="1083,1925 1125,1925 1169,1928 1214,1928 1259,1928 1304,1925 1349,1925 1393,1925 1438,1922 1483,1919 1528,1916 1572,1913 1617,1913 1662,1907 1707,1907 1751,1904 1796,1904 1841,1901 1886,1898 1931,1895 1975,1898 2020,1895 2065,1892 2110,1889 2154,1889 2199,1892 2244,1895"/>
                <TextEquiv>
                    <Unicode>Liebe vollen sie aus meiner Gedanken</Unicode>
                </TextEquiv>
            </TextLine>
            <TextLine id="tr_1_tl_16" custom="readingOrder {index:15;}">
                <Coords points="1085,2020 1793,2019 2131,1980 2133,1925 1828,1947 1745,1920 1421,1972 1086,1945"/>
                <Baseline points="1092,1996 1104,1996 1149,1996 1193,1996 1238,1996 1283,1996 1328,1996 1372,1996 1417,1996 1462,1996 1507,1993 1551,1990 1596,1990 1641,1987 1686,1984 1731,1984 1775,1978 1820,1978 1865,1975 1910,1972 1954,1972 1999,1969 2044,1969 2089,1966 2133,1969"/>
                <TextEquiv>
                    <Unicode>dämmerung herausgelisen haben?</Unicode>
                </TextEquiv>
            </TextLine>
            <TextLine id="tr_1_tl_17" custom="readingOrder {index:16;}">
                <Coords points="1077,2083 2108,2079 2185,2068 2188,1991 2114,1975 2023,2023 1841,2039 1080,2021"/>
                <Baseline points="1086,2080 1116,2077 1160,2080 1205,2080 1250,2080 1295,2077 1340,2077 1384,2074 1429,2074 1474,2074 1519,2074 1563,2071 1608,2071 1653,2068 1698,2062 1742,2059 1787,2059 1832,2056 1877,2053 1922,2050 1966,2050 2011,2047 2056,2047 2101,2047 2145,2044 2190,2047"/>
                <TextEquiv>
                    <Unicode>Liebe? Das Wort ist zu stark, zu</Unicode>
                </TextEquiv>
            </TextLine>
            <TextLine id="tr_1_tl_18" custom="readingOrder {index:17;}">
                <Coords points="1077,2187 1211,2209 1391,2158 1468,2213 1635,2152 1721,2187 1853,2140 1945,2187 2004,2156 2074,2177 2187,2158 2188,2073 1970,2064 1830,2115 1685,2092 1628,2134 1484,2099 1079,2127"/>
                <Baseline points="1086,2166 1116,2166 1160,2169 1205,2166 1250,2163 1295,2163 1340,2160 1384,2154 1429,2154 1474,2154 1519,2151 1563,2151 1608,2151 1653,2145 1698,2142 1742,2142 1787,2139 1832,2139 1877,2139 1922,2139 1966,2139 2011,2139 2056,2142 2101,2142 2145,2139 2190,2139"/>
                <TextEquiv>
                    <Unicode>alt, zu deutsch. Auch das Hangen</Unicode>
                </TextEquiv>
            </TextLine>
            <TextLine id="tr_1_tl_19" custom="readingOrder {index:18;}">
                <Coords points="1071,2251 1222,2292 1317,2260 1410,2298 1544,2242 2043,2241 2062,2156 1916,2196 1663,2163 1535,2231 1317,2168 1209,2212 1073,2209"/>
                <Baseline points="1080,2244 1122,2247 1166,2250 1211,2250 1256,2253 1301,2250 1346,2250 1390,2247 1435,2244 1480,2244 1525,2244 1569,2238 1614,2232 1659,2232 1704,2229 1748,2229 1793,2229 1838,2226 1883,2229 1928,2229 1972,2226 2017,2226 2062,2229"/>
                <TextEquiv>
                    <Unicode>und Bürgen daß sie mir als</Unicode>
                </TextEquiv>
            </TextLine>
            <TextLine id="tr_1_tl_20" custom="readingOrder {index:19;}">
                <Coords points="1792,2283 1812,2281 1817,2285 1833,2273 1868,2281 1881,2292 1923,2294 1932,2291 1931,2256 1918,2259 1912,2253 1872,2263 1853,2256 1831,2261 1819,2254 1806,2254 1803,2259 1790,2260"/>
                <Baseline points="1799,2271 1844,2271 1889,2274 1933,2277 1936,2280"/>
                <TextEquiv>
                    <Unicode>fait une lettre ne sont</Unicode>
                </TextEquiv>
            </TextLine>
            <TextLine id="tr_1_tl_21" custom="readingOrder {index:20;}">
                <Coords points="1088,2345 1449,2373 1812,2320 2039,2358 2247,2323 2248,2270 2039,2247 1903,2302 1578,2273 1363,2317 1167,2272 1088,2292"/>
                <Baseline points="1095,2324 1131,2321 1175,2324 1220,2327 1265,2330 1310,2330 1354,2330 1399,2330 1444,2327 1489,2324 1534,2321 1578,2321 1623,2318 1668,2321 1713,2321 1757,2321 1802,2318 1847,2321 1892,2318 1936,2318 1981,2316 2026,2310 2071,2310 2116,2307 2160,2307 2205,2310 2250,2316"/>
                <TextEquiv>
                    <Unicode>Stimmungsleitnertig zu schreiben.</Unicode>
                </TextEquiv>
            </TextLine>
            <TextLine id="tr_1_tl_22" custom="readingOrder {index:21;}">
                <Coords points="1095,2425 1206,2403 1336,2452 1459,2396 1680,2447 1995,2386 2139,2430 2250,2411 2251,2380 1812,2320 1448,2376 1096,2345"/>
                <Baseline points="1104,2384 1149,2387 1193,2390 1238,2393 1283,2393 1328,2393 1372,2393 1417,2396 1462,2396 1507,2393 1551,2393 1596,2393 1641,2390 1686,2387 1731,2390 1775,2390 1820,2390 1865,2390 1910,2390 1954,2387 1999,2384 2044,2384 2089,2381 2133,2384 2178,2387 2223,2393 2253,2402"/>
                <TextEquiv>
                    <Unicode>finde ich zu degisch, zusehr eilux jm¬</Unicode>
                </TextEquiv>
            </TextLine>
            <TextLine id="tr_1_tl_23" custom="readingOrder {index:22;}">
                <Coords points="1080,2472 1462,2500 1721,2463 1787,2502 1828,2469 2150,2456 2150,2428 1958,2408 1884,2447 1484,2409 1328,2453 1228,2412 1080,2420"/>
                <Baseline points="1089,2462 1125,2459 1169,2462 1214,2462 1259,2462 1304,2462 1349,2465 1393,2465 1438,2462 1483,2462 1528,2462 1572,2459 1617,2459 1662,2456 1707,2456 1751,2459 1796,2459 1841,2459 1886,2459 1931,2456 1975,2453 2020,2450 2065,2450 2110,2450 2154,2450"/>
                <TextEquiv>
                    <Unicode>Mit dem Zustand mögen sie aber</Unicode>
                </TextEquiv>
            </TextLine>
            <TextLine id="tr_1_tl_24" custom="readingOrder {index:23;}">
                <Coords points="1085,2538 1190,2579 1316,2538 1555,2579 1677,2529 1814,2578 2080,2525 2181,2556 2197,2458 1814,2510 1338,2483 1085,2518"/>
                <Baseline points="1092,2530 1125,2533 1169,2536 1214,2536 1259,2536 1304,2539 1349,2536 1393,2536 1438,2533 1483,2536 1528,2533 1572,2536 1617,2533 1662,2530 1707,2530 1751,2530 1796,2530 1841,2530 1886,2530 1931,2524 1975,2521 2020,2518 2065,2515 2110,2512 2154,2510 2199,2510"/>
                <TextEquiv>
                    <Unicode>nicht so unrecht haben. Aber es ist</Unicode>
                </TextEquiv>
            </TextLine>
            <TextLine id="tr_1_tl_25" custom="readingOrder {index:24;}">
                <Coords points="1635,2567 1657,2564 1669,2572 1677,2567 1682,2569 1685,2563 1705,2570 1711,2566 1716,2569 1718,2566 1724,2569 1732,2567 1727,2534 1716,2532 1713,2537 1704,2534 1696,2537 1680,2529 1667,2538 1651,2528 1641,2534 1631,2534"/>
                <Baseline points="1641,2551 1686,2557 1731,2563 1734,2563"/>
                <TextEquiv>
                    <Unicode>le</Unicode>
                </TextEquiv>
            </TextLine>
            <TextLine id="tr_1_tl_26" custom="readingOrder {index:25;}">
                <Coords points="1086,2629 1374,2680 1572,2614 1752,2655 1847,2620 2150,2652 2235,2619 2235,2563 1887,2538 1757,2594 1461,2562 1088,2597"/>
                <Baseline points="1095,2614 1119,2617 1163,2617 1208,2620 1253,2617 1298,2617 1343,2617 1387,2617 1432,2617 1477,2617 1522,2617 1566,2614 1611,2614 1656,2611 1701,2608 1745,2611 1790,2611 1835,2608 1880,2605 1925,2605 1969,2602 2014,2602 2059,2602 2104,2602 2148,2599 2193,2599 2238,2602"/>
                <TextEquiv>
                    <Unicode>ein Verhältnis, wie vom Paul Bourgel</Unicode>
                </TextEquiv>
            </TextLine>
        </TextRegion>
        <TextRegion id="tr_2" custom="readingOrder {index:1;}">
            <Coords points="2327,908 3515,908 3515,2708 2327,2708"/>
            <TextLine id="tr_2_tl_1" custom="readingOrder {index:0;}">
                <Coords points="2324,1007 2821,968 2920,1011 3074,966 3336,995 3351,916 2904,940 2598,909 2326,944"/>
                <Baseline points="2333,984 2369,981 2414,978 2459,978 2504,975 2548,975 2593,975 2638,975 2683,975 2727,972 2772,969 2817,966 2862,964 2906,964 2951,964 2996,964 3041,964 3086,966 3130,964 3175,964 3220,964 3265,964 3309,964 3354,958"/>
                <TextEquiv>
                    <Unicode>oder Ola Hausron geträumt; so</Unicode>
                </TextEquiv>
            </TextLine>
            <TextLine id="tr_2_tl_2" custom="readingOrder {index:1;}">
                <Coords points="2360,1090 2525,1111 2582,1070 2712,1092 2995,1061 3127,1092 3188,1055 3416,1050 3418,982 3289,1023 3241,998 3021,1032 2898,994 2544,1030 2361,994"/>
                <Baseline points="2369,1047 2390,1047 2435,1050 2480,1053 2524,1056 2569,1059 2614,1059 2659,1059 2704,1056 2748,1056 2793,1053 2838,1047 2883,1047 2927,1047 2972,1047 3017,1047 3062,1047 3106,1044 3151,1044 3196,1041 3241,1041 3285,1041 3330,1038 3375,1035 3420,1035"/>
                <TextEquiv>
                    <Unicode>feingestimmt, in Schringungen und</Unicode>
                </TextEquiv>
            </TextLine>
            <TextLine id="tr_2_tl_3" custom="readingOrder {index:2;}">
                <Coords points="2323,1168 2382,1193 2431,1159 2566,1164 2648,1205 2854,1152 3039,1168 3102,1133 3333,1174 3337,1079 2843,1088 2724,1134 2326,1102"/>
                <Baseline points="2333,1149 2354,1146 2399,1149 2444,1149 2489,1152 2533,1152 2578,1155 2623,1155 2668,1152 2712,1152 2757,1149 2802,1143 2847,1137 2892,1134 2936,1131 2981,1128 3026,1131 3071,1128 3115,1125 3160,1125 3205,1122 3250,1122 3294,1119 3339,1113"/>
                <TextEquiv>
                    <Unicode>Schallierungen, so eigenthümlich auf</Unicode>
                </TextEquiv>
            </TextLine>
            <TextLine id="tr_2_tl_4" custom="readingOrder {index:3;}">
                <Coords points="2338,1260 2466,1295 2562,1247 2867,1263 3014,1221 3094,1266 3364,1268 3428,1254 3432,1152 3065,1164 2980,1212 2929,1183 2775,1216 2674,1187 2633,1219 2339,1205"/>
                <Baseline points="2345,1244 2360,1244 2405,1244 2450,1244 2495,1241 2539,1244 2584,1244 2629,1241 2674,1238 2718,1238 2763,1238 2808,1232 2853,1229 2898,1226 2942,1223 2987,1223 3032,1220 3077,1217 3121,1217 3166,1217 3211,1217 3256,1217 3300,1214 3345,1214 3390,1208 3435,1208"/>
                <TextEquiv>
                    <Unicode>des Schmiede zwei schon Kopf und Herz,</Unicode>
                </TextEquiv>
            </TextLine>
            <TextLine id="tr_2_tl_5" custom="readingOrder {index:4;}">
                <Coords points="2339,1357 3251,1338 3339,1320 3340,1275 3089,1269 2949,1306 2701,1268 2652,1303 2342,1300"/>
                <Baseline points="2348,1337 2357,1337 2402,1340 2447,1343 2492,1340 2536,1340 2581,1337 2626,1337 2671,1337 2715,1334 2760,1334 2805,1331 2850,1328 2895,1325 2939,1325 2984,1322 3029,1319 3074,1316 3118,1316 3163,1313 3208,1313 3253,1313 3297,1313 3342,1316"/>
                <TextEquiv>
                    <Unicode>aus Tausend Motiven combiniert.</Unicode>
                </TextEquiv>
            </TextLine>
            <TextLine id="tr_2_tl_6" custom="readingOrder {index:5;}">
                <Coords points="2343,1432 2503,1475 2632,1426 2726,1458 3233,1402 3444,1433 3513,1426 3514,1363 3286,1319 2995,1404 2843,1353 2658,1408 2544,1372 2343,1405"/>
                <Baseline points="2351,1426 2396,1426 2441,1429 2486,1429 2530,1426 2575,1426 2620,1426 2665,1426 2709,1426 2754,1423 2799,1423 2844,1420 2889,1420 2933,1420 2978,1414 3023,1414 3068,1411 3112,1408 3157,1405 3202,1402 3247,1402 3291,1402 3336,1399 3381,1399 3426,1402 3471,1402 3515,1411"/>
                <TextEquiv>
                    <Unicode>eine Gegenverteblumen wie die Censitera</Unicode>
                </TextEquiv>
            </TextLine>
            <TextLine id="tr_2_tl_7" custom="readingOrder {index:6;}">
                <Coords points="2338,1534 2613,1527 2712,1555 2812,1528 2971,1546 3033,1514 3141,1538 3229,1502 3289,1519 3291,1470 3058,1465 2998,1492 2844,1459 2638,1497 2339,1462"/>
                <Baseline points="2345,1513 2354,1513 2399,1513 2444,1513 2489,1516 2533,1516 2578,1516 2623,1516 2668,1513 2712,1516 2757,1516 2802,1516 2847,1513 2892,1510 2936,1510 2981,1504 3026,1507 3071,1507 3115,1501 3160,1501 3205,1492 3250,1492 3294,1489"/>
                <TextEquiv>
                    <Unicode>amorota: sie wissen ja, mein</Unicode>
                </TextEquiv>
            </TextLine>
            <TextLine id="tr_2_tl_8" custom="readingOrder {index:7;}">
                <Coords points="2349,1650 2529,1616 2635,1663 2848,1623 3124,1656 3219,1603 3447,1597 3449,1538 2351,1569"/>
                <Baseline points="2357,1611 2375,1611 2420,1614 2465,1614 2510,1614 2554,1614 2599,1617 2644,1617 2689,1617 2733,1617 2778,1617 2823,1617 2868,1614 2912,1614 2957,1617 3002,1614 3047,1611 3091,1608 3136,1608 3181,1608 3226,1602 3271,1596 3315,1593 3360,1590 3405,1587 3450,1590"/>
                <TextEquiv>
                    <Unicode>Recken pferd. Künstlerisch. Die Liebe</Unicode>
                </TextEquiv>
            </TextLine>
            <TextLine id="tr_2_tl_9" custom="readingOrder {index:8;}">
                <Coords points="2346,1754 2545,1765 2588,1729 2756,1721 3071,1757 3154,1711 3400,1745 3443,1736 3446,1654 3165,1689 2348,1683"/>
                <Baseline points="2354,1725 2372,1725 2417,1728 2462,1728 2507,1725 2551,1725 2596,1725 2641,1725 2686,1722 2730,1722 2775,1722 2820,1719 2865,1719 2909,1719 2954,1716 2999,1716 3044,1716 3089,1716 3133,1713 3178,1710 3223,1707 3268,1701 3312,1698 3357,1698 3402,1698 3447,1698"/>
                <TextEquiv>
                    <Unicode>nämlich, die dann aber ist natürlich</Unicode>
                </TextEquiv>
            </TextLine>
            <TextLine id="tr_2_tl_10" custom="readingOrder {index:9;}">
                <Coords points="2339,1843 2968,1811 3207,1844 3345,1789 3463,1808 3466,1729 2878,1787 2342,1767"/>
                <Baseline points="2348,1814 2393,1811 2438,1811 2483,1808 2527,1808 2572,1811 2617,1808 2662,1808 2706,1805 2751,1805 2796,1808 2841,1808 2886,1808 2930,1808 2975,1805 3020,1805 3065,1802 3109,1799 3154,1793 3199,1790 3244,1790 3288,1787 3333,1787 3378,1787 3423,1787 3468,1793"/>
                <TextEquiv>
                    <Unicode>keine Künstlerin, rien que femme.</Unicode>
                </TextEquiv>
            </TextLine>
            <TextLine id="tr_2_tl_11" custom="readingOrder {index:10;}">
                <Coords points="2327,1951 2525,1961 2750,1909 2964,1934 3093,1900 3396,1944 3372,1846 3302,1879 2329,1850"/>
                <Baseline points="2336,1907 2369,1907 2414,1907 2459,1907 2504,1904 2548,1904 2593,1901 2638,1904 2683,1904 2727,1907 2772,1910 2817,1910 2862,1910 2906,1910 2951,1904 2996,1904 3041,1901 3086,1901 3130,1901 3175,1901 3220,1898 3265,1898 3309,1898 3354,1898 3399,1901"/>
                <TextEquiv>
                    <Unicode>Gefährlich? Zu sein sein verwand.</Unicode>
                </TextEquiv>
            </TextLine>
            <TextLine id="tr_2_tl_12" custom="readingOrder {index:11;}">
                <Coords points="2341,2070 2665,2013 3374,2038 3462,2007 3463,1960 3257,1944 3169,1975 3094,1944 2966,1980 2753,1938 2595,1983 2417,1941 2342,1967"/>
                <Baseline points="2348,2011 2390,2011 2435,2011 2480,2011 2524,2011 2569,2008 2614,2008 2659,2008 2704,2005 2748,2005 2793,2008 2838,2005 2883,2005 2927,2005 2972,2005 3017,2005 3062,2005 3106,2005 3151,2005 3196,2002 3241,2002 3285,2005 3330,2002 3375,2002 3420,2002 3465,2002"/>
                <TextEquiv>
                    <Unicode>Ach nein, das verrauscht, verschwingt,</Unicode>
                </TextEquiv>
            </TextLine>
            <TextLine id="tr_2_tl_13" custom="readingOrder {index:12;}">
                <Coords points="2352,2109 2443,2149 2516,2122 2797,2139 2911,2112 2958,2144 3033,2109 3105,2128 3192,2098 3194,2026 3036,2046 2898,2017 2685,2086 2474,2048 2352,2073"/>
                <Baseline points="2360,2095 2390,2098 2435,2101 2480,2104 2524,2104 2569,2104 2614,2101 2659,2101 2704,2101 2748,2101 2793,2101 2838,2101 2883,2098 2927,2095 2972,2095 3017,2092 3062,2089 3106,2089 3151,2089 3196,2092"/>
                <TextEquiv>
                    <Unicode>verschwimmt, klingt aus.</Unicode>
                </TextEquiv>
            </TextLine>
            <TextLine id="tr_2_tl_14" custom="readingOrder {index:13;}">
                <Coords points="2323,2235 2584,2248 2786,2204 2941,2257 3045,2206 3229,2197 3292,2234 3359,2200 3460,2228 3465,2095 3089,2122 2974,2178 2778,2150 2326,2174"/>
                <Baseline points="2333,2211 2345,2211 2390,2211 2435,2211 2480,2208 2524,2208 2569,2208 2614,2208 2659,2205 2704,2202 2748,2202 2793,2205 2838,2205 2883,2202 2927,2202 2972,2199 3017,2199 3062,2196 3106,2193 3151,2190 3196,2187 3241,2184 3285,2184 3330,2181 3375,2178 3420,2178 3465,2175"/>
                <TextEquiv>
                    <Unicode>daß sie, glauben, ich möchte sie eigentlich</Unicode>
                </TextEquiv>
            </TextLine>
            <TextLine id="tr_2_tl_15" custom="readingOrder {index:14;}">
                <Coords points="2336,2327 2611,2336 2670,2298 2928,2285 3310,2316 3361,2283 3405,2302 3408,2197 3238,2241 3059,2215 2889,2264 2706,2226 2604,2266 2339,2244"/>
                <Baseline points="2345,2295 2378,2298 2423,2298 2468,2292 2512,2292 2557,2289 2602,2286 2647,2286 2692,2283 2736,2283 2781,2283 2826,2283 2871,2283 2915,2283 2960,2283 3005,2283 3050,2280 3094,2280 3139,2277 3184,2274 3229,2271 3274,2271 3318,2268 3363,2265 3408,2265"/>
                <TextEquiv>
                    <Unicode>nicht hier haben, wundert mich nicht.</Unicode>
                </TextEquiv>
            </TextLine>
            <TextLine id="tr_2_tl_16" custom="readingOrder {index:15;}">
                <Coords points="2323,2412 2594,2421 2706,2379 2889,2411 3219,2357 3437,2420 3463,2323 2916,2288 2717,2354 2326,2324"/>
                <Baseline points="2333,2387 2345,2387 2390,2387 2435,2387 2480,2384 2524,2381 2569,2381 2614,2378 2659,2375 2704,2372 2748,2372 2793,2369 2838,2369 2883,2366 2927,2366 2972,2366 3017,2366 3062,2363 3106,2360 3151,2357 3196,2357 3241,2354 3285,2354 3330,2351 3375,2354 3420,2354 3465,2354"/>
                <TextEquiv>
                    <Unicode>Aber sie haben Unrecht. Faute de mieux</Unicode>
                </TextEquiv>
            </TextLine>
            <TextLine id="tr_2_tl_17" custom="readingOrder {index:16;}">
                <Coords points="2988,2424 2999,2427 3020,2414 3033,2417 3068,2412 3068,2367 3056,2367 3052,2364 3042,2373 3026,2377 3021,2382 3004,2373 2998,2379 2988,2376"/>
                <Baseline points="2996,2411 3041,2411 3071,2411"/>
                <TextEquiv>
                    <Unicode>im</Unicode>
                </TextEquiv>
            </TextLine>
            <TextLine id="tr_2_tl_18" custom="readingOrder {index:17;}">
                <Coords points="2317,2512 2447,2538 2907,2483 3121,2526 3230,2481 3393,2503 3396,2427 3140,2379 3005,2423 2957,2399 2765,2439 2623,2409 2447,2462 2320,2440"/>
                <Baseline points="2327,2480 2366,2483 2411,2483 2456,2483 2501,2483 2545,2480 2590,2480 2635,2477 2680,2474 2724,2471 2769,2471 2814,2468 2859,2468 2903,2468 2948,2465 2993,2465 3038,2462 3083,2462 3127,2462 3172,2459 3217,2456 3262,2453 3306,2453 3351,2453 3396,2456"/>
                <TextEquiv>
                    <Unicode>möchte ich ihrer Arbeitsluse mit ein</Unicode>
                </TextEquiv>
            </TextLine>
            <TextLine id="tr_2_tl_19" custom="readingOrder {index:18;}">
                <Coords points="2342,2616 2803,2613 2955,2575 3071,2630 3162,2625 3301,2578 3304,2496 3203,2485 3131,2524 2910,2551 2765,2516 2712,2550 2573,2519 2484,2548 2345,2534"/>
                <Baseline points="2351,2575 2366,2575 2411,2581 2456,2584 2501,2584 2545,2584 2590,2587 2635,2584 2680,2584 2724,2584 2769,2581 2814,2578 2859,2578 2903,2575 2948,2572 2993,2572 3038,2572 3083,2569 3127,2566 3172,2563 3217,2560 3262,2560 3306,2557"/>
                <TextEquiv>
                    <Unicode>Zehntel der Stimmung zu hilfe,</Unicode>
                </TextEquiv>
            </TextLine>
            <TextLine id="tr_2_tl_20" custom="readingOrder {index:19;}">
                <Coords points="2367,2699 2458,2726 2603,2692 2843,2746 3100,2673 3333,2721 3351,2582 3034,2641 2929,2620 2832,2667 2740,2638 2695,2668 2368,2655"/>
                <Baseline points="2375,2698 2411,2695 2456,2692 2501,2692 2545,2692 2590,2692 2635,2692 2680,2695 2724,2692 2769,2689 2814,2689 2859,2683 2903,2683 2948,2680 2993,2680 3038,2677 3083,2674 3127,2674 3172,2668 3217,2668 3262,2668 3306,2665 3351,2662"/>
                <TextEquiv>
                    <Unicode>kommen, die ich hier unbemützt</Unicode>
                </TextEquiv>
            </TextLine>
        </TextRegion>
    </Page>
</PcGts>
