3660 3671
1197 759 2469 935 quenten Realismus deutlich eingesehen hat.
1211 879 2461 1008 gesteht man, glaub ich, den individuellen
1205 965 2303 1113 bedürfnissen ebenso bald das losum
1210 1065 2367 1213 Shakespeares und Otto Ludwigs, als
1227 1175 2259 1322 Lessings und Südermanns zu.
1176 1287 2411 1457 Mama ist recht wohl (nach viele Grüße);
1186 1418 2307 1572 wir hoffen, daß Sie uns bald und
1233 1537 2264 1683 gutes schreiben werden. Ich bitte Sie
1249 1649 2283 1815 auch Ihren Bruder Rüdi zu grüßen.
1468 1762 2000 1934 Herzlichse Ihr alter
1992 1843 2175 2003 Jugo.
1184 1997 2297 2138 Merkwürdig vernünftig der Brief, nicht?
1208 2070 2478 2249 Es ist mehrkalt und ich schreibe mit Handschuhm
1184 2205 2448 2388 Auch habe ich belebette mit wünftigen Quitten¬
1205 2307 2469 2507 gegessen. Der Hald heißt Ascanio. Sie haben
1181 2432 2454 2564 Einmal eine Salgre geschrieben, die scheint mir, wieder
1337 2519 1737 2611 actuell wird.
