3628 3720
1885 1125 2283 1278 Montray Abd8.
1394 1272 2340 1435 Ich habe eine Entdeckung gemacht, mein
1349 1370 2212 1527 Freund: eine große, subzulige
1144 1420 2202 1594 Beldetkung! Keine angenehme, übrigens.
1155 1516 2147 1678 Nämlich, daß in mir ein ganzes Stück vom
1143 1573 2244 1742 contenglativen Gewohnheitshier steckt, ebenso
1160 1606 2318 1783 viel Valent zum Gedanken dämmerigen Nichtthun
1166 1704 2392 1848 wie nur je in einem Brehmann oder in meinem
1158 1736 2380 1926 verührten Freund, den Autor der „moderne“ Typen¬
1160 1821 2197 1981 da sitze ich nun den siebenten Abend bei der
1181 1862 2290 2045 keisternden Lange — Kamin habe ich leider
1187 1935 2187 2080 keinen — und wurde bedruckte Seiten um
1196 1955 2351 2193 und höre dem Regen zur, kurz ich regeliere. Dazwischen
