3622 3722
1291 969 2384 1149 gare il y a une femme dans
1291 1068 2393 1217 l'air. Eine alte Frau noch dazu. Schon
1275 1170 2409 1306 fast 34. Sie haben also wieder einmal
1278 1236 2407 1426 recht mit der gemeinen Durchschnitts¬
1295 1352 2447 1492 erfahrung: Ich kann nicht weiterschreiben,
1288 1424 2436 1604 denn mir fällt ein, daß Sie sie kennen.
1298 1529 2316 1705 Die kleine Frau Joh. ist es natürlich
1306 1591 2468 1813 nicht. nämlich im Gegentheil: eine Dam¬
1278 1709 2472 1914 Ich schwimme in einem entzückenden
1276 1844 2443 2010 Brudel von Dümnheit (im Wallenau¬
2504 1900 2591 1998 G.F.P.
1301 1976 2271 2150 seil étourderie) opfer de
1334 2057 2329 2267 schönsten Stimmungen und die
1303 2189 2396 2369 werthvollsten Minuten meines
1325 2294 2268 2502 olymgischen Lebens à des
1331 2436 2338 2592 riens ravissants übersetzen.
1359 2546 2353 2706 das ins deutsche und grüßen
