3584 3720
54 0 158 36 J. F.
422 797 1572 945 auf Effect berechneten Geständnisses
419 882 1478 1039 noch an der Aufrichtigkeit dessen
423 915 1596 1092 zu zweifeln haben, der Hochachtungsvoll
447 1016 1509 1182 zeichnet als E. Wolgeb. Tagebener
659 1132 942 1247 H. H.
629 1176 1649 1357 wirklicher Zeilgenoss, der andere
466 1269 542 1351 e
942 1296 1283 1416 XIX. Jahrh.
456 1401 1429 1560 Warum ich ihnen eigentlich den Brief
484 1475 1582 1636 geschrieben habe? um ihm zu denken
468 1557 1380 1700 für ein gewisses Buch und ein
463 1618 1547 1791 Menge Anregungen die darin stecken,
474 1699 1579 1879 und ihrem bösen Verstand Vorwurfe.
468 1789 1509 1933 zu machen, der schon wieder mit der
454 1852 1658 2035 Schantasie davon gelaufen ist, und nachzufügen.
483 1958 1496 2093 ob denn wirklich endlich das Ende
504 2014 1649 2153 von Orkars Passivität und Zuhörerglick
462 2117 1612 2265 eingetreten ist und eine Menge andrer
499 2214 1517 2338 Kluger Dinge, die sie alle mir dem
486 2275 1611 2417 zu hören kriegen, wenn sie sich meiner
490 2366 1472 2470 Erbarmen und noch einmal gegen
489 2412 1411 2558 alle Grundsätze schreiben ihrem
547 2533 1025 2681 aller Flugo.
2210 772 2771 915 Badfusch, 5. Juli 93
1715 876 2195 1010 mein liebe Gustav!
1688 979 2716 1092 Ich habe mich neulich recht geärgert, oder
1699 1047 2792 1179 besser gesagt, wie war recht leid, daß
1706 1143 2849 1275 Sie irgend Frau übelgenommen hatten und
1679 1225 2725 1363 mit dieser empfindlich-kühlen Miene
1715 1347 2341 1474 um mich herumgingen.
1706 1410 2806 1566 Es geht mir gar nicht gut. Ich war schon
1702 1486 2780 1630 in Wien in der letzten Zeit nicht wohl,
1722 1614 2759 1733 jetzt: ist es schlimmer geworden
1714 1712 2807 1833 und ich bin so müd und verstimmt,
1714 1824 2795 1965 daß mir nichts freude macht und
1709 1928 2870 2096 mich sogar das bloße Zusammenhang¬
1719 2029 2901 2238 lose Denken gewissermaßen anstrengt.
1697 2193 2827 2350 In Gossensassen war es schwül und
1731 2335 2864 2484 in vieler Beziehung widerwärtig; wir
1763 2423 2888 2596 hackten also gar nicht aus und fuhren
