3107 3687
933 681 1194 935 gelassen
1418 706 2150 966 2/ sept de poufall
952 925 2208 1095 besser ich fortgess. Für Beitag eben
913 1029 2316 1213 habe ich nie Pläche für Was der Wollt bestellt.
909 1173 2394 1353 and to joll Christiane ifnes espere thalespeare
884 1260 2247 1463 Ihre künfteinlich schick nimmt im
863 1399 2289 1565 Guerreter de Hag et Andromans chez große
873 1509 2384 1674 Schade und Speisetisch. Ich sehe mir mitten gewisse
867 1600 2421 1772 die Alter und den Züngen, in merkwürdige Moramt.
908 1867 2314 2179 sein auf der zu 2 Mötzen 1 Pacht von Packen¬
908 2057 2090 2256 lieber Packett) verhelfen, d. ich auf
915 2127 2175 2355 meinen Neue am 22t abholen lassen wird.
935 2363 2293 2523 Ich morreiß dieser Tage, nur noch so gern einmal
927 2469 2144 2624 zu Zum schönen. Auch letzte hab ich sich
888 2570 2088 2771 Monatei – in wiebe — erzutheil nicht gesehen
1380 2695 1534 2823 the
