3165 3623
1723 705 2283 874 Redvier 4 VII. 918
926 857 1302 995 lieb Sieper
913 940 2164 1104 mässens Zw. Amtszeit ließ ich kr. in Reise, jetzt
979 1049 2063 1193 mir 2 keinesgessen sind können ich
909 1169 2119 1297 zu Zem mit einem Zeldermannsseigt (uns
986 1237 2124 1413 guter alten Freundel) und tritt im Rat.
921 1392 2133 1536 meil ich mir mit eigenen Testät nicht ganz
928 1531 1324 1669 aus Eltern bin.
904 1650 2274 1802 Robert Ehehardt ist ein alter Jugendbekannten von mir,
925 1771 2155 1882 er ist die Neffs Torresbuis, c. hat di nur
933 1875 2196 1998 liegen Zeten im Leichteidl gesehn. Er ist
911 1962 2252 2124 in sehr Eiliges Neuss; Arzeit ist er Rationbéhof
909 2107 2194 2203 im Ministeratspräsidium, herengesst 7. Bln.
938 2194 2119 2331 ihm also ist dieses Stück. Es zeigt mir in
937 2266 2172 2467 Krieg, vor ich ihre Thür sah, mehrere Arteilen.
932 2421 2145 2597 Ein Einander Elend ich hübsch, schickt ihr
952 2520 2235 2682 an Zeit, dann hilfen, diese nehmen ihn
947 2667 1783 2832 beide gleich zur Aufführung be¬
937 2779 2201 2959 Dichs Stück da ihn zu anderen gemacht, so
1002 2913 2090 3087 hat keine anders lassiration als ein
