3619 3641
2650 422 2754 541 G.C.F.P
1164 400 1308 544 G.C.F.P.
1754 614 2962 837 meckt; ein bisschen Proletariat, Blutlachen,
526 666 1647 850 Sei nennen das, was sie soeben gelesen,
1757 779 2925 902 Brundreden; Sport- u allen Formen; und
513 785 1708 944 eine schlechte, abgeschmackte Retourkutsche
1794 853 2815 999 Gestern vielleicht ein Problen première.
526 862 1696 1015 Sie haben Recht. W. Aber hübsch von ihnen
1797 908 2821 1067 von Ibsen, und heute vielleicht ein Vortrag
523 932 1608 1057 was es gerade auch nicht, mich vor die
1791 987 2946 1146 über ehrterischen Budosismus und morgen
526 999 1745 1155 Alternative zu stellen, entweder bewührte
1788 1064 2943 1213 vielleicht ein selbsteslebtes. Capitel Manpassant,
520 1073 1598 1238 Schrift selleres, also tranchons le mot,
1791 1112 2906 1293 und den nöthigen historischen Sinn das
544 1137 1754 1339 Leige, L- u. g- i, in einem freundschaftli¬
1800 1213 2888 1372 alles zu genießen, zugerießen was
541 1219 1699 1400 Brief geübt zu haben, oder mein liebes
1785 1299 2952 1443 immer, wo immer, wann immer
526 1311 1733 1488 Kenttenpferd, für de siècle aufzugeben.
1803 1348 2965 1543 Das ist für de sieck; künplarische
529 1384 1589 1565 Zeugegeben, der Brief enthielte Gefühl, altes
1849 1443 2962 1623 Hausmus, wenn sie wollen, schließlich
538 1479 1663 1632 marltschaftes Gefühl, unter dummen
541 1534 1733 1712 Viel schrängen schlecht versoeckt. Und würe
1831 1546 2842 1684 Und endlich so gut eine Religion,
559 1623 1757 1788 damit für da-seule schon aus der Welt, zumindest
1791 1620 2806 1782 wie das alt christliche: Lieben oder
559 1693 1748 1843 aus meinem Mikrokos mor herausgeschafft?
544 1663 3001 1910 Sie irren, mein Freund. Nicht des kalte Skegticums, das modern-englische prokpantische: Wirken
1825 1788 2662 1919 oder das indische: Versenken
1791 1822 2919 1980 Verstanden? (in gereizten Trenged sprechen.)
541 1840 1773 2005 nicht die eintörige, nerven- und fühllose Blasarthei¬
1785 1904 2928 2057 Und. die Mornl?  Dafs, wenn es mir
556 1922 1708 2081 ist finde-siècle, die ist-ils, vieux jeu.
565 1990 1705 2142 alt wie Lukian, überlebt wie Holbach und
1785 1974 2821 2149 heute, oder morgen oder übermorgen
568 2087 1767 2213 Diderot. Nur keine Ganzheit, keinen Charachertygust
1797 2072 2919 2240 einfiele, ihnen ganz unumwunden zu
547 2145 1760 2274 wo im schlechten deutschen Lußspiel, kein Grundson
1791 2152 2989 2326 sagen, daß ich sei sie irgendwelche Gefühle
559 2210 1626 2353 keine Grundherbe: alles abgelönt, verschwimmend,
568 2286 2897 2463 und Millat-Sararin, Paul Bourget und Schopentank empfinde, daß sie dann weiter im
568 2268 1647 2405 mitvibrierend. Wagner und Nietzsche, Böcklin
1803 2329 2931 2570 der Wichheit dieses ganz und gar nicht
568 2402 1623 2543 und nebenbei noch ein paar andere; hübsche
590 2454 1803 2628 Erauen, elegante Pferde, Künselerisch zusammengefallt.
