3605 3672
483 768 1670 843 Dann fiel mir ein, daß es ja einen Sonninschirm
480 830 1816 923 aufschonnen könne und ich lachte über diesen Exinfall.
467 901 1681 1010 Ich hatte das Bedürfnis, laut zu lachen und schaute
498 955 1556 1061 um mich, ob niemand mitlache, dann hatte
493 1031 1440 1141 ich plötzlich einen Augenblick sindloser
492 1090 1660 1210 Angst; eine erstickende Kälte Elog durch mich¬
473 1136 1776 1266 Da lehnte sich über das Geländer der Landungsbrücke
487 1220 1728 1336 ein Mann in blauer Theerrigke, offenbar ein
498 1280 1795 1423 dienstfreier Matrose von einem der Dampfschifft
473 1356 1648 1475 Mit einem gewissen phlegmatischen Interesse
492 1436 1611 1525 musterte er meine langende kleine „Mösse“
492 1483 1813 1610 Dann sagte er mit höflichen Griesen; 't s a damald
490 1556 1720 1676 strait little cutter you have got here, young
510 1623 1783 1703 gen’nen? dare say, the must wie it. In dem
490 1683 1676 1820 Augenblick siel die Fahm. Den Signals heiß
483 1763 1696 1885 mußte ich überhört haben. Ich habe die Regalla
498 1816 1671 1956 gewonnen, mit 2 Länzen vor „Spree“ und
507 1911 1773 2038 2 ½ vor "Cumberland". Ich habe mich wie darüber
493 1956 1773 2101 gewundert, daß der Mann in der Umgebung
505 2058 1773 2179 englisch geschwochen habe, ja mir fiel es gar nicht.
505 2134 1776 2258 auf; aber ich bin innerlich überzeugt, dass ich ohne
502 2219 1741 2316 dieser Wort nicht im Stande gewesen wäre, und
502 2269 1748 2403 das Steuer zu halten. Und ich werde den Klang
502 2358 1610 2463 seiner Stimme nie vergessen.
485 2426 1735 2523 Diese Noville ist aber keines Novellen, sondern
507 2484 1710 2599 ein dummer Einfall. Ich weiß nämlich
515 2549 1765 2683 ganz gut, daß Dr. Humenthal eigentlich keine
510 2639 1718 2754 Karter, eine Première keine Regalla und
567 2724 1653 2848 Gustar Schwarzkosch nicht ängstlich ist.
1861 698 3084 885 Aber ich möchte gar so gern der Mann mit
1871 831 2994 936 der blau in Hacke sein; der Mensch mit
1890 896 3173 1031 der freundlichen Tackosigkeit, der mit seinem
1873 960 3086 1093 Lob hineintappt, unaufgefordert, ungefragt,
1840 1025 3136 1188 mit der Autorität gel' der Rücksichtblosigkeit.
1840 1125 3038 1273 Und ich möchte der Mensch sein, weil nach
1840 1180 3114 1358 dem Sieg der Neuermann den Abang seiner
1853 1261 3054 1420 Stimme nicht mehr vergessen kann und
1870 1348 3144 1515 weil man dem wohlwill, der unst in einer
1881 1455 2548 1571 schönen Stunde gesehen.
1888 1511 3056 1670 ich fühle ich habe kein Recht zu loben, weil
1865 1578 3066 1756 ich mich noch nicht genug geklässt habe, um
1890 1660 2891 1811 Vadeln zu können. Vielleicht doch?
1865 1743 2991 1898 Ich empfinde im ersten Akt Länzen der
1936 1785 3163 1985 Exposition, möchte Meiert überflüssige erste
1860 1900 3031 2076 Einführung als Schreiber weghaben, weil sie
1868 1963 3056 2139 eine ganze Masse unplastischer Delails zu
1863 2066 3094 2218 ihrer Molivierung braucht, hasse, wie überall
1853 2139 3146 2288 die verhöhnenden Figuren, Aigner und Fränzchen
1858 2206 3128 2364 (welches Mädel heißt in Wien Fränzchen?!)
1870 2331 3038 2459 möchte gern ein paar Episoden herschenken,
1848 2399 3091 2528 sinde ein paar betreibt gesellschaftlich veraltet
1963 2463 3176 2594 habe mich sehr gefreut. Dr Krügers Bekanntschaft
1851 2561 3099 2699 gemacht zu haben (eine der glücklichen Eiguren,
1858 2619 3096 2778 die, wie der Hauptmann in 5. Akt des Leer
1890 2731 3153 2848 in 5 Worten einen ganzen verfehlten Lebens
