3628 3720
1745 880 2881 1031 kommen, aber dort geht der Symbolist
1744 947 2904 1144 um Erfreulichweise will er fortgehen,
1807 1051 2889 1213 sobald es kalt wird. Daß geniert
1807 1137 2869 1302 ihn nämlich, behauptet er. Ich schreibe,
1817 1220 2777 1393 wie die großen Auforen, nur
1807 1347 2802 1521 auf der zweiten Seite, habe Sie
1816 1446 2805 1623 aber trotzdem noch immer recht
1831 1587 2888 1738 gern. Grußen Sie vielleicht Herrn
1821 1669 2859 1859 Rudi ein bisschen von mir. Ich bin
1778 1833 2507 1991 auch heute noch schläfrig.
2083 1946 2518 2115 Hochachtungsvoll
2297 2067 2483 2209 Loris
1882 2158 2950 2375 genannt. Operreich hat wieder einen Dichter“.
1818 2349 2934 2589 gegeben, zu W im, in Jänner 18/2.
