3622 3722
1216 907 2321 1031 Als Symbol meiner Thätigkeit perka¬
1189 1006 2233 1153 ich Ihnen die Lotillonmaschel von
1192 1088 2235 1221 gestern abend hinein. Ich lese dann
1169 1166 2285 1291 und wann in Boot den „Antzenstag“
1202 1277 2228 1410 ein langweiliges, unehelichert und
1205 1359 2254 1530 allmodischer Buch von Südermann.
1191 1468 2225 1645 Viel hübscher ist Vanitz für.
1206 1607 2156 1749 Zur Aufführung eingerichtet und
1195 1720 2260 1860 Dargestellt von der Pleinen Frau
1170 1830 2164 1974 Faldmann (Becky Skarp) ihrem
2387 1862 2479 1973 P.S.
1180 1941 2285 2084 Mann (Ravdon Cravley), Baronin,
1176 2052 2188 2199 Kutschera (Emily) etc. $ppill.
1216 2174 2224 2315 wie ein Myserium unter freiem¬
1214 2264 2214 2444 Himmel, 3 Wochen lang. Der
1219 2397 2182 2530 Davierschieler war zwar mit IJschl
1288 2508 2340 2680 aber sehr schlecht; (gessere abends nämlich)
