3616 3672
1412 1075 1767 1205 Lieber Freund.
1306 1125 2315 1288 Ich war seither nicht einmal bei Griensteidl.
1289 1208 2323 1352 Seit 10 Tagen bin ich „mondän“; so sehr,
1296 1288 2348 1445 dass ich gestern vor Heiserkeit nicht schrechen
1330 1382 2229 1520 konnte und mich um ¾ 8 ins Bett.
1307 1459 2323 1600 legte und immerfort schlief, worauf ich
1271 1574 2012 1696 heute noch viel schlähriger bin¬
1310 1621 2382 1773 Gestern erscheint (nicht auf meine oder unser
1296 1710 2250 1859 Initiative) in tausend Exemplaren bei
1296 1789 2428 1946 Manz (Aohlmarkt); er zahlt mir 80 fl und
1303 1872 2407 2054 verspricht eine hübsche Ausstattung. Ich glaube
1317 1977 2431 2124 Es war kein fehler, daß ich angenommen
1296 2095 1631 2217 habe.?
1314 2145 2269 2299 Plötzlich haben mich die jungen Mädchen sehr
1274 2241 2337 2374 gern, oder finden mich wenigstens interessant,
1263 2357 2382 2465 weil sie glauben, daß zwischen den Zeilen von
