2774 3688
1223 887 2292 1023 und zeit eventuellene) Ahheil schatten
1248 1044 2170 1152 ein Raste, zwei Brief und
1252 1174 2156 1278 ein Gedicht, was die alles
1278 1298 2119 1416 auf baldig in Original
1238 1406 1678 1518 Zurückbekommen.
1168 1548 2165 1682 „Licht noch ein Beläst zug. ich
1184 1695 2129 1784 nicht, aus einen schleuten Grund
1154 1802 2210 1927 (eine mutuell ihret darauf zu lernen
1175 1924 2185 2036 ich zu holen) sehr gern. Da ließ
1159 2039 2125 2175 Ich zu R. lesen. Es ist nicht ein
1160 2179 2215 2291 Leichsendel. Könnten dies mir
1157 2316 2117 2490 lich ist von bei R. leifweiss.
1145 2449 2213 2557 schicken. Ich wie sehr dankbar. Seite
1139 2554 2259 2696 Arnigband: Rom Bertolinis plendid
1146 2636 1333 2743 Stôtel
1430 2639 1652 2731 Mr Ry
1699 2635 2022 2740 Dr. Supr.
