3619 3641
1807 731 2167 878 unterworfen.
1807 774 2797 967 Ihre Abwesenheit empfinden vor alle
561 757 1652 984 sonste Blicke dahergeflogen — und ich
1844 846 2958 1042 schmerzlichst; Einzig und allein unterlich
564 872 1750 1027 entdecke, daß ich eben jetzt zum erstenmal
1827 935 2854 1093 aus dem Grunde, weil uns der 4. zum
590 941 1703 1099 so recht eigentlich an den gedacht habe, hin
593 1004 1755 1171 den dieses geistreiche Gekritzal
1830 1042 2331 1183 Königrufen fehlt.)
593 1065 1775 1252 Ich schäme mich also, gebe die Wahl des Titels
1830 1079 2952 1252 Ich vermisse sehr unsere Abendschaziergun ge;
616 1160 1761 1309 auf und schildere. Schildere? Keine Idee,
1842 1186 2806 1338 selbstverständlich mir weil ich jetzt
636 1226 1807 1396 ich beschreibe, be- schrei-be, oder noch besser.
1842 1211 2903 1421 niemand habe um mit meinem 16 ½
627 1315 1715 1473 ich hoffe einen Bericht ab. Zeit von den
1847 1338 2693 1499 jährigen esprit zu brillieren.)
601 1370 1787 1542 ergebenst unterzeichneten die Ehre Gehabt
1862 1407 2978 1568 Sie würden mir wir eine großen große Freude
624 1491 1755 1626 wurde, Ev. Wolgeboren aus ihren Kreise
1853 1499 2860 1652 machen, von sie mir nach Ströbl
1856 1542 2949 1701 antworten würden, es macht nämlich
645 1565 1821 1747 zu verlieren, hat sich hier nichts irgendvi¬
1862 1657 2912 1790 einen sehr guten Eindruck, wenn man
636 1660 1804 1801 bemerkensvertest vorzugehen erlaubt.
1865 1724 2944 1856 so im Vorübergehen hinwochen kann:
630 1741 1804 1891 Ein Nein, mit dem Lüsialseil gehts, nicht.
1865 1784 2924 1954 Heb heute Brief von Gustav Schwarzkrsch
656 1824 1775 1985 Versuchen wirst mit einem Börsebericht.
645 1847 2958 2043 „Einen entschieden beruhigenden Eindruck bekommen, ich; missen doch ich, Scharfe¬
1870 1931 2875 2101 Gläser-Schwarzkopf, ich; fragt mich
656 1971 1824 2144 auf das große Publikum hat die officiöse
1876 1985 3001 2170 um Rath für sein neues Buch ich. Pardon
653 2055 1798 2184 Meldung von der bevorstehenden Abreise
1879 2092 2993 2224 muß nur eine Correspondenz Karte in
645 2124 1847 2265 das Familie H. –. that hervorgerufen.
1879 2170 2947 2305 Gottfried Keller schreiben; mich intimer,
650 2190 1816 2331 Lörmtetien infolge der Ankunft das Familien¬
1870 2184 3090 2406 Freund, reise nächstens auf sein Zeit zu ohne ich:)
670 2267 1741 2411 obersauptes rapid gesunken. Wombals
676 2342 1620 2486 verkehrten in gedrückter Stimmung.
2247 2351 2564 2434 Rückblick.
1867 2391 3016 2549 Wenn ich dieses verrückte Geschmier ansehe,
670 2388 1859 2549 Eberleumant sehr begehrt. Verkehr in jungen
1908 2457 2958 2627 so weiß ich nicht, soll ich fürchten und
682 2469 1709 2616 dannen Flau, kein Abnehmer lustlos.
688 2561 1761 2713 Stimmung bei Tisch großen Schwankungen
