4280 3641
1506 1048 1941 1184 lich Zupas
1514 1231 2407 1362 dadurch daß es diß Jahr mama
1491 1339 2490 1478 so gar nicht gut geht, verbringt
1528 1480 2389 1639 ich eigentlich alle Zeit, die
1516 1634 2453 1789 ich in der Stadt be, in der
1520 1787 2581 1941 Palesianerzusse und jedochmal
1515 1951 2481 2090 Druks ich ich wird hierin¬
1519 2107 2497 2246 gehen können, die sehen, und
1526 2274 2413 2421 innen kommt und dann
1526 2441 2533 2579 Anders. heute etwas hat
1531 2565 2605 2732 mir die Duncan die ich zufällig
