3619 3641
1107 737 2404 864 in den „scharfen Gläsern“ gegen die verrückten
1119 817 2449 951 Namen für Helden und Heldinnen; es ist mir
1122 907 2339 1058 eingefallen, weil bei mir es tocanio
1151 1007 2422 1170 und sie Gioconda heißt. Die Abgänge
1148 1117 2510 1273 sind auf immer gereint wie bei Shakerspera¬
1163 1217 2400 1402 sonst der übliche 5 hüßige Jambus ohne
1151 1358 1380 1485 Reimer
1148 1446 2504 1626 Ich suchte mich schon, Sie zu ärgern, wenn
1086 1600 2404 1739 ich noch einmal frage, ob wir uns in
1142 1702 2281 1861 Strobl ein wenig sehen werden?
1197 1836 2037 2010 herzliche Größe von und allen.
1709 2034 1888 2219 suge.
