3619 3641
543 750 1756 949 Oder hoffen, daß Sie es gar nicht lesen können.
540 871 1686 1041 Wenn ich denke, was ich alles sagen wollte
544 967 1723 1092 und was alles um mich und in der anklag¬
570 1053 1690 1161 und vibrierte und Elimmerte — und
577 1119 1678 1248 mich dem Papier stehen ein paar steife oder
570 1200 1642 1310 betrunkene hinkende Zeilen; ich glaubi¬
577 1256 1734 1394 lieber Freund, in mir statt kein Schriftsteller.
561 1337 1762 1463 Aber wozu schicke ich ihn dann dem eigentlich
565 1427 1743 1577 ab; ich weiß wirklich nicht was ich will¬
633 1523 1728 1666 über was; möcht, wüsst schon
589 1648 1555 1791 Seien sie herzlich gegrüßt.
746 1776 1102 1911 von heim
1105 1836 1474 1992 Hugo
659 1976 1478 2135 von 7 Aug. Strobl bei Ischl
1290 2089 1693 2203 Hotel am See.
630 2235 1701 2400 Nachrschrift. Bitte grüßten Sie herren
620 2347 1611 2466 Weiss oder Dr Hirschfeld und
647 2453 1620 2589 gefräßig bin ich noch immer.
2478 662 2720 777 15G3
1803 749 1881 875 19
2438 805 2916 922 Strobl, 10. August.
1824 964 2884 1138 Ihr lieber, einster Brief, mein Freund,
1817 1047 2875 1227 hat mir aufrichtige Freude gemacht; ich
1821 1135 2958 1292 habe ihn 3 mal erweinander gelesen (eine
1878 1168 3041 1362 Ehre, die, beiläufig gesagt, seit dem Lederstrumpf
1835 1263 2956 1417 nur sehr wenigen Litteraturprodukten von
1844 1322 2988 1484 mir widersahren ist) - und - um ihnen
1821 1401 2859 1564 zu beweisen, daß diese Freude wirklich
1841 1427 2958 1624 wahrhaft und aufrichtig ist, will ich alles
1845 1510 2917 1690 zusammensuchen, was mir daran nicht
1830 1579 3035 1740 gefallen hat. 1.) Loben sie mich zu viel.
1842 1650 2949 1811 Was soll denn das heißen? Ich bin doch
1845 1747 3012 1881 kein kleines Mädchen! Das Epitheten
1857 1792 2949 1965 „kößlich“ für den Börsembericht hat
1856 1862 3029 2032 mich geradezu empört. Entweder wirst
1859 1944 3065 2080 das eine conventionelle, seellose, verknöherte,
1863 2012 3026 2182 mechanisch hingeschriebene Formel (wie
1875 2117 3030 2221 man sie von einem geschätzten Mitarbeiter,
1835 2191 2878 2313 einem Schlesinger, Widmann oder
1889 2227 3020 2386 Blumenthal gebraucht) oder aber ihr
1905 2295 2977 2477 Geschmack hat sich in der Eusch in
1899 2386 2970 2544 gerndezu schreckenvorigender Weise
1923 2457 3015 2666 verschlechtert. Also bitte, wählen sie.
