3619 3641
1704 1050 1823 1119 G.C.F.P.
1710 1102 1825 1136 G.C.F.P.
1300 1084 2233 1190 Ich einen auch geht auf g Pohrt, ich
1306 1174 2268 1276 habe ohn bemerkten Schwäche getroffen, ich freilich,
1332 1225 2289 1329 wie noch in der Grellsgegliche. Sein Amt für
1355 1294 2297 1402 gelesen. Es ist eine konnte Kolon z, die ich
1356 1356 2284 1453 Ungare habe als Stecke diese Gmür zu hin pflegen.
1408 1423 1512 1466 others
1410 1420 2327 1522 zum Vorzug ersprach hat. Ein gefühlen
1364 1482 2309 1596 flosly klug druby. Da sich Bruder ist so
1378 1538 2322 1659 Beklag geworden werdenen Zugreiche sein soll.
1380 1596 2352 1692 und nun wirksam, feht spinden könnten Ge
1383 1655 2334 1779 wahrte sonst die letzten V M in Theilen nicht
1377 1704 2302 1828 wie schwifftig, nur nur Erleichung sind.
1393 1753 2373 1882 46 Schle for nach einem Merz zu Gehen. Ein
2411 1799 2524 1902 P.S.
1754 1845 2003 1924 G.C.H.F.P.
1317 1850 1717 1930 du feuilleur de cette riviere
1946 1845 2379 1935 Sr. Technik auch
1346 1889 1735 1977 näheren, daß sie keine
1388 1924 2393 2016 die Voturäumigste anzeln gute Einhalte nicht
1398 1981 2350 2098 gang. Von muß E. Ein echten Schwerkanten
1407 2031 2384 2136 M an den Verfoder wie mehr Eingefahr sei hatte.
1416 2101 2370 2201 schmerzt?  Vielleicht tragen zwei unerlaßten
1431 2156 2385 2267 literansch Henngen die Schuld) die Seyen
1407 2217 2305 2329 der Schmafen falt ich ich in es herstelig
1443 2285 2385 2384 hält vor dem Sohnen. sie sei lehren im Arbe¬
1380 2353 2279 2438 Nk vor bist zu wollachtigkeit gehalten
1382 2390 2317 2497 der Verwahrung zu Delechine und von der Vorste¬
1378 2460 2142 2569 geschaffenheit als recht sehl geschnittwald legen
