3621 3760
1706 775 1806 942 24
2560 825 2857 999 Panshry
1781 935 2142 1078 Liebes Kind!
1706 1040 2822 1240 Ich bin einer Tag an einer heftigen Hals¬
1748 1160 2887 1361 anzündig gelegen. Dr. Schandlbauer
1804 1327 2715 1457 der schlimmeren erwartet zu
1722 1438 2771 1593 haben schrittt, was sehr ängstlich
1712 1556 2788 1714 und läßt mich auch jetzt noch
1746 1699 2633 1868 nicht ausgehen. Das ist der
1749 1831 2749 1994 Grund, warum Sie mich nicht bei
1740 1951 2824 2142 sich sehen; auch bin ich natürlich
1776 2130 2813 2272 durch die Nähe der Prüfung doch
