3660 3671
1194 698 2522 910 doch Meiterschreiten geraden nur gestreift haben.
1206 867 2471 981 Die Furchtbar tiefe Gründide, daß wir von
1214 971 2535 1063 dem Augenblick an, wo wir die Bedingungen
1184 1007 2510 1159 (und folgen) unserer Existenz, die endlosen
1220 1115 2507 1239 factoren des Products, ganz durchschauen
1217 1187 2309 1300 können wollen, dass wir von diesem
2338 1204 2428 1254 G.C.F.P.
1216 1277 2461 1396 Augenblick an die Existenz nicht mehr
1182 1353 2424 1467 tragen können, habe ich aufgegriffen
1189 1445 2340 1578 und versucht sie ein wenig pretisch
1245 1531 2426 1649 glitzern zu lassen. Also selbst zu dem
1192 1607 2454 1753 armseligen violetten Hund ihr Ihre Muse
1189 1697 1730 1836 Modell gesessen.
1222 1750 2371 1935 Mein Freund, ich würde nicht so schlechtet
1202 1892 2343 2011 machen, wenn ich nicht erregt wäre, so
1207 1978 2335 2104 Nehmen Sie dieß Geständniß anstatt der
1196 2052 2406 2190 Widmung: Welt so ganz dem Menschen
1199 2165 2373 2300 daß man ist mir her Bequitterie dem
1225 2239 2491 2398 Autor gegenüber wird auslegen können,
1272 2337 2325 2502 Beide grüßt in treuer Ergebenheit.
1359 2767 1573 2891 au. 19 I
