3621 3760
936 1087 1139 1266 20/ 97
995 1179 2301 1365 Ich höre zu meinem lebhaften Bedauern, daß Sie sich
1007 1269 2403 1438 dem heutigen Sonner, zu dem auch Herr Häusamtmann kommt
1030 1351 2306 1517 entziehen wollen. Vielleicht, weil Ihnen die schäte
1054 1450 2321 1599 Stänke nicht gehrt. Schön. Mir (Schnitzler Hoffmann)
1066 1544 2306 1689 ich) kommen aber um 9 Uhr zu Heimsteidl
1094 1627 2292 1761 erwarten Sie dort, gehen zusammen gemüthlich in
1083 1691 2297 1837 Läßenbräu und folgiren dort ruhig zusammen.
1094 1813 2441 1945 das meine finde sich. Ihre Ausrede ist also keine
1116 1872 2181 2066 Aufrede ich aber bin herzliche Ihr Junge
