3622 3722
694 866 1809 1094 Rähnestraße und launebière ist.
711 1038 1799 1185 Die Menschen tragen hier alle mir die
730 1139 1855 1296 blaue Blouse, die Ruhe nicht einmal
781 1238 1784 1405 die; wenn ich durch die dochstraße
765 1357 1768 1541 gehe, laufen mir die Kinder nach
707 1484 1708 1652 und schreien: „Onn Lyonnais“.
734 1590 1845 1735 Das sind nämlich die einzigen Städtes,
714 1680 1829 1839 die sie kennen. Rußer versprengten
703 1811 1725 1918 Marodeuren von 1815 war nie
737 1908 1846 2063 ein Osterreicher hier. Das Departement
724 2038 1758 2192 liegt nämlich bekanntlich an der
731 2142 1775 2300 Grenze der Schweiz und daß alten
711 2272 1804 2430 Savoyen. Das doch selbst liegt
728 2390 1780 2559 bekanntlich fast so hoch wir die Fisch.
750 2518 1728 2720 Mein Hausherr ist bekanntlich der
2006 845 2967 1070 Aufschacker des Dorfs. Und
1959 1004 2871 1203 auch deshalb denke ich so oft
1916 1141 2972 1307 an Sie, weil es so viel Schnags
1974 1256 2895 1407 giebt. Und gut! und billig!
1966 1354 2945 1529 grüne Chartreise, gelbe Chartreuse
1950 1506 2947 1629 weißer (junger) lognac, lau de
1926 1603 3068 1761 noix, Rirsch und was mißlich meh¬
1980 1748 2790 1889 Jeden Tag und immer zu?
1930 1845 3024 2043 Ich betriebe mich in Ihrem Namen
1929 1999 2976 2165 Schreiben Sie mir dafür nächstens
1929 2111 2656 2282 tin haar Zeilen nach
2087 2233 2891 2410 Marseille poste ress.
2366 2347 2573 2482 France.
2296 2506 2484 2689 licht
