3616 3672
720 819 1477 937 Gestern etwas unpassendes Zahl.
716 901 1650 1030 Dr Hoffmann lässt Sie grüßen; er ist sehr
718 964 1649 1086 nervos und geht mit seinem Pacha
646 1028 1633 1184 auf Todes 4 Wochen nach Abbezia oder
718 1147 1139 1262 so irgend wo hin.
725 1229 1824 1352 Ich habe seither gar nichts gelesen als Raubbau
741 1301 1749 1396 und Leitfaden der Reclame in denen
850 1360 1559 1447 (Madame Wohlthat er ist viel schwächer)
736 1371 1765 1525 anspruchslos sehr viele gescheidte Sachen
728 1461 1797 1617 und solche, die von den Thatsache inzwischen
735 1547 1723 1692 noch bekräftigt worden sind, stehen.
748 1646 1756 1774 Es ist sehr schade, dass Sie diese Art.
723 1704 1743 1858 des fortlaufenden Moralisierens, die
731 1795 1833 1958 Ihnen so sehr liegt und in der Sie eigentlich
726 1896 1746 2049 einen Stil geschaffen haben, nicht recht
720 2000 1529 2153 auszuüben Gelegenheit finden.
739 2097 1747 2244 Es ist eigenthümlich, wie farblos sich die¬
738 2196 1758 2321 anderen, materielb auch sehr verdienstlichen
905 2269 1017 2346 sla
770 2272 1884 2405 Eligschaften ausnehmen, wenn man sie dagegenhält.
758 2344 1785 2494 Herr Bahn läuft mit Frau Surch Kering
797 2455 1842 2600 herum; sie ist rothhmerig und hat dunkle,
1911 716 3078 957 schriemende Augen. Herr Nathorff beobachtet
1951 892 2940 1007 beide und freit sich seines Lebens. Er
1949 973 2970 1107 läßt Sie auch grüßen. Gesprächsstoff ist
1961 1078 2986 1200 außer mir nach Herr Maxmet, eine Art
1955 1158 2940 1293 älterer Loris, der sich sehr geschickt in
1954 1238 2882 1383 Seine setzt und gesellschaftliche
1938 1329 3018 1479 Beliebtheit zu "Kuerstlerischen Zwecken"
1941 1406 2981 1545 ausnützt, man begegnet
1971 1484 2976 1659 ihn überall. Seine neueste Bger heißt
1977 1589 3030 1755 „Meither“. Ich werde sie mir Donnerstag
1955 1697 3040 1833 anhören, morgen aber die Diese, die merklich
1955 1765 3021 1909 größer, d. h. ursprünglicher und vielfertiger
1949 1881 2158 1959 per hll
1972 1866 2853 2025 Als die Jacob Bernhardt sein soll.
1954 1964 2988 2122 Ich wäre sehr froh wenn Sie aus der Noth
1980 2064 2904 2196 eine Tugend machen und sich bei
1986 2138 3020 2288 dem gezwungenen Landaufenthalt selber
2000 2235 2882 2373 ein Bischen von der Blässe der letzten
1997 2314 2869 2469 Wiener Zeit erholen wollten. Wenn
1972 2430 2973 2561 Antwort eibitte, so ist mir, um zu
