3628 3720
1138 1342 2117 1468 Von Gesellschaftsverpflichtungen der
1127 1433 2091 1547 in haltslosesten Art von Tag zu
1092 1491 2125 1640 Tag in langweiliger Kette in Anspruch
1088 1594 2097 1688 genommen, bemit ich ein paar Eine
1083 1631 2245 1746 Minuten, um sie, lieber Freund, zu grüßen,
1066 1720 2038 1835 und ihnen für die Übersendung der
1077 1754 2100 1884 für die Jugend bearbeiteten Ausgabe der
1085 1835 2156 1958 modernen Dichtung bestens zu danken.
1053 1900 2207 2029 Ich habe in diesen Heften mehr, wertvollerst
1092 1955 2226 2093 gefunden, als ich je hoffen dürfte. Allerdings
1085 2031 2070 2181 wenig formvollendetes, abgeklärtes,
