3622 3722
1096 1274 2290 1415 ausgegohrenes. Aber reiffer Trieb und Reime,
1090 1357 2282 1466 ein ganzes buntes Gegenwartsleben, nach neuen
1101 1421 2155 1520 Formen zuweilen etwas läppisch ringend,
1110 1462 2146 1571 neben blöder Partei Verhimmelung auch
1096 1544 2299 1650 wohlthuende Verf Ehrung wirklich verkannter
1087 1586 2264 1710 Mithühlen, Mitleben des wirklich Zeitgemäßen
1098 1674 2230 1793 den darum dem wirklichen Zeitgenossen höchst
1102 1746 2200 1857 sympathisch, starkes, ursprünglicher Wollen in
1104 1804 2192 1929 allerlei Formen, ab und zu sogar starkes
1090 1870 2198 1989 können, kurz mehr, wir wollenes als ich
1111 1942 2248 2056 erwartet darum nochmals lieber Censor¬
1111 2011 1815 2179 aufrichtigen Dank. zuzor¬
1742 2071 2155 2237 Samstag
