3635 3671
1234 668 2242 875 Graziös mit hübschen Händen;
1302 815 2391 973 ein bisschen rosa Pieder, weißer Puder,
1298 913 2456 1076 Rothstift und Schwarzstift; / Pastors-
1250 1025 2448 1180 tochter aus Bensheim. 3000 Einwohner!)
1265 1132 2378 1265 trotzdem interessiert sie mich leider
1286 1208 2424 1360 gar nicht. Neulich haben mich Schnitzler
1313 1308 2429 1468 von Hoffmann besuchtsich habe ihnen
1304 1410 2409 1566 auf dem See 1 ½ Ach vorgelesen,
1314 1496 2388 1667 dann haben sie sich kaltes roaat beef
1298 1615 2436 1770 gekauft und sind in silbergrauem
1305 1719 2298 1852 Nebel und Sternlicht in einem
1314 1827 2305 1974 Einspänner nachhause gefahren.
1344 1944 2169 2086 Mama läßt sie grüßen.
1342 2020 1833 2162 Schnitzler " "
1387 2099 1903 2236 Hoffmann
1301 2184 2414 2368 Ich hoffe herzlich, dass Ihnen der Herbst irgend
1298 2302 2327 2451 eine Erholung bringen wird und möchte
1289 2378 2406 2533 gern etwas erleben, um es Ihnen im October
1337 2476 2009 2633 zu erzählen. Ihr zuge¬
