3616 3672
2097 884 2370 1014 Sonntag.
1468 1073 1811 1205 Lieber Gustav.
1252 1130 2298 1294 Sie dürften aus der Zeitung u. dergl. wissen,
1239 1235 2328 1410 das Papa, nicht unbedenklich erkrankt
1218 1354 2386 1501 war, d.h. gleich am ersten Tag (Montag)
1260 1459 2234 1636 einen zwar beängstigend heftigen,
1276 1578 2294 1747 aber hoffentlich folgenlosen Anfall
1305 1681 2230 1877 von Erbrechen, Schwindel und
1248 1834 2234 1983 herzschwäche hatte; nach einer sehr
1265 1939 2304 2119 unfeierlichen Nacht erholt er sich seit
1257 2044 2328 2220 Dienstag morgens stetig; ist heute
1277 2185 2302 2378 schon bis zur Bonorahutte zu Fuß.
1264 2317 2331 2522 gegangen und schläft jetzt in dem
1286 2489 2372 2733 ausgespannter Wagen vor dem Haus¬
