3616 3672
2252 823 2372 901 22.
1602 879 2123 1038 Gai nicht dringend!
1388 1038 1938 1222 Geschätzter Novellis.
1179 1163 2375 1350 Es hat erst alle sehr gestreut, daß Sie so schnell
1200 1225 2473 1451 und viel schrieben. Ihre Existenz ist nicht beneidens¬
1166 1364 2409 1529 wird, aber von der hiesigen haben Sie nach den
1260 1473 2427 1657 fahrungen anderer Jahre gar keinen Begriff.
1176 1575 2436 1820 Wir sprechen büchstäblich mit niemand als mit
1179 1784 2465 1901 Wern und meiner bei Weilguni wohnenden
1216 1852 2481 2030 Tante, die auch zuweilen mit Stern vierhändig
1181 1963 2391 2139 spielt. Seit 3 Tagen und 3 Nächten regent
1200 2053 2352 2259 es unverschörlich jetzt sind alle nahen
1208 2190 2304 2379 grünen Berge beschmit, der Himmel
1246 2326 2366 2478 bleiern dunkelgrau wie im Winter.
