<?xml version="1.0" encoding="UTF-8" standalone="yes"?>
<PcGts xmlns="http://schema.primaresearch.org/PAGE/gts/pagecontent/2013-07-15" xmlns:xsi="http://www.w3.org/2001/XMLSchema-instance" xsi:schemaLocation="http://schema.primaresearch.org/PAGE/gts/pagecontent/2013-07-15 http://schema.primaresearch.org/PAGE/gts/pagecontent/2013-07-15/pagecontent.xsd">
    <Metadata>
        <Creator>prov=READ-COOP:name=TrHtr:version=2.1.0:model_id=51170:date=27_07_2023_19:30</Creator>
        <Created>2023-05-02T08:19:28.669+02:00</Created>
        <LastChange>2023-07-27T19:30:00.249+02:00</LastChange>
        <TranskribusMetadata docId="1416753" pageId="54954411" pageNr="84" tsid="131288646" status="IN_PROGRESS" userId="64420" imgUrl="https://files.transkribus.eu/Get?id=BRGHIJGZDZGAHQEMAFNZDWMI&amp;fileType=view" xmlUrl="https://files.transkribus.eu/Get?id=MLXDDZNJQQHFYGEWVFDJTKQJ" imageId="44458136"/>
    </Metadata>
    <Page imageFilename="1416753_0084.jpg" imageWidth="3197" imageHeight="3689">
        <ReadingOrder>
            <OrderedGroup id="ro_1711825789914" caption="Regions reading order">
                <RegionRefIndexed index="0" regionRef="tr_1"/>
                <RegionRefIndexed index="1" regionRef="tr_2"/>
            </OrderedGroup>
        </ReadingOrder>
        <TextRegion id="tr_1" custom="readingOrder {index:0;}">
            <Coords points="593,922 1695,922 1695,2681 593,2681"/>
            <TextLine id="tr_1_tl_1" custom="readingOrder {index:0;}">
                <Coords points="1000,1020 1273,982 1355,1017 1438,987 1570,994 1574,901 1406,952 1342,942 1290,969 1246,967 1204,932 1101,964 1004,942"/>
                <Baseline points="1008,996 1038,996 1083,999 1128,993 1172,987 1217,990 1262,987 1307,984 1352,981 1396,978 1441,975 1486,972 1531,972 1575,975"/>
                <TextEquiv>
                    <Unicode>Aber die Briefe</Unicode>
                </TextEquiv>
            </TextLine>
            <TextLine id="tr_1_tl_2" custom="readingOrder {index:1;}">
                <Coords points="587,1020 683,1026 710,1015 732,1028 817,1012 846,1020 920,987 919,939 842,943 806,932 780,949 672,937 642,949 584,942"/>
                <Baseline points="593,993 638,993 683,996 728,996 773,999 817,999 862,999 907,1005 925,1005"/>
                <TextEquiv>
                    <Unicode>vorgemerkt</Unicode>
                </TextEquiv>
            </TextLine>
            <TextLine id="tr_1_tl_3" custom="readingOrder {index:2;}">
                <Coords points="638,1189 1000,1203 1127,1174 1241,1205 1364,1163 1559,1175 1582,1090 1292,1072 1006,1134 821,1105 639,1138"/>
                <Baseline points="647,1158 689,1161 734,1161 778,1164 823,1164 868,1164 913,1164 958,1166 1002,1164 1047,1161 1092,1161 1137,1161 1181,1158 1226,1152 1271,1146 1316,1140 1360,1137 1405,1134 1450,1134 1495,1131 1540,1134 1584,1137"/>
                <TextEquiv>
                    <Unicode>die ich mit mir Art Aufnüs¬</Unicode>
                </TextEquiv>
            </TextLine>
            <TextLine id="tr_1_tl_4" custom="readingOrder {index:3;}">
                <Coords points="621,1319 760,1358 878,1327 1061,1375 1161,1334 1577,1348 1569,1248 1237,1318 997,1283 913,1304 839,1268 724,1300 621,1267"/>
                <Baseline points="629,1316 674,1316 719,1316 764,1322 808,1322 853,1325 898,1328 943,1331 987,1331 1032,1334 1077,1337 1122,1337 1166,1334 1211,1331 1256,1328 1301,1322 1346,1319 1390,1319 1435,1316 1480,1313 1525,1313 1569,1313 1581,1316"/>
                <TextEquiv>
                    <Unicode>mit Vermündung - wie mit</Unicode>
                </TextEquiv>
            </TextLine>
            <TextLine id="tr_1_tl_5" custom="readingOrder {index:4;}">
                <Coords points="617,1534 1364,1530 1480,1495 1647,1519 1648,1449 1558,1430 1392,1464 1348,1440 1138,1503 620,1436"/>
                <Baseline points="626,1510 665,1513 710,1510 755,1510 799,1510 844,1513 889,1513 934,1516 978,1519 1023,1519 1068,1516 1113,1513 1158,1510 1202,1504 1247,1498 1292,1492 1337,1495 1381,1495 1426,1492 1471,1492 1516,1492 1560,1492 1605,1495 1650,1498"/>
                <TextEquiv>
                    <Unicode>ist der altes Uhr? - Ruchgeblötter</Unicode>
                </TextEquiv>
            </TextLine>
            <TextLine id="tr_1_tl_6" custom="readingOrder {index:5;}">
                <Coords points="643,1698 879,1676 1026,1698 1097,1673 1241,1711 1289,1685 1491,1713 1547,1702 1548,1617 644,1641"/>
                <Baseline points="650,1671 653,1668 698,1668 743,1671 787,1674 832,1674 877,1674 922,1674 967,1677 1011,1674 1056,1674 1101,1674 1146,1674 1190,1671 1235,1668 1280,1668 1325,1665 1369,1665 1414,1662 1459,1662 1504,1662 1549,1662"/>
                <TextEquiv>
                    <Unicode>Fahr, sind so so gestönlich,</Unicode>
                </TextEquiv>
            </TextLine>
            <TextLine id="tr_1_tl_7" custom="readingOrder {index:6;}">
                <Coords points="628,1857 743,1885 869,1859 950,1891 1345,1857 1511,1887 1637,1861 1637,1788 1469,1836 1155,1796 1006,1827 830,1783 764,1814 628,1805"/>
                <Baseline points="635,1853 680,1850 725,1853 770,1853 814,1856 859,1859 904,1859 949,1862 993,1862 1038,1859 1083,1859 1128,1856 1172,1856 1217,1856 1262,1859 1307,1859 1352,1856 1396,1856 1441,1856 1486,1853 1531,1853 1575,1850 1620,1853 1641,1853"/>
                <TextEquiv>
                    <Unicode>Es intien in einem gepager</Unicode>
                </TextEquiv>
            </TextLine>
            <TextLine id="tr_1_tl_8" custom="readingOrder {index:7;}">
                <Coords points="657,2027 827,2076 1222,2024 1321,2077 1430,2027 1670,2054 1670,1976 1544,1942 1419,1988 1141,1973 930,2009 735,1944 657,1964"/>
                <Baseline points="665,2005 710,2008 755,2014 799,2020 844,2026 889,2026 934,2029 978,2029 1023,2026 1068,2023 1113,2020 1158,2020 1202,2020 1247,2023 1292,2026 1337,2026 1381,2020 1426,2020 1471,2017 1516,2017 1560,2014 1605,2020 1650,2026 1674,2026"/>
                <TextEquiv>
                    <Unicode>Simi, daß ich mir ungeschrieblich</Unicode>
                </TextEquiv>
            </TextLine>
            <TextLine id="tr_1_tl_9" custom="readingOrder {index:8;}">
                <Coords points="654,2199 917,2246 1037,2206 1545,2232 1544,2151 1382,2139 1336,2172 1105,2182 654,2134"/>
                <Baseline points="662,2187 707,2187 752,2193 796,2199 841,2202 886,2202 931,2202 975,2199 1020,2199 1065,2196 1110,2199 1155,2196 1199,2199 1244,2199 1289,2202 1334,2202 1378,2199 1423,2199 1468,2199 1513,2199 1546,2205"/>
                <TextEquiv>
                    <Unicode>unangemacht wäre, solche</Unicode>
                </TextEquiv>
            </TextLine>
            <TextLine id="tr_1_tl_10" custom="readingOrder {index:9;}">
                <Coords points="640,2422 753,2433 824,2401 908,2422 1000,2387 1253,2427 1532,2419 1530,2348 1444,2326 1349,2356 1133,2317 930,2349 638,2295"/>
                <Baseline points="647,2369 692,2372 737,2375 781,2381 826,2384 871,2384 916,2384 961,2387 1005,2387 1050,2387 1095,2390 1140,2390 1184,2393 1229,2393 1274,2390 1319,2393 1363,2390 1408,2387 1453,2384 1498,2384 1534,2384"/>
                <TextEquiv>
                    <Unicode>Briefs abgedrukt zu sehen,</Unicode>
                </TextEquiv>
            </TextLine>
            <TextLine id="tr_1_tl_11" custom="readingOrder {index:10;}">
                <Coords points="606,2571 771,2589 898,2552 1045,2589 1264,2553 1310,2582 1482,2592 1484,2490 1419,2467 1030,2527 793,2537 671,2493 606,2518"/>
                <Baseline points="614,2554 635,2551 680,2548 725,2551 770,2551 814,2554 859,2554 904,2551 949,2551 993,2551 1038,2551 1083,2548 1128,2548 1172,2545 1217,2545 1262,2545 1307,2545 1352,2545 1396,2545 1441,2545 1486,2551"/>
                <TextEquiv>
                    <Unicode>solange man doch schließlich</Unicode>
                </TextEquiv>
            </TextLine>
            <TextLine id="tr_1_tl_12" custom="readingOrder {index:11;}">
                <Coords points="632,2671 1388,2701 1454,2664 1692,2655 1693,2599 1519,2592 1360,2637 1196,2619 1140,2649 634,2611"/>
                <Baseline points="641,2668 665,2668 710,2668 755,2671 799,2668 844,2668 889,2665 934,2665 978,2668 1023,2668 1068,2668 1113,2665 1158,2665 1202,2662 1247,2662 1292,2659 1337,2662 1381,2662 1426,2659 1471,2659 1516,2656 1560,2653 1605,2647 1650,2650 1695,2653"/>
                <TextEquiv>
                    <Unicode>lebe und nicht einnt, so mit</Unicode>
                </TextEquiv>
            </TextLine>
        </TextRegion>
        <TextRegion id="tr_2" custom="readingOrder {index:1;}">
            <Coords points="1802,985 2898,985 2898,2693 1802,2693"/>
            <TextLine id="tr_2_tl_1" custom="readingOrder {index:0;}">
                <Coords points="1813,1053 1887,1093 2298,1045 2475,1076 2656,1042 2657,991 2479,961 2349,1023 1814,991"/>
                <Baseline points="1820,1035 1865,1041 1910,1050 1954,1053 1999,1053 2044,1056 2089,1053 2134,1053 2178,1050 2223,1047 2268,1047 2313,1047 2357,1047 2402,1047 2447,1044 2492,1044 2536,1041 2581,1035 2626,1035 2659,1035"/>
                <TextEquiv>
                    <Unicode>davon ist ein de Greis</Unicode>
                </TextEquiv>
            </TextLine>
            <TextLine id="tr_2_tl_2" custom="readingOrder {index:1;}">
                <Coords points="1877,1225 2407,1237 2452,1205 2574,1230 2688,1192 2799,1200 2793,1153 2578,1133 2494,1160 2396,1119 2326,1148 2095,1131 2009,1166 1879,1160"/>
                <Baseline points="1886,1196 1907,1196 1951,1199 1996,1199 2041,1199 2086,1199 2131,1199 2175,1199 2220,1199 2265,1196 2310,1199 2354,1202 2399,1202 2444,1205 2489,1202 2533,1193 2578,1190 2623,1190 2668,1190 2713,1184 2757,1184 2802,1187"/>
                <TextEquiv>
                    <Unicode>nem Königling. So geht im</Unicode>
                </TextEquiv>
            </TextLine>
            <TextLine id="tr_2_tl_3" custom="readingOrder {index:2;}">
                <Coords points="1864,1382 2054,1352 2464,1403 2515,1373 2656,1388 2774,1356 2774,1325 2695,1299 2476,1326 2416,1293 2169,1325 1864,1316"/>
                <Baseline points="1871,1340 1916,1343 1960,1349 2005,1349 2050,1352 2095,1355 2139,1355 2184,1355 2229,1358 2274,1355 2319,1355 2363,1355 2408,1355 2453,1355 2498,1355 2542,1355 2587,1355 2632,1352 2677,1352 2721,1346 2766,1352 2778,1352"/>
                <TextEquiv>
                    <Unicode>mit allen diesen Verschiedungen</Unicode>
                </TextEquiv>
            </TextLine>
            <TextLine id="tr_2_tl_4" custom="readingOrder {index:3;}">
                <Coords points="1884,1523 2515,1510 2741,1550 2760,1425 2545,1427 2420,1489 2187,1458 1885,1480"/>
                <Baseline points="1892,1504 1913,1501 1957,1504 2002,1504 2047,1504 2092,1504 2136,1507 2181,1507 2226,1507 2271,1510 2316,1507 2360,1507 2405,1504 2450,1501 2495,1495 2539,1489 2584,1486 2629,1483 2674,1483 2718,1483 2763,1486"/>
                <TextEquiv>
                    <Unicode>di nicht in Befügung</Unicode>
                </TextEquiv>
            </TextLine>
            <TextLine id="tr_2_tl_5" custom="readingOrder {index:4;}">
                <Coords points="1876,1704 2016,1674 2235,1709 2756,1702 2756,1644 2682,1617 2512,1614 2422,1651 2264,1647 2138,1606 1876,1626"/>
                <Baseline points="1883,1656 1928,1656 1972,1656 2017,1662 2062,1665 2107,1668 2151,1668 2196,1665 2241,1665 2286,1665 2330,1665 2375,1665 2420,1665 2465,1662 2510,1659 2554,1659 2599,1659 2644,1659 2689,1656 2733,1659 2760,1662"/>
                <TextEquiv>
                    <Unicode>gepellt sehr; an eenigsten</Unicode>
                </TextEquiv>
            </TextLine>
            <TextLine id="tr_2_tl_6" custom="readingOrder {index:5;}">
                <Coords points="1835,1844 2114,1828 2261,1864 2616,1836 2815,1866 2812,1766 2714,1803 2537,1765 2283,1796 1833,1769"/>
                <Baseline points="1841,1808 1886,1811 1931,1817 1975,1820 2020,1823 2065,1826 2110,1829 2154,1832 2199,1835 2244,1835 2289,1835 2333,1835 2378,1835 2423,1832 2468,1832 2513,1835 2557,1835 2602,1838 2647,1835 2692,1838 2736,1841 2781,1844 2817,1847"/>
                <TextEquiv>
                    <Unicode>cuit de Juifu a de arme.</Unicode>
                </TextEquiv>
            </TextLine>
            <TextLine id="tr_2_tl_7" custom="readingOrder {index:6;}">
                <Coords points="1803,2021 1943,2051 2049,2005 2271,2040 2546,2018 2647,2058 2790,2058 2789,1954 2590,1906 2505,1949 2084,1928 1938,1962 1803,1931"/>
                <Baseline points="1811,1987 1856,1984 1901,1993 1945,1996 1990,1999 2035,1996 2080,1999 2125,1999 2169,2002 2214,2002 2259,2002 2304,1996 2348,1993 2393,1993 2438,1990 2483,1993 2527,1996 2572,1999 2617,1999 2662,1999 2707,1999 2751,1999 2793,1999"/>
                <TextEquiv>
                    <Unicode>(dazu Kars, vielleicht ligt</Unicode>
                </TextEquiv>
            </TextLine>
            <TextLine id="tr_2_tl_8" custom="readingOrder {index:7;}">
                <Coords points="1800,2209 2283,2241 2350,2210 2457,2242 2663,2213 2662,2154 2599,2132 2456,2165 2135,2131 2012,2161 1885,2130 1799,2156"/>
                <Baseline points="1808,2184 1853,2184 1898,2187 1942,2193 1987,2196 2032,2202 2077,2202 2122,2202 2166,2202 2211,2205 2256,2205 2301,2205 2345,2208 2390,2208 2435,2208 2480,2205 2524,2205 2569,2205 2614,2208 2659,2214 2668,2217"/>
                <TextEquiv>
                    <Unicode>ist hier für mein Gefühl</Unicode>
                </TextEquiv>
            </TextLine>
            <TextLine id="tr_2_tl_9" custom="readingOrder {index:8;}">
                <Coords points="1813,2375 2123,2379 2315,2428 2493,2387 2810,2442 2862,2415 2859,2323 2744,2297 2640,2326 2542,2297 2470,2328 2246,2304 2112,2337 1811,2332"/>
                <Baseline points="1820,2360 1865,2363 1910,2366 1954,2369 1999,2372 2044,2375 2089,2378 2134,2378 2178,2378 2223,2381 2268,2381 2313,2381 2357,2381 2402,2384 2447,2384 2492,2384 2536,2387 2581,2387 2626,2387 2671,2390 2716,2393 2760,2393 2805,2393 2850,2396 2865,2396"/>
                <TextEquiv>
                    <Unicode>anders ihn seil in Trot ist.</Unicode>
                </TextEquiv>
            </TextLine>
            <TextLine id="tr_2_tl_10" custom="readingOrder {index:9;}">
                <Coords points="1795,2616 2053,2577 2390,2608 2881,2586 2896,2486 2435,2538 1795,2522"/>
                <Baseline points="1802,2587 1823,2584 1868,2581 1913,2578 1957,2575 2002,2575 2047,2575 2092,2578 2136,2578 2181,2581 2226,2578 2271,2581 2316,2581 2360,2578 2405,2578 2450,2578 2495,2578 2539,2575 2584,2572 2629,2572 2674,2572 2718,2569 2763,2569 2808,2569 2853,2566 2898,2569"/>
                <TextEquiv>
                    <Unicode>2) Jahr von der Beige, die für recht</Unicode>
                </TextEquiv>
            </TextLine>
            <TextLine id="tr_2_tl_11" custom="readingOrder {index:10;}">
                <Coords points="1803,2699 2054,2716 2278,2681 2322,2714 2721,2721 2810,2711 2811,2631 2596,2589 2176,2662 2039,2629 1803,2649"/>
                <Baseline points="1811,2677 1856,2674 1901,2671 1945,2674 1990,2674 2035,2677 2080,2680 2125,2680 2169,2683 2214,2680 2259,2680 2304,2680 2348,2683 2393,2683 2438,2680 2483,2677 2527,2674 2572,2671 2617,2668 2662,2668 2707,2668 2751,2668 2796,2671 2814,2677"/>
                <TextEquiv>
                    <Unicode>Schnickgehen, nur zur Legierung.</Unicode>
                </TextEquiv>
            </TextLine>
        </TextRegion>
    </Page>
</PcGts>
