3628 3720
1144 1217 2215 1375 denke ich fragmente von Bildern, Anfänge von
1150 1295 2238 1425 Gedanken und lese Cliavacci Hermann und
1156 1352 2225 1468 Dorochea, Anna Karenina, Claude Larcher und
1155 1425 2096 1504 den Heautontimoroumener, einen ganzen
1162 1468 2157 1587 Marbethher entrank. Inzwischen habe ich eine
1176 1525 2372 1657 Entschuldigung für meine Stubensitzen bekommen:
1185 1599 2185 1726 einen Schnüpfen. Ich curiere also meinem
1174 1650 2197 1788 Schnuchsen, esse Malzborbonst und lese Goeth¬
1167 1724 2305 1836 dazu und finde mich nicht ganz so verblüssend
1179 1781 2317 1896 geistreich, als dies in menschlicher Gesellschaft, meist
1171 1837 2313 1957 der Fall ist. Bitte, thuen Sie dasselbe mämlich
1186 1886 2275 2017 Daß ersterem Wozu ich dann eigentlich den Brief da
1170 1966 2270 2063 schreibe; weil Sie - ach so, solche Gründe wollen Sie
1171 2005 2341 2118 nicht; nun, also, um ihnen zu sagen, dass ich Freitag
1195 2044 2313 2182 in den Geschenstern war und gezischt habe. Car tel,
1219 2090 2390 2262 était mon son plaisir, trotz Clercquia und Clégata. Guhl.
2222 2146 2374 2226 hlage
