3635 3671
515 745 1615 989 vor, als daß ich besonders zufrieden
493 993 1406 1110 damit wäre. Von Ihnen weiß
521 1099 1560 1238 ich, dass Sie wenn Ihnen etwas
488 1281 1570 1400 von mir nichtfüllt, nur schweigen
488 1414 1481 1544 aber auch das auf eine ziemlich
460 1548 1454 1693 deutliche Weise: deshalb sub
500 1700 1519 1855 ich Sie mit dem einen Stück
504 1839 1552 2011 beläßigt, das geeite kommt
477 2044 1563 2203 bald mich, und deshalb wurde
492 2239 1521 2404 ich, wenn Sie einmal später.
1745 934 2784 1080 zufällig für eben im mir
1774 1056 2754 1200 geschriebenes Smik eintreten.
1740 1193 2767 1300 würden, mich sehr zufrieden
1748 1332 2718 1455 und sicher fühlen. Die Form
1693 1458 2703 1617 mit der Aufführbarkeit sub
1730 1617 2666 1771 ich mehr gewählt, damit
1734 1770 2688 1899 Sie leicht und ohne sich
1721 1914 2682 2065 auf viel Detail einzulassen.
1770 2055 2854 2219 etwas ablehnendes sagen können.
1758 2232 2814 2398 Ich glaub gar nicht, daß Sie von
