<?xml version="1.0" encoding="UTF-8" standalone="yes"?>
<PcGts xmlns="http://schema.primaresearch.org/PAGE/gts/pagecontent/2013-07-15" xmlns:xsi="http://www.w3.org/2001/XMLSchema-instance" xsi:schemaLocation="http://schema.primaresearch.org/PAGE/gts/pagecontent/2013-07-15 http://schema.primaresearch.org/PAGE/gts/pagecontent/2013-07-15/pagecontent.xsd">
    <Metadata>
        <Creator>prov=READ-COOP:name=TrHtr:version=2.1.0:model_id=51170:date=27_07_2023_19:29</Creator>
        <Created>2023-05-02T08:19:18.843+02:00</Created>
        <LastChange>2023-07-27T19:29:27.344+02:00</LastChange>
        <TranskribusMetadata docId="1416753" pageId="54954155" pageNr="8" tsid="131288439" status="IN_PROGRESS" userId="64420" imgUrl="https://files.transkribus.eu/Get?id=PHZSVEFGYIQSWSJYIQXMZRCH&amp;fileType=view" xmlUrl="https://files.transkribus.eu/Get?id=ZXYBHHNIIXNMNMNBIRAZJURL" imageId="44457880"/>
    </Metadata>
    <Page imageFilename="1416753_0008.jpg" imageWidth="3605" imageHeight="3672">
        <ReadingOrder>
            <OrderedGroup id="ro_1711825731821" caption="Regions reading order">
                <RegionRefIndexed index="0" regionRef="tr_1"/>
            </OrderedGroup>
        </ReadingOrder>
        <TextRegion id="tr_1" custom="readingOrder {index:0;}">
            <Coords points="1244,982 2471,982 2471,2684 1244,2684"/>
            <TextLine id="tr_1_tl_1" custom="readingOrder {index:0;}">
                <Coords points="1237,1086 1261,1086 1276,1095 1301,1080 1338,1088 1353,928 1252,940"/>
                <Baseline points="1250,1041 1256,1041 1301,1038 1346,1032"/>
                <TextEquiv>
                    <Unicode>157</Unicode>
                </TextEquiv>
            </TextLine>
            <TextLine id="tr_1_tl_2" custom="readingOrder {index:1;}">
                <Coords points="2010,1037 2084,1064 2118,1050 2210,1059 2271,1038 2310,1062 2363,1065 2405,1046 2406,963 2254,946 2159,988 2117,996 2082,976 2011,1003"/>
                <Baseline points="2018,1041 2050,1041 2095,1038 2140,1038 2185,1035 2230,1035 2274,1035 2319,1032 2364,1035 2409,1035"/>
                <TextEquiv>
                    <Unicode>Stroble 20, VIII</Unicode>
                </TextEquiv>
            </TextLine>
            <TextLine id="tr_1_tl_3" custom="readingOrder {index:2;}">
                <Coords points="1273,1251 1548,1207 1625,1249 1857,1195 2040,1221 2369,1148 2373,1083 2108,1142 1895,1098 1629,1163 1278,1186"/>
                <Baseline points="1283,1226 1298,1224 1343,1221 1388,1218 1432,1215 1477,1212 1522,1209 1567,1206 1612,1203 1656,1200 1701,1197 1746,1197 1791,1191 1836,1188 1880,1185 1925,1182 1970,1173 2015,1176 2059,1170 2104,1167 2149,1164 2194,1161 2239,1155 2283,1152 2328,1149 2373,1146"/>
                <TextEquiv>
                    <Unicode>Ich habe die Technik des Plauderns</Unicode>
                </TextEquiv>
            </TextLine>
            <TextLine id="tr_1_tl_4" custom="readingOrder {index:3;}">
                <Coords points="1255,1317 1889,1319 2403,1218 2311,1181 2219,1219 2127,1195 2032,1231 1260,1254"/>
                <Baseline points="1265,1298 1286,1298 1331,1295 1376,1292 1421,1292 1465,1289 1510,1286 1555,1283 1600,1280 1644,1280 1689,1280 1734,1274 1779,1271 1824,1268 1868,1265 1913,1262 1958,1259 2003,1256 2047,1253 2092,1250 2137,1247 2182,1244 2227,1241 2271,1235 2316,1232 2361,1235 2406,1232"/>
                <TextEquiv>
                    <Unicode>verlernt, bin schwerfällig geworden,</Unicode>
                </TextEquiv>
            </TextLine>
            <TextLine id="tr_1_tl_5" custom="readingOrder {index:4;}">
                <Coords points="1266,1391 1767,1403 1881,1362 2043,1393 2121,1358 2319,1362 2323,1299 2180,1317 2025,1281 1931,1331 1814,1305 1267,1355"/>
                <Baseline points="1274,1385 1295,1385 1340,1382 1385,1382 1429,1376 1474,1376 1519,1373 1564,1373 1609,1370 1653,1370 1698,1361 1743,1361 1788,1361 1833,1358 1877,1355 1922,1352 1967,1352 2012,1346 2056,1349 2101,1340 2146,1337 2191,1334 2236,1331 2280,1328 2325,1325"/>
                <TextEquiv>
                    <Unicode>oder so ähnlich schreiben se, mein</Unicode>
                </TextEquiv>
            </TextLine>
            <TextLine id="tr_1_tl_6" custom="readingOrder {index:5;}">
                <Coords points="1255,1503 1524,1448 1714,1473 2274,1405 2330,1450 2423,1390 2112,1355 1989,1396 1260,1414"/>
                <Baseline points="1265,1453 1304,1453 1349,1453 1394,1450 1438,1450 1483,1450 1528,1447 1573,1447 1618,1441 1662,1441 1707,1441 1752,1438 1797,1435 1841,1432 1886,1429 1931,1424 1976,1424 2021,1421 2065,1418 2110,1415 2155,1412 2200,1409 2244,1406 2289,1403 2334,1403 2379,1403 2424,1403"/>
                <TextEquiv>
                    <Unicode>Freund. Ihr das Selbstverläumtung.</Unicode>
                </TextEquiv>
            </TextLine>
            <TextLine id="tr_1_tl_7" custom="readingOrder {index:6;}">
                <Coords points="1255,1553 1474,1580 1821,1512 2111,1553 2343,1501 2444,1522 2447,1450 2379,1411 2111,1480 1966,1451 1881,1492 1780,1462 1258,1503"/>
                <Baseline points="1265,1531 1286,1534 1331,1534 1376,1534 1421,1534 1465,1528 1510,1525 1555,1528 1600,1525 1644,1522 1689,1519 1734,1516 1779,1513 1824,1510 1868,1507 1913,1507 1958,1504 2003,1504 2047,1501 2092,1501 2137,1498 2182,1492 2227,1486 2271,1486 2316,1480 2361,1483 2406,1489 2450,1498"/>
                <TextEquiv>
                    <Unicode>oder Ernst? Mein Sie nicht Schriftsteller</Unicode>
                </TextEquiv>
            </TextLine>
            <TextLine id="tr_1_tl_8" custom="readingOrder {index:7;}">
                <Coords points="1246,1622 1679,1599 1723,1634 1869,1586 2358,1589 2375,1536 2231,1522 2014,1568 1667,1543 1420,1589 1249,1548"/>
                <Baseline points="1256,1609 1301,1609 1346,1609 1391,1609 1435,1609 1480,1609 1525,1606 1570,1603 1615,1600 1659,1594 1704,1591 1749,1588 1794,1588 1838,1585 1883,1585 1928,1585 1973,1582 2018,1579 2062,1579 2107,1576 2152,1573 2197,1570 2242,1567 2286,1564 2331,1561 2376,1561"/>
                <TextEquiv>
                    <Unicode>wären, würde ich darin etwas von</Unicode>
                </TextEquiv>
            </TextLine>
            <TextLine id="tr_1_tl_9" custom="readingOrder {index:8;}">
                <Coords points="1254,1714 1382,1728 1767,1663 2336,1667 2337,1620 2171,1598 1847,1645 1681,1617 1255,1672"/>
                <Baseline points="1262,1698 1265,1695 1310,1692 1355,1686 1400,1686 1444,1686 1489,1686 1534,1680 1579,1674 1624,1671 1668,1668 1713,1665 1758,1662 1803,1662 1847,1659 1892,1659 1937,1656 1982,1656 2027,1653 2071,1650 2116,1647 2161,1644 2206,1641 2250,1641 2295,1635 2340,1635"/>
                <TextEquiv>
                    <Unicode>der Pose des Mannes erblicken,</Unicode>
                </TextEquiv>
            </TextLine>
            <TextLine id="tr_1_tl_10" custom="readingOrder {index:9;}">
                <Coords points="1236,1780 1691,1786 1970,1723 2197,1756 2262,1706 2397,1690 2400,1632 1915,1696 1717,1670 1385,1728 1240,1706"/>
                <Baseline points="1244,1767 1280,1767 1325,1764 1370,1764 1415,1761 1459,1758 1504,1755 1549,1752 1594,1743 1638,1740 1683,1737 1728,1734 1773,1734 1818,1731 1862,1731 1907,1728 1952,1725 1997,1722 2041,1719 2086,1716 2131,1713 2176,1707 2221,1704 2265,1701 2310,1698 2355,1692 2400,1686"/>
                <TextEquiv>
                    <Unicode>der nur spricht, was des Sprechens</Unicode>
                </TextEquiv>
            </TextLine>
            <TextLine id="tr_1_tl_11" custom="readingOrder {index:10;}">
                <Coords points="1246,1860 1479,1880 1658,1832 1801,1866 2112,1806 2428,1827 2459,1712 2251,1721 2085,1785 1824,1759 1654,1809 1251,1800"/>
                <Baseline points="1256,1841 1295,1844 1340,1844 1385,1844 1429,1844 1474,1844 1519,1838 1564,1836 1609,1833 1653,1833 1698,1830 1743,1827 1788,1824 1833,1824 1877,1821 1922,1818 1967,1815 2012,1812 2056,1806 2101,1800 2146,1794 2191,1788 2236,1779 2280,1776 2325,1773 2370,1773 2415,1776 2459,1776"/>
                <TextEquiv>
                    <Unicode>weit ist, jene Affekation der Gesetztheit,</Unicode>
                </TextEquiv>
            </TextLine>
            <TextLine id="tr_1_tl_12" custom="readingOrder {index:11;}">
                <Coords points="1260,1937 1628,1931 1720,1964 1798,1916 2375,1930 2402,1830 1967,1886 1734,1848 1543,1901 1263,1883"/>
                <Baseline points="1268,1928 1283,1928 1328,1928 1373,1928 1418,1931 1462,1928 1507,1928 1552,1925 1597,1922 1641,1919 1686,1919 1731,1916 1776,1910 1821,1910 1865,1910 1910,1907 1955,1901 2000,1898 2044,1898 2089,1895 2134,1892 2179,1889 2224,1886 2268,1883 2313,1880 2358,1877 2403,1877"/>
                <TextEquiv>
                    <Unicode>die wir aus Spartaneranekdoten</Unicode>
                </TextEquiv>
            </TextLine>
            <TextLine id="tr_1_tl_13" custom="readingOrder {index:12;}">
                <Coords points="1261,2046 1578,2002 1862,2047 1969,1981 2381,1960 2391,1925 2112,1909 1628,1975 1479,1937 1264,1978"/>
                <Baseline points="1271,2006 1274,2006 1319,2009 1364,2006 1409,2006 1453,2003 1498,2000 1543,2000 1588,1997 1632,1997 1677,1994 1722,1991 1767,1988 1812,1988 1856,1985 1901,1982 1946,1979 1991,1976 2036,1973 2080,1973 2125,1961 2170,1961 2215,1961 2259,1958 2304,1955 2349,1952 2394,1952"/>
                <TextEquiv>
                    <Unicode>und Indianergeschichten kann.</Unicode>
                </TextEquiv>
            </TextLine>
            <TextLine id="tr_1_tl_14" custom="readingOrder {index:13;}">
                <Coords points="1255,2123 1556,2090 1649,2135 2118,2055 2354,2079 2378,2011 2296,1990 2159,2029 2091,1999 1752,2052 1551,2025 1377,2070 1260,2044"/>
                <Baseline points="1265,2095 1304,2095 1349,2092 1394,2092 1438,2092 1483,2086 1528,2086 1573,2086 1618,2083 1662,2083 1707,2080 1752,2080 1797,2077 1841,2074 1886,2071 1931,2068 1976,2068 2021,2065 2065,2059 2110,2056 2155,2053 2200,2050 2244,2050 2289,2047 2334,2044 2379,2047"/>
                <TextEquiv>
                    <Unicode>Aber so! Einst wird kommen</Unicode>
                </TextEquiv>
            </TextLine>
            <TextLine id="tr_1_tl_15" custom="readingOrder {index:14;}">
                <Coords points="1275,2176 1439,2177 1480,2212 1626,2156 2059,2168 2322,2126 2325,2075 2029,2124 1278,2111"/>
                <Baseline points="1283,2164 1298,2164 1343,2161 1388,2158 1432,2158 1477,2155 1522,2155 1567,2152 1612,2155 1656,2152 1701,2152 1746,2146 1791,2143 1836,2143 1880,2140 1925,2140 1970,2137 2015,2137 2059,2134 2104,2128 2149,2125 2194,2119 2239,2116 2283,2113 2328,2107"/>
                <TextEquiv>
                    <Unicode>der Tag - - oder min, er wird</Unicode>
                </TextEquiv>
            </TextLine>
            <TextLine id="tr_1_tl_16" custom="readingOrder {index:15;}">
                <Coords points="1290,2248 1474,2283 1648,2221 2212,2189 2317,2231 2402,2218 2406,2127 2028,2183 1635,2198 1583,2168 1486,2210 1293,2203"/>
                <Baseline points="1298,2247 1331,2244 1376,2239 1421,2236 1465,2233 1510,2230 1555,2227 1600,2224 1644,2218 1689,2218 1734,2215 1779,2212 1824,2212 1868,2209 1913,2209 1958,2206 2003,2203 2047,2200 2092,2197 2137,2191 2182,2188 2227,2182 2271,2179 2316,2176 2361,2176 2406,2173"/>
                <TextEquiv>
                    <Unicode>vielleicht nicht kommen, der Tag,</Unicode>
                </TextEquiv>
            </TextLine>
            <TextLine id="tr_1_tl_17" custom="readingOrder {index:16;}">
                <Coords points="1255,2343 1896,2289 2099,2333 2176,2278 2468,2272 2470,2230 1731,2262 1646,2222 1503,2281 1260,2269"/>
                <Baseline points="1265,2328 1307,2328 1352,2325 1397,2322 1441,2319 1486,2316 1531,2310 1576,2307 1621,2301 1665,2298 1710,2295 1755,2295 1800,2292 1844,2289 1889,2283 1934,2283 1979,2280 2024,2280 2068,2277 2113,2274 2158,2271 2203,2265 2247,2262 2292,2259 2337,2256 2382,2256 2427,2256 2471,2259"/>
                <TextEquiv>
                    <Unicode>wo Sie das Plaudern brauchen, denn</Unicode>
                </TextEquiv>
            </TextLine>
            <TextLine id="tr_1_tl_18" custom="readingOrder {index:17;}">
                <Coords points="1282,2408 1495,2390 1549,2422 1958,2372 2105,2422 2245,2373 2452,2384 2456,2293 2379,2266 2040,2342 1871,2310 1818,2342 1708,2314 1645,2351 1376,2325 1285,2357"/>
                <Baseline points="1292,2394 1295,2394 1340,2394 1385,2391 1429,2391 1474,2388 1519,2385 1564,2379 1609,2376 1653,2376 1698,2373 1743,2373 1788,2370 1833,2367 1877,2364 1922,2361 1967,2358 2012,2358 2056,2355 2101,2352 2146,2349 2191,2346 2236,2343 2280,2340 2325,2334 2370,2331 2415,2328 2459,2328"/>
                <TextEquiv>
                    <Unicode>Sie leben ja deneschenz nicht und —</Unicode>
                </TextEquiv>
            </TextLine>
            <TextLine id="tr_1_tl_19" custom="readingOrder {index:18;}">
                <Coords points="1293,2498 1448,2495 1519,2538 1623,2482 1788,2512 1896,2462 1986,2500 2431,2438 2435,2376 1388,2467 1296,2443"/>
                <Baseline points="1301,2492 1316,2492 1361,2489 1406,2486 1450,2486 1495,2483 1540,2480 1585,2477 1630,2474 1674,2474 1719,2471 1764,2471 1809,2465 1853,2462 1898,2456 1943,2453 1988,2453 2033,2450 2077,2448 2122,2445 2167,2439 2212,2436 2256,2430 2301,2427 2346,2424 2391,2421 2436,2418"/>
                <TextEquiv>
                    <Unicode>dennoch will ichs versuchen, Sie es</Unicode>
                </TextEquiv>
            </TextLine>
            <TextLine id="tr_1_tl_20" custom="readingOrder {index:19;}">
                <Coords points="1287,2601 1611,2625 1729,2562 2339,2550 2438,2506 2026,2480 1288,2559"/>
                <Baseline points="1295,2585 1322,2585 1367,2582 1412,2579 1456,2576 1501,2573 1546,2567 1591,2564 1635,2561 1680,2564 1725,2561 1770,2558 1815,2555 1859,2549 1904,2546 1949,2543 1994,2540 2039,2537 2083,2537 2128,2534 2173,2531 2218,2531 2262,2528 2307,2528 2352,2528 2397,2528 2442,2528"/>
                <TextEquiv>
                    <Unicode>wieder zu lehren. Aber Sie erwarten</Unicode>
                </TextEquiv>
            </TextLine>
            <TextLine id="tr_1_tl_21" custom="readingOrder {index:20;}">
                <Coords points="1293,2723 1503,2713 1610,2658 1927,2660 2138,2621 2295,2663 2310,2581 1970,2566 1598,2631 1301,2600"/>
                <Baseline points="1304,2674 1325,2674 1370,2674 1415,2671 1459,2668 1504,2662 1549,2659 1594,2656 1638,2656 1683,2653 1728,2651 1773,2645 1818,2642 1862,2636 1907,2636 1952,2630 1997,2630 2041,2627 2086,2624 2131,2621 2176,2618 2221,2618 2265,2618 2310,2618"/>
                <TextEquiv>
                    <Unicode>ja ganz etwas anderst von mir,</Unicode>
                </TextEquiv>
            </TextLine>
        </TextRegion>
    </Page>
</PcGts>
