3621 3760
1071 1364 1160 1493 25
1868 1354 2210 1501 Samstry ab 8.
1346 1475 1637 1579 Lieber Freund.
1325 1533 2389 1650 Ich schreibe Ihnen nur schnell, weil ich höre, daß
1184 1605 2413 1715 Sie vielleicht von Meran abreisen und nicht weiß er ohin.
1113 1689 2376 1753 Vorige Woche habe ich die Dusl. damal gesehen und den stärksten
1160 1729 2371 1831 Theatweindruck meines Lebens empfangen, waß allerdings
1127 1787 2384 1899 noch nicht viel sagt. Ich habe über sie natürlich mich gesehrieben,
1124 1857 2376 1956 Sie werden seinerzeit noch darüber den Kopf schütteln. Mir ist
1119 1912 2316 2007 sehr leid, daß Sie so versteinnet sind und noch mehr, dass
1135 1975 2350 2067 Sie so viel Ursache dazu haben. Wenn ich Moderne Wohlthaten
1148 2038 2337 2133 geschrieben habe, so meinte ich natürlich den Roman bei dem
1127 2101 2316 2210 ich mich nicht mehr gelangweilt habe, weil ich ihn gar ein
1139 2159 2441 2289 kennen gelernt. Den Laube vortrag von E.A. habe ich versäumt,
