3621 3760
485 771 1579 909 die Aufsätze zu Bildern liest. (auch Dux natürlich.)
492 876 1634 1004 Schnitzler, der für sein Analol Buch keinen anständigen
477 950 1669 1072 Verleger finden kann, möchte Sie zern um eine Empfehlung
489 1042 1619 1146 an Ihren Bonz bitten. Da ich aber die Ehre habe,
526 1112 1614 1233 Ihr compliciertest Zartgefühl zu kennen so theile
531 1192 1611 1324 ich Ihnen dienst nicht officiell mit. Schreiben Sie mir
479 1256 1647 1410 ja, so werde ich Schnitzler Ihre Adresse geben; antworten
522 1367 1588 1487 Sie aber nicht darauf, so werde ich ihn einfach
514 1441 1649 1570 veranlassen, sich an Herren Karlweiß zu wenden,
510 1527 1416 1653 der hin der Mann der Arrangements ist.
491 1601 1647 1729 Ich habe in der Fasten schon 3 mal u. werde noch 2 mal
495 1674 1591 1800 wirklich langen. Einmal werde ich sogar den
488 1749 1635 1874 Frank des Ihnen hinlänglich bekannten Musikert
511 1853 1552 1964 Norn anzähen. Kainz ist in Wien; ich habe
528 1923 1570 2028 eine halbe Stunde mit ihm gesprochen: er war sehr
525 1987 1534 2107 kindisch und eigentlich Romisch, sicht aber sehr
516 2056 1551 2199 möris, beinahe krank aus. Vielleicht ist er mir
538 2142 1638 2253 von dem Amerika abgeschonnt, Von Hoffmann
519 2207 1613 2341 wissen wir gar nichts. Haben Sie ihn vielleicht irgendwo
534 2319 1570 2425 begegnet? Gestern habe sich ungem Aufklärung
503 2394 1591 2526 eines Mißverständnisses der Marie Herzfeld einen Besuch
1717 691 2895 912 gemacht; sie ist viel sympathischen, als ich erwirkt
1723 867 2913 1002 hätte, lebhaft, geschwätzig und hat einen angenehmen
1766 941 2883 1059 Ton. Mein Sommerreiseproject steht so ziemlich
1739 981 2860 1159 seht: es hängt natürlich mit der Fusch an der
1770 1110 2876 1235 Teufel soll sie in allgemeinen Folge!) dann Strobl
1751 1189 2891 1333 bist zum ersten September, dann Genf, Jura (14 Tage)
1751 1282 2866 1407 dann Vienne, Chartreuse, Lyon, Arles, Markill
1742 1337 2832 1485 kurz die Rhöne herunter und über die Riviera.
1739 1411 2897 1573 Genua, Mailand, Venedig zurück (mithbetober)
1735 1549 2697 1680 Schreiben Sie doch ein paar Zeilen, mit dem
1764 1617 2873 1783 Unumgeignlichsten und lassen Sie das nicht schlecht
1761 1751 1893 1837 sein.
1798 1823 2202 1948 Eltern grüßen.
1773 1872 2544 2058 Ich freue mich, Sie sehr zu sehen
1846 2038 2138 2169 Ich bin Ihr
2144 2121 2296 2228 Hugo.
