3628 3720
1196 934 2372 1101 Dieses ist das Exemplar für die Kleine
1219 1003 2389 1238 Ng. Eingefallen ist mir natürlich nichts.
1216 1146 2266 1346 Gestern, entschuldigen Sie war ich
1216 1253 2329 1454 sehr schläfrig, die Gäa ist nämlich
1229 1375 2329 1539 ein Mysterium in 3 «Tagewarken
1240 1466 2294 1638 zu 5 Acten = 15 Acten. Wenn
1219 1584 2342 1729 Sie C. Karl weise etwa sehen, sagen
1242 1692 2390 1872 Sie ihm, daß ich mich nicht erkundige,
1226 1805 2336 1956 weil Mama sich fürchtet. Es wäre
1245 1875 2390 2079 sehr hübseh... Kein es ist eigentlich.
1276 2002 2272 2167 überflüssig. Meine Berihenheit ist
1269 2088 2308 2269 wir sehr ekelhaft. Jetzt haben es
1285 2203 2243 2384 gar schon die dümmsten Tantein
1304 2253 2434 2481 erfahren. Kürchtig. Dichte ich in Rudolstadt.
1278 2365 2329 2583 Ich möchte zum einmal ins Lasshaus
