4312 3640
2075 825 2603 972 Wien, Donnerstag.
1533 986 1928 1126 Lieber Freund.
1509 1099 2605 1233 Leider kann ich Sie nicht besuchen, weil
1515 1224 2603 1354 ich an einer ungefährlichen, aber schmerz¬
1515 1352 2472 1488 fasten Lißendrüsenschnellung
1494 1453 2586 1588 erkonntet bin. Ich schicke Ihnen den
1555 1576 2534 1735 Prolog die lebenden Bilder, nicht
1491 1718 2492 1869 Mma damit Sie ihn lesen, sondern
1487 1856 2495 2017 weil er möglicherreise Ihren
1481 1982 2555 2146 Bruder in bisschen zerstreut. Ich lese
1452 2125 2506 2282 den ganzen Tag und bin nicht
1462 2232 2590 2379 besonders lustig. Ich hoffe besseres
1539 2334 2503 2488 von Ihnen und Herrn Rudi zu
1471 2481 2306 2642 hören und grüße Sie herzlich.
2386 2521 2555 2695 Tugé
