3635 3671
650 737 1766 887 und den blonden Componisten Weinberger,
658 836 1779 971 der mit mir und seinem Concurrenten,
658 927 1773 1095 Novem Flenck fieht. Es giebt nicht
648 1062 1781 1192 ein junges Mädchen, bei dem Gedanken
627 1166 1685 1304 an Ischl ist mir für meine Arbeit.
611 1275 1778 1442 Bange, d.h. ich bin sicher, daß Sie 8 Mähle
633 1398 1643 1550 einfach liegen bleiben wird. Ich
630 1523 1756 1634 habe hier nobre cœur von Mansrassard.
642 1620 1685 1759 „gelsen; keinen Sic's. Die Haupt¬
648 1734 1689 1875 Hessen, eine aufwürdige junge Frau
639 1844 1710 1996 der guten Gesellschaft ist für meine
636 1983 1634 2138 Empfindung der wahrste Tygus;
645 2102 1762 2248 unserer (meiner) Generation, den ich
608 2251 1741 2383 Penne, ohne Blague und ohne Nieven¬
636 2366 1678 2518 romantik gezeichnet: hinfählig,
1849 766 3008 923 aber zu müde für heftige Empfindungen
1849 897 2963 1024 lebhaft, aber ohne starken Willen, mit
1896 998 2926 1124 einer graciösen etwas alklugen
1888 1084 2973 1237 Fronien, dem Bedürfnis nach Güte und
1854 1178 2932 1337 Neigung und hie und da einer
1878 1298 2925 1436 gewissen inneren Ebbe. Ich glaube
1872 1405 2918 1521 so sind wir ungehöhr. Massagen
1880 1498 2898 1654 Sie, wie sich mein Stil verändert.
1853 1625 2992 1738 hat; ich kann mir nicht helfen, alles
1860 1724 2821 1876 imprévu, alles Springen und
1888 1862 2940 1991 verrückte Tanzen hat er verlernt;
1879 1957 2982 2095 ihmührte jetzt wirklich Killers oder
1852 2085 2896 2224 Heine oder alte Briefe von mir
1825 2219 2974 2367 selbst copieren, um den Ton zu treffen,
1827 2373 2813 2524 da laß ich ihn lieber, wie es ist.
