3619 3641
1794 982 2381 1094 Bad Fusch. 1 August.
1229 974 1340 1132 J
1377 1204 1600 1351 Ce
1217 1317 2310 1453 Dieser Brief, mein verehrter Freund, ist
1201 1413 2323 1544 eigentlich kein Brief. Ich würde ihn eine
1225 1484 2269 1615 Plauderei nennen, wenn daß Wort
1225 1587 2424 1705 nicht gar so abgeschabt und wochenblätterig
1214 1657 2239 1789 klinge. Selbst schau? Pfui, Zschokke.
1225 1728 2396 1843 Antocopie. sagt schon der alte Lukian.
1225 1794 2314 1930 Revue? Geht nicht; denn die mußte
1223 1860 2347 1992 in 7 Bildern sein und Bilder bring ich
1219 1965 2284 2083 in meinen armen Ein-desiècle Stil
1211 2056 2169 2178 mit bestem Willenreicht unter.
1231 2125 2251 2236 Vielleicht eine Combination, etwas wie
1210 2207 2257 2330 „Seelenrevite“. „Selenrevue, also
1226 2292 2280 2402 Selbstbespiegelung, Handelstellung,
1226 2350 2418 2478 Dreiviertelgräßl, Pose, gemeine Alltags¬
1256 2424 2296 2543 pose? sagt neben mir eine bekannte,
1250 2496 2281 2624 Furchtbar sanfte Stimme; und mit der
1241 2584 2384 2697 Stimme kommen ein Pmer unentürlich
