3660 3671
570 744 1776 858 anmuthigen Werk ihrer Händchen; einem
574 816 1764 960 violkten Hund auf gelbem Polster, oder
575 891 1622 1042 etwas sinnigem für den Schreibtisch,
537 983 1632 1094 Me voilà donc sur mon terrain.
544 1060 1683 1199 Was das eine langweilige Eposition.
550 1146 1858 1274 Nun sie begreifen doch, daß ich Ihnen keinen
559 1214 1672 1346 violetten Hund seicken kann. Und
572 1298 1846 1430 ich habe Ihnen doch einen vieletten Hund
572 1392 1746 1507 gestickt einen schönen vieletten Hund,
545 1465 1892 1602 als ob Sie Giburtstag hätten. Denn anständig
530 1542 1795 1656 Leute f verdienen jeden Tag Geburtstag zu
547 1606 1756 1733 haben oder wenigstens danach behandelt
550 1676 1895 1818 zu werden. Dieser Hund (der Geburtstagshund)
555 1744 1773 1903 nämlich / ist aber kein Hund, sondern
557 1853 1671 1977 eigentlich ein Gedicht. Ich weiß nicht,
560 1933 1801 2061 ob man Manuscripte widernt; vemüht
560 2012 1768 2142 nun klein Gewohnheiten schmiegen sich
567 2099 1691 2226 vor großen Königen. Wenn so ein
562 2179 1800 2330 gereimtes Gedankending überhaupt einen
544 2280 1825 2412 Werth haben kann, so ist' es der, daß es
562 2388 1749 2487 in seiner intimen Unleserlichkeit zu
559 2472 1734 2609 Ihnen kommt, in der ist sich so furchtbar
592 2581 1882 2698 schämt, als hätte es gar nichts an und um,
592 2654 1845 2790 in sich wird Wohnchen nicht allzuviel haben.
1964 669 3089 835 Nehmen Sie den kleinen Kampf den et mich
1955 778 3118 928 gekostet hat, dieses seltsame Schangefühl
1925 873 3031 1002 zu überwinden als Symbol dessen an
1927 950 3154 1047 was ja  - -  ach Gott, ergingen Sie
1908 1035 3101 1156 halt, dergleichen schreibt sich noch schwerer
1922 1117 3166 1221 als es sich sagt, also in Gottes Namens
1947 1186 3146 1320 als Symbel freundschaftlicher Verehrung.
1922 1259 3225 1387 Wie blöd doch dieser Curielseil der Sympathien
1933 1355 3133 1458 klingt! O deutsche Sprachen, wollte Gott
1965 1400 3044 1542 Dein Verehrer Koris wäre Mitverfasser
1942 1490 3148 1641 des Gotha'schen Almanachs geworden, wie
1948 1594 2586 1708 wohl wäre ihm da.
1942 1646 3116 1783 Wenn Sie aber in dem Misch doch einen
1928 1734 3184 1880 Gedanken finden (in dem gereinten Wisch
1892 1836 3221 1967 meine ich, der prosaische da ist ganz verrück)
1913 1940 3223 2057 dann gehört er Ihnen, doppelt Theun, Ihren
1955 2019 2997 2163 geschenkt und Ihnen gestohlen.
1940 2099 3101 2265 Ich weiß nicht ob, Sie ein heraus- oder
1932 2194 3104 2357 Hineindichter sind; wenn gleichviel
1938 2313 3111 2444 daß müssen Sie fühlen, daß Sie ik
1922 2410 3211 2547 Wahn“, Wie dies in jedem vollen und reinen
1903 2507 3174 2646 Kunstwerk der Fall ist, unermesslich tiefes
1930 2604 3059 2760 rechts und links im erbarmungslosen
