3635 3671
650 723 1769 912 Wenn ich spreche – und ich schreche
709 873 1698 1025 Ziemlich gern und viel, weil
717 987 1714 1153 die Beute sich angewöhnt haben,
683 1081 1820 1266 mir anständig zuzuhören.  So kommt
677 1224 1842 1378 mir's vor als ob ich die Empfindungen
711 1330 1754 1524 und Gedanken vergangener Jahre
704 1479 1658 1622 wie aus einem alten Tagebuch
667 1602 1640 1724 citierte. In einer Praterbude
732 1720 1817 1889 schaut man durch ich glaube durch
730 1820 1740 1987 eine camera obscura ohne Briefe!
730 1974 1764 2140 man sicht den ganzen umliegenden
729 2084 1841 2280 Theil des Würstelgrates mit Bäumen
729 2221 1819 2360 und Wagen und Menschen; Haarschap
714 2336 1769 2478 aber so klein, daß einem alles gar
754 2457 1794 2642 nicht wirklich, sondern wie etwas
686 2618 774 2676 G.C.H.P
1900 693 2935 872 künstliches vorkommt: so ungesähr
1897 820 2949 981 sehe ich mir leben zu. Dabei habe
1895 910 3003 1080 ich einen Blumencorsolagert: das
1904 972 2954 1156 war sogar sehr hübsch; etwa 25
1916 1075 3012 1240 Boote, lauter gute Bekannte. Spät¬
1888 1181 3077 1395 nachmittags, schon fast in der Dämmerung,
1903 1308 3074 1493 unter gelbroth und virlett gestreiftem
1919 1428 2895 1596 Himmiel. Sehr viel hellvosa
1928 1521 3006 1695 Sommerkleider und lautes Lachen
1934 1631 2901 1782 und viele Blumen in der Luft
1950 1740 2946 1907 rings um die Plätte mit der
2487 1866 2845 1988 und alles
1963 1891 2450 2021 Bauermusik
1950 1966 3078 2146 zusammengedrängt auf einen kleinen
1954 2081 3013 2251 Fleck und rings kein Mensch
1853 2195 3002 2385 sonst auf dem Dunkelblauen Wasser.
1937 2345 3027 2530 Brunois Frau ist sehr anders. Wie,
