3660 3671
1861 680 3124 919 als in Gestern, nicht auf die Pointen und
454 825 1642 973 Paga (löst übrigens reidmals grüßten) ist.
1904 856 3172 1025 Couplets einer Person hin; der Hintergrum
500 892 1782 1088 verzweifelt, weil er schon alle mithabende
1892 963 3022 1137 ist nicht, wie bei Gestern baseliefartig
486 1018 1794 1190 Bücher ausgelesen hat; selbst die outhelere
1908 1059 3196 1259 angedeutet, sondern alles in möglichst großen
535 1140 1746 1297 so eklig sie waren, fehlen; keine kleinen
1913 1178 3029 1335 S. h. deebem Stil, fres Kotechnik.
481 1225 1666 1413 Mädchen, kein glückender Laroche und
1894 1308 3176 1468 gehalten. Es soll ein mögliches Theaterstück
495 1375 1232 1489 kein duker Pösverwalter.
1879 1413 3017 1580 werden. Sie halten Vers und Costum
504 1435 1747 1622 Ich mache also saß den ganzen Tag Verse;
1866 1539 3253 1709 für verfehlt; ich kann Sie noch nicht entbehren.
499 1578 1596 1751 es spielt allerdings in einer etwas
1865 1642 3126 1791 Das ist entweder einfach ein jugendliches
478 1651 1685 1863 tutlegenen Zeit und die Leute haben etwas
1866 1744 3208 1925 Bedürfnis nach Lyrismus oder hat innere
493 1773 1697 1998 lebhaft gefärbte Kleidungsstücke an; aber
1920 1885 3148 2058 Gründe; selbst im letzteren Fall werden
488 1944 1778 2094 entschuldigen Sie, wist innerlich doch gewissermass
1685 1987 1782 2053 P.
1916 2011 3233 2151 wir, wenn wir einmal darüber ernstlich
483 2067 1690 2225 modern und ich bemühe mich auch, durch
1913 2161 3158 2320 schrechen, uns ganz gut einigen können.
507 2203 1753 2355 die Sprechweise der Figuren zu charakterisieren,
1884 2301 3107 2465 sobald man die Haltlosigkeit des couse
499 2344 1613 2522 Der Diolog ist gründlich anders gemacht
