3621 3760
1121 869 1208 1014 23
2042 972 2305 1093 Donnerstag.
1228 1184 2258 1358 Sie haben mir, scheint mir, nicht geimtwortet. Ich
1198 1263 2298 1444 habe übrigens. ohnehin den Brief an Papa aufgemacht.
1213 1340 2314 1493 Leider ist nichts darin gestanden, waß mich für diesem
1218 1477 1716 1579 Discretion belohnt hätte.
1178 1490 2265 1663 Ich bin unaufhörlich mit irgend etwas beschäftigt,
1195 1589 2279 1722 erleit ander für die Schule noch für das Unsterblichkeit,
1183 1676 2094 1818 habe aber trotzdem keinen freien Augenblick.
1173 1752 2299 1896 In Berlin gründen sie alle Wochen eine große Revun¬
1183 1823 2228 1969 In theater war ich seit der Drie fast gar nicht;
1188 1888 2235 2049 d.h. wenn, so mir der Loge, nicht der Bühm
1190 1959 2342 2108 wegen. Zu Griensteidl geht buchstäblich niemand
1200 2051 2182 2202 mehr, also nur die Herrn Fels, Finler u. s. f.
1183 2142 2245 2291 Meinen Aufsatz über die Duse, im Magazin, hat
1188 2241 2321 2400 herr Fritz Mauthner verbessert. Kann man dagegen
1193 2298 2251 2464 dienst machen? Ein anderer von 1482 Silben
1227 2382 2337 2540 erscheint in der mod. Kunst mit Bildern, worauf
1231 2488 2341 2637 ich sehr stolz bin, obwohl ich weiß, daß niemand
