3628 3720
1797 738 2949 908 Ich selbst befinde mich gleichgiltig;
559 835 855 977 Tarrk etc.
960 837 1668 1031 fortgesetzt im 17. VII.
1792 872 2864 1050 körperlich recht wohl. Die letzte
569 973 1600 1165 schlechtes Wetter halt an. Max
1820 1001 2858 1171 Woche Juli denke ich die Bilder
586 1074 1751 1244 ist noch immer da. Es ist wirkwürdig,
1843 1162 2838 1303 Ausstellungen in München zu
546 1214 1641 1363 rei er zwischen Ihnen und Rudolf
1856 1301 2808 1448 besuchen und möchte daß mit
581 1343 1635 1462 in der Individualität mitten ihm
618 1443 1785 1624 steht, gewissermaßen der Durchschnitts¬
1931 1442 2913 1594 Bahn zusammentreffen, der
596 1584 1646 1742 schwarzkopf. Von der Premiere
1829 1576 2983 1743 mich allerdings seit 2 Wochen ohne
599 1701 1693 1860 des Abschiedshauger in Ischl werden
1857 1704 2629 1871 dde Nachricht lässt.
608 1822 1711 1992 Sie Directeres wissen als ich. Es scheint
1834 1843 2894 1983 In Strobl, in immer vieles
612 1967 1695 2135 ein recht peinlicher Abend gewesen
1850 2005 3039 2156 Wünschenswerte für mich zusammen¬
652 2098 1714 2243 zu sein. Der arme Schnitzler Kommel
1844 2129 2801 2291 füllt, hoffe ich heuer recht
667 2233 1803 2381 durch die widrigsten Zufälle wirklich
1882 2323 2847 2447 bestimmt, Sie auch einige
633 2391 1618 2546 auf keinen grünen Zweig.
1911 2424 2944 2600 Tage zu sehen. Ich denke
