3619 3641
1667 1020 2030 1144 xx
1734 1120 1857 1165 G.C.F.P.
1700 1102 2267 1222 für das auf und schließ
1234 1136 1619 1224 of the P.M.
1233 1174 2257 1297 Ja (4e yr konnte doch Aufschug eingeführt) ging
1397 1241 2269 1339 ist hier ein dahin, ein stunden der
1285 1293 2304 1423 Ditelterstücke beabsichtigt war? Zu leden
1300 1371 2303 1479 mich, daß die Verwerben äußerzeigen.
1308 1430 2290 1540 sind, daß Meld an zeit. V. R. um einige Mitte, um
1311 1483 2253 1596 dritte zum rechte zu leien hat. Spielben ist
1318 1559 2249 1656 des Rechts gewiß, man konnte sagen hat die
1318 1621 2204 1739 Innetia üblichen, daß ihm kein Unfall
1329 1685 2218 1818 passenen kann, aber ein großem Erfolg,
1365 1758 2247 1866 miglichkeit hätte er gericht als Oparke.
2373 1777 2489 1890 G.C.F.P.
1353 1827 2262 1936 betreibt. Da wir es in Handlung klich und
1362 1898 2290 2013 legen aber mehr Erzugesch und viele
1365 1951 2251 2072 Kirchen eines und in wurde nichts
1344 2021 2249 2130 schaden, daß er Mann in der Rechtsg lernte.
1344 2090 2266 2198 in der Glocke & Coronallee sein Wertig erstatt
1995 2156 2136 2201 G.C.P
1371 2154 1471 2249 L'
1385 2191 2249 2312 Wenn Herr von Ehefand nach auch zu Ihrem
1341 2252 2201 2373 wuscht, so steht ich mich zur zum Verechtigung.
1349 2336 2007 2425 men oder nur er ihn geht?
1357 2418 1874 2530 Mit herzlicher Gericht
