4505 3672
1726 796 2890 964 Verfliegen lasse. Wir auch an Eindrucken
1730 906 2872 1024 einen in solcher Stimmung des Leben
1723 999 2761 1108 wird: jeder Kinderlachen, jeder
1718 1052 2798 1177 verhültenden Ton, jedes Plätschern der
1727 1139 2859 1277 Vollen scheint mir wie der Auszungs¬
1724 1230 2893 1365 punkt einer Welt von Empfindungen
1739 1315 2876 1442 wie der Accord zu einem Märchen.
1710 1390 2819 1532 Ich habe in soviel Lyrik gefühlt, wie
1712 1483 2835 1637 jetzt. Ich kenne mir nicht denken, dass
1701 1579 2864 1701 das alles so bald ein Ende haben soll.
1682 1676 2809 1820 und doch werde ich den Übergang ganz
1701 1771 2828 1917 leicht erträgen. Telle est la vie
1749 1877 2854 2015 feinde siècle. Schreiben sie bitte
2279 1991 2837 2079 den sehen wir
1701 2013 2190 2134 noch einmal.
1749 2106 1954 2206 uns.
1980 2180 2279 2366 Hugt.
