3588 3760
1022 1258 2368 1407 ihn selbst bei der Dort zweimal gesprochen. Mein Papier bei Mänz ist
1044 1321 2276 1453 so schön, dass ich ganz stolz bin. Ich schreibe gleichzeitig 3 Stücke in
1062 1398 2169 1517 Versen: das können Sie nicht! Chiavaci auch nicht.
1024 1453 2131 1582 Zu Prinzteidl gehe ich nicht mehr: Dr. Felo, der alte Franz
1040 1525 2370 1624 und Herr Léon sind mir mich einmal furchtbar eklig geworden.
1045 1577 2345 1711 Sie können unterlich nichts dafür, die betreffenden. Ich wurde
1054 1651 2275 1766 in der Leihbibliothek zweck begehrt. Ich spreche aber nie von
1065 1709 2328 1838 meinen Erfolchen. Dr. Hofmann mit Papa – Abbarzia. Herr Bahr
1059 1761 2350 1887 läuft mich Frau besuch König herum. Für Kainz soll auch herkommen.
1054 1810 2328 1938 Am ersten Abend seit sog. Vereinst hat Herr Bahr Deinem Adele
1075 1861 2340 1999 vorgelesen. Ich war nicht dort. Es wäre mich unpassend gewesen,
1079 1943 2256 2072 Ich wünsche Ihnen die Sonne, natürlich nicht die von
1119 1979 2373 2112 Lindau. Maximilian Herden hat dem Appellaten herausgegeben.
1112 2071 2405 2161 Dr. Hoffmann schreibt ein Feuilleton darüber. Dr. Mannvoth wird deßwegen
1102 2139 1985 2250 eingesperrt werden. Telle est la rée. Ihr Hüge.
