3605 3672
1225 639 2412 817 lauf x yoriren; wie ich überhaupt die Seenen in der
1240 772 2474 894 Kanzlei zu den glücklichsten rechne. Daß Meier
1255 854 2494 947 so gar keinen Charakter, nicht einmal eine Charge
1265 909 2514 1014 hat, liegt sehr im Interesse des ganzen. Für diese
1269 972 2492 1078 Frau ihr der andere, für diese Ehe ist der dritte eben
1265 1039 2447 1123 kein Individuum, sondern jeder beliebige,.. Ziffern
1262 1088 2470 1193 entscheiden. er ist nicht handelnde Person, sondern
1255 1158 2491 1269 Mittel. Es ist dort einzige Ehebruchssück meiner
1262 1205 2425 1334 ausgebreiteten Bekanntschaft, wo nicht und unsre
1235 1285 2579 1377 deceiz, sondern unsre Sympathie auf der Seite deß Mannes
1239 1351 2486 1451 sehl. Sollte daß Stück einen Frauenamen tragen,
1250 1403 2524 1511 so wäre „Richard“ der einzig mögliche.
1244 1481 2539 1560 Er ist die einziger tingische Eigner des Stückes. Ihm gegenüber
1240 1525 2459 1639 ist Lamilla nur Synbol, Symbol eines Irrthums;
1252 1597 2442 1689 seinen Befreiung von diesem tragischen Grothum ist die
1844 1652 1942 1696 1
1247 1665 2494 1761 Handlung, eigentlich eine ungersönliche. Camilla steht
1239 1714 2412 1823 Grund unter den Menschen, wie in Balza die
1252 1798 2552 1895 undeheimliche reizenden Frauen ohne Seele, die Personification
1240 1860 2479 1965 der Gesellschaft. Ein gut Theil unserer pretischen Arbeit.
1255 1942 2449 2037 ist Auflösung erstarrter Mythen, Vermenschlichter
1244 1992 2459 2096 Naturschmbolen in ihre Behandseile, eigentliche
1240 2070 2574 2152 Analyse, also Kritikerarbeit. Sie haben wieder einmal
1255 2139 2564 2236 ein Rückchen Dichterarbeit gethan, verdichtet, gefaltet.
1235 2191 2482 2293 der Camilla muss die Schauspielerin eigentlich alles
1265 2251 2536 2353 geben, dem Hilden auch der beste Schauspieler nichts.
1245 2310 2484 2422 Verzeihen Sie es sich selbst, verehrter Freund, mich
1262 2368 2511 2499 zu solcher Redseligkeit angeregt zu haben und
1282 2450 2573 2547 danken Sie es mir, daß ich ein Dutzend weiter,
1287 2519 2117 2643 Paradoxen für mich behalte.
1518 2604 2047 2737 Dank und Heuß
2039 2668 2184 2752 von
2186 2671 2424 2810 Jlugo
