3635 3671
1102 783 1207 916 16
2029 904 2184 996 31. [1]
1201 1100 1721 1237 mein lieber Freund.
1151 1179 2336 1355 Sie haben mir gerne noch nicht geantwortet...
1192 1289 2188 1434 Wir sind jetzt alle ganz wohl und die
1154 1399 2214 1519 Langweile hat einen mehr sonnigen,
1188 1490 2250 1618 Himmelblauen und sanft plätschernden
1164 1586 2191 1736 Charakter. Ich arbeite viel und leicht
1145 1655 2345 1842 und denke sehr oft, nicht während der Arbeiten
1190 1773 2211 1973 aber beim überlesen, was gerade Sie
1187 1901 2273 2066 dazu sagen werden. Im andern Hôtel
1206 2008 2284 2177 ist seit ein paar Tagen der geistige Herr
1194 2121 2252 2308 Eisenberg mit seiner netten Frau, die Sie
1213 2272 2214 2421 sehr gern zu haben scheint, nämlich auf
1212 2416 2199 2552 vernünftige Weise, nicht gesellschaftlich;
