3616 3672
1810 807 2927 976 dere Zeit, um ein schönes Trauerspiel
616 835 1594 1001 Der Rekonvales cenz wegen essen
1892 908 2876 1099 zu verfertigen. Dazu benütze ich
627 902 1639 1113 wir mit Stern im Garten und
678 1023 2938 1237 haben büchstäblich noch mit keinem die Stakespeare Studien von Otto Ludwig
1855 1175 2825 1347 für die Technik, Montaigne für
613 1172 1633 1344 der andern Hotelgäste gesprochen;
641 1279 1678 1482 sie können sich keinen Begriff von
1881 1290 2929 1467 Gedanken und Physologie, während
616 1408 1740 1616 der Qualität der (sehr wenig zahl¬
1858 1451 2837 1636 ich die einzelnen Verse einigen
607 1541 1639 1765 reichen) Gesellschaft machen; es
1881 1524 2915 1749 mitgebrachten Peterstücken, haupt¬
1855 1687 2983 1850 sächlich von Tophokles aus Athen, entlehne.
618 1701 1633 1886 wäre conven tirelle höflichkeit,
1844 1810 2971 2021 Ab und zu gehe ich spazieren, welches
680 1830 1774 2024 sie als schmutzige und widerwärtige
1872 1968 2952 2165 schön ist, sobald es mir gelungen.
661 1982 1687 2207 Nachtaulen, Söhne von Hunden
672 2114 1690 2316 und Marabuh’s zu bezeichnen.
1926 2125 2932 2325 ist, mich des gutmütigen, aber
633 2266 1678 2460 Wir leben also vollständig wie in einer
1917 2257 2997 2480 geschwätzigen Stern zu entledigen.
627 2412 1602 2600 Privatailla. Ich benütze die viele
1900 2398 2938 2612 Mama langwelt sich in der Fisch
