<?xml version="1.0" encoding="UTF-8" standalone="yes"?>
<PcGts xmlns="http://schema.primaresearch.org/PAGE/gts/pagecontent/2013-07-15" xmlns:xsi="http://www.w3.org/2001/XMLSchema-instance" xsi:schemaLocation="http://schema.primaresearch.org/PAGE/gts/pagecontent/2013-07-15 http://schema.primaresearch.org/PAGE/gts/pagecontent/2013-07-15/pagecontent.xsd">
    <Metadata>
        <Creator>prov=READ-COOP:name=TrHtr:version=2.1.0:model_id=51170:date=27_07_2023_19:29</Creator>
        <Created>2023-05-02T08:19:26.777+02:00</Created>
        <LastChange>2023-07-27T19:29:56.092+02:00</LastChange>
        <TranskribusMetadata docId="1416753" pageId="54954363" pageNr="71" tsid="131288612" status="IN_PROGRESS" userId="64420" imgUrl="https://files.transkribus.eu/Get?id=VBEFRNMHRSCEZWOBWCRNLLQE&amp;fileType=view" xmlUrl="https://files.transkribus.eu/Get?id=EZRNKSOLIALGRTSKJJYKBTXU" imageId="44458088"/>
    </Metadata>
    <Page imageFilename="1416753_0071.jpg" imageWidth="2001" imageHeight="3638">
        <ReadingOrder>
            <OrderedGroup id="ro_1711825780144" caption="Regions reading order">
                <RegionRefIndexed index="0" regionRef="tr_1"/>
                <RegionRefIndexed index="1" regionRef="tr_2"/>
            </OrderedGroup>
        </ReadingOrder>
        <TextRegion id="tr_1" custom="readingOrder {index:0;}">
            <Coords points="301,899 1639,899 1639,1566 301,1566"/>
            <TextLine id="tr_1_tl_1" custom="readingOrder {index:0;}">
                <Coords points="1440,1005 1476,991 1504,995 1522,982 1537,994 1578,977 1597,995 1630,987 1650,797 1584,789 1563,769 1542,779 1524,772 1510,784 1463,795"/>
                <Baseline points="1454,967 1460,964 1505,964 1550,958 1594,952 1639,949"/>
                <TextEquiv>
                    <Unicode>9. IV</Unicode>
                </TextEquiv>
            </TextLine>
            <TextLine id="tr_1_tl_2" custom="readingOrder {index:1;}">
                <Coords points="290,1137 366,1130 472,1171 684,1125 790,1135 794,1069 687,1056 649,1022 543,1035 453,1007 400,1010 376,991 298,999"/>
                <Baseline points="301,1129 304,1126 349,1126 394,1126 439,1123 483,1123 528,1123 573,1120 618,1117 663,1114 707,1108 752,1105 797,1102"/>
                <TextEquiv>
                    <Unicode>meinlich Grüßer</Unicode>
                </TextEquiv>
            </TextLine>
            <TextLine id="tr_1_tl_3" custom="readingOrder {index:2;}">
                <Coords points="305,1346 571,1278 877,1325 1220,1246 1487,1294 1622,1260 1627,1155 308,1232"/>
                <Baseline points="316,1278 328,1278 373,1278 418,1278 462,1278 507,1275 552,1272 597,1269 642,1266 686,1260 731,1260 776,1260 821,1257 866,1260 910,1260 955,1260 1000,1257 1045,1257 1090,1251 1135,1248 1179,1245 1224,1245 1269,1242 1314,1239 1359,1239 1403,1239 1448,1239 1493,1236 1538,1236 1583,1230 1627,1224"/>
                <TextEquiv>
                    <Unicode>ich das über in Vierteljahr dort. Kam zurück</Unicode>
                </TextEquiv>
            </TextLine>
            <TextLine id="tr_1_tl_4" custom="readingOrder {index:3;}">
                <Coords points="464,1487 505,1501 789,1401 1424,1396 1468,1424 1484,1320 1281,1307 953,1360 892,1323 643,1391 469,1356"/>
                <Baseline points="477,1415 501,1412 546,1415 591,1412 636,1409 681,1409 725,1406 770,1403 815,1400 860,1400 905,1403 949,1400 994,1400 1039,1397 1084,1394 1129,1391 1173,1388 1218,1388 1263,1382 1308,1379 1353,1376 1397,1373 1442,1370 1487,1373"/>
                <TextEquiv>
                    <Unicode>lag im Meil mit einer Fübrigung</Unicode>
                </TextEquiv>
            </TextLine>
            <TextLine id="tr_1_tl_5" custom="readingOrder {index:4;}">
                <Coords points="325,1629 902,1547 1599,1583 1606,1389 1410,1396 1197,1468 797,1433 505,1501 331,1440"/>
                <Baseline points="337,1556 352,1556 397,1553 442,1556 486,1556 531,1553 576,1556 621,1550 666,1547 710,1547 755,1547 800,1544 845,1541 890,1538 934,1541 979,1541 1024,1541 1069,1529 1114,1529 1158,1529 1203,1526 1248,1529 1293,1526 1338,1523 1382,1523 1427,1526 1472,1526 1517,1523 1562,1520 1606,1520"/>
                <TextEquiv>
                    <Unicode>(Hilling, Joh. Allerlei zu tün) (worin der</Unicode>
                </TextEquiv>
            </TextLine>
        </TextRegion>
        <TextRegion id="tr_2" custom="readingOrder {index:1;}">
            <Coords points="319,1631 1687,1631 1687,2638 319,2638"/>
            <TextLine id="tr_2_tl_1" custom="readingOrder {index:0;}">
                <Coords points="308,1761 1455,1735 1481,1597 1310,1569 1018,1665 882,1673 720,1620 495,1697 312,1689"/>
                <Baseline points="319,1732 361,1735 406,1735 451,1735 495,1732 540,1729 585,1726 630,1720 675,1717 719,1717 764,1714 809,1711 854,1708 899,1708 943,1705 988,1702 1033,1702 1078,1699 1123,1699 1167,1696 1212,1696 1257,1696 1302,1696 1347,1696 1391,1690 1436,1687 1481,1681"/>
                <TextEquiv>
                    <Unicode>Füns sehr trauriges, ganz Gewöhnliches</Unicode>
                </TextEquiv>
            </TextLine>
            <TextLine id="tr_2_tl_2" custom="readingOrder {index:1;}">
                <Coords points="317,1883 692,1922 1135,1847 1379,1891 1510,1858 1514,1742 956,1781 779,1733 607,1799 320,1765"/>
                <Baseline points="325,1866 349,1866 394,1863 439,1863 483,1866 528,1866 573,1866 618,1866 663,1866 707,1866 752,1863 797,1857 842,1854 887,1851 931,1851 976,1851 1021,1848 1066,1845 1111,1845 1155,1842 1200,1842 1245,1842 1290,1842 1335,1836 1379,1833 1424,1833 1469,1833 1514,1836"/>
                <TextEquiv>
                    <Unicode>M Ceiflöse de Moserung eines guten</Unicode>
                </TextEquiv>
            </TextLine>
            <TextLine id="tr_2_tl_3" custom="readingOrder {index:2;}">
                <Coords points="326,2073 1004,2011 1279,2007 1348,2052 1545,2012 1632,2047 1633,1984 1363,1909 920,1975 599,1935 330,1986"/>
                <Baseline points="337,2031 382,2034 427,2037 471,2034 516,2031 561,2028 606,2028 651,2028 695,2028 740,2025 785,2025 830,2025 875,2022 919,2019 964,2016 1009,2010 1054,2007 1099,2004 1143,2004 1188,2004 1233,2004 1278,2004 1323,2004 1367,2004 1412,2007 1457,2007 1502,2007 1547,2013 1591,2016 1636,2028"/>
                <TextEquiv>
                    <Unicode>lichen Vaters, dies biederhandenehmen,</Unicode>
                </TextEquiv>
            </TextLine>
            <TextLine id="tr_2_tl_4" custom="readingOrder {index:3;}">
                <Coords points="348,2189 743,2227 930,2219 1163,2142 1469,2175 1532,2165 1535,2084 1386,2116 1205,2055 1086,2116 828,2145 494,2057 353,2066"/>
                <Baseline points="358,2168 373,2168 418,2168 462,2168 507,2171 552,2168 597,2168 642,2165 686,2165 731,2165 776,2162 821,2159 866,2156 910,2153 955,2153 1000,2150 1045,2147 1090,2144 1135,2144 1179,2141 1224,2141 1269,2141 1314,2138 1359,2138 1403,2135 1448,2135 1493,2135 1538,2138"/>
                <TextEquiv>
                    <Unicode>alles ist ganz entfealt und viel</Unicode>
                </TextEquiv>
            </TextLine>
            <TextLine id="tr_2_tl_5" custom="readingOrder {index:4;}">
                <Coords points="349,2329 963,2334 1040,2368 1209,2307 1617,2312 1617,2253 1563,2230 1323,2260 1192,2206 351,2242"/>
                <Baseline points="358,2317 367,2317 412,2320 456,2320 501,2323 546,2320 591,2317 636,2317 681,2314 725,2314 770,2311 815,2311 860,2308 905,2305 949,2305 994,2308 1039,2308 1084,2311 1129,2311 1173,2308 1218,2305 1263,2302 1308,2299 1353,2296 1397,2296 1442,2293 1487,2293 1532,2293 1577,2296 1621,2299"/>
                <TextEquiv>
                    <Unicode>todte und gewöhnliche, als es worden</Unicode>
                </TextEquiv>
            </TextLine>
            <TextLine id="tr_2_tl_6" custom="readingOrder {index:5;}">
                <Coords points="592,2506 859,2529 1089,2488 1143,2517 1286,2473 1333,2498 1415,2452 1666,2470 1684,2398 1532,2411 1419,2355 1273,2421 1050,2378 968,2416 877,2385 790,2427 595,2419"/>
                <Baseline points="603,2470 612,2470 657,2470 701,2473 746,2470 791,2467 836,2467 881,2467 925,2467 970,2464 1015,2467 1060,2467 1105,2467 1149,2467 1194,2464 1239,2461 1284,2461 1329,2458 1373,2449 1418,2443 1463,2443 1508,2443 1553,2443 1597,2443 1642,2443 1687,2449"/>
                <TextEquiv>
                    <Unicode>— muss demnächst nach Hambau</Unicode>
                </TextEquiv>
            </TextLine>
            <TextLine id="tr_2_tl_7" custom="readingOrder {index:6;}">
                <Coords points="402,2501 410,2499 421,2509 428,2509 438,2501 448,2501 469,2483 479,2483 484,2476 522,2476 520,2430 500,2430 482,2440 462,2434 451,2447 443,2445 436,2450 412,2432 400,2435"/>
                <Baseline points="409,2467 454,2467 498,2470 525,2470"/>
                <TextEquiv>
                    <Unicode>hier</Unicode>
                </TextEquiv>
            </TextLine>
            <TextLine id="tr_2_tl_8" custom="readingOrder {index:7;}">
                <Coords points="403,2647 740,2685 979,2634 1461,2665 1471,2458 876,2534 403,2501"/>
                <Baseline points="412,2616 445,2616 489,2616 534,2616 579,2616 624,2619 669,2622 713,2622 758,2622 803,2625 848,2625 893,2625 937,2625 982,2628 1027,2628 1072,2628 1117,2628 1161,2625 1206,2622 1251,2622 1296,2622 1341,2619 1385,2619 1430,2616 1475,2610"/>
                <TextEquiv>
                    <Unicode>der anderswohin nicht nicht, ob</Unicode>
                </TextEquiv>
            </TextLine>
        </TextRegion>
    </Page>
</PcGts>
