3605 3672
1983 781 2471 903 Van, 23. T. 1891.
1242 989 2380 1125 Ich habe diesen Menschen seither nie gesehen.
1231 1064 2398 1190 Ich weiß seinen Namen nicht. Aber ich wei¬
1231 1156 2317 1271 daß ich den Klang seiner Stimmen nie
1227 1218 2523 1341 vergessen werde. Und ich kann, wenn ich in Strobl bin.
1214 1286 2437 1409 mein Boot, die „Möve nicht ansehen, ohne daß er
1219 1381 2466 1485 mir einfiele, alß hätte sein Blick ein unlöschbaret,
1232 1449 2469 1547 nur für mich sichtbares Zeichen hineing abrannt, als er
1226 1505 2312 1610 damals das einzige Mal, das Boot ansah.
1218 1555 2422 1662 damals..., daß war bei der großen Regalla
1216 1633 2395 1746 am Traunsie. Ich stand am Mart, ich und noch
1216 1683 2422 1824 einer, die Segell einen der „Mös“ in der Hand, in
1218 1803 2380 1871 der plitzernden schmerzen den August sonne.
1216 1861 2422 1960 Ich wunderte mich selbst, dass ich jetzt, nach dem
1227 1907 2385 2023 zweiten Glockenzeihen so ruhig war. früher
1213 1955 2455 2075 war alles wir zusammengeflossen: die erhitzten
1234 2067 2386 2169 Gesichter auf den Terrassen, die gepresste Menge
1232 2134 2416 2247 auf der Esplanade, die blossen Gesichter in dein
1229 2198 2506 2296 anderen Booten, ein eigenthümlich riechender Qualen,
1226 2270 2481 2362 den der Wind von den ankernden Dampfer
1231 2336 2408 2448 herübertrieb, dazwischen losgerissen Musiklone,
1221 2419 2511 2523 Gelächter abgebrochenen Sätze aus der Zuschauermange.
1231 2481 2526 2600 Jetzt aber sah ich jede Einzelheit ganz deutlich, klar,
1221 2539 2404 2675 wir mechanisch: Ich wunderte, daß der Starter
1245 2618 2552 2755 bei der Sommergleich einer Mütze ohne Schirm trage;
