7512 4840
279 214 438 453 26
1725 315 2160 627 Alle
689 569 3091 913 Hoch soll er leben hoch etc. etc.
1638 848 2254 1134 Wenzel
333 1069 3095 1352 /: erhebt sich während des Lärmens: 1 Ich
362 1334 3091 1551 habe ums Wort gebeten. Mein ver¬
301 1591 3156 1801 ehrter Herr Vorredner hat früher eine
315 1805 3142 2026 Bemerkung fallen lassen, die mich son¬
308 2051 3080 2323 derbar berührt hat. In einem Tone,
301 2316 3156 2591 welcher entschieden nur cronisch auf¬
352 2558 3203 2787 gefasst werden durfte, hat er von den
333 2801 3185 3044 Freuden des Wirths Hauses gesprochen
341 3055 3193 3301 als wenn solche nur in der berausch¬
333 3254 3153 3569 ten Phantasie eines alten Hauses
333 3555 2573 3794 existirten-1: 6 ho! Ohr! :/
330 3769 3160 4109 Meine Herren, ich frage Sie. % un¬
344 4022 3116 4396 sicher :/ Meine Herren, ich frage
337 4309 779 4479 Sie —
5512 250 5986 569 Wild,
4443 536 6313 866 Also was denn endlich?
5490 772 6142 1065 Wurzel
4370 1004 7251 1344 Ich frage Sie, wenn Sie gefragt wer¬
4417 1301 7211 1573 den, ob man Sie das schon einmal
4432 1518 7193 1844 gefragt hat - - doch meine Sache ist
4435 1790 7345 2073 das Reden nicht. Ich kann mich nur
4432 2015 7320 2312 auf Ihr Mitgefühl verlassen, meine
4435 2250 7273 2573 Herren, wenn ich hier von den Poesie
4406 2522 7316 2830 des Wirthshaufes zu schwärmen begin¬
4406 2765 7287 3062 ne - aber ich behaupte kühnlich - das
4443 3019 7273 3327 ist kein echter Student gewesen, der
4454 3243 7316 3555 die unendliche Poesie zu fassen nicht
4435 3559 7280 3870 im Stande ist, welche in der behagli¬
4435 3790 7251 4185 chen Duselei, in den seligen Selbst¬
4388 4117 5167 4363 vergessen.
5555 4287 6066 4609 Wild
