3416 4856
258 316 3147 610 das weiß ich zu schätzen, der während die¬
294 545 3097 872 ser Zeit eigentlich nichts rechtes gethan.
294 775 3068 1080 aber wenn man so auf diese Spanne
352 1008 3086 1303 Zeit zurückblicken kann, wie du,
1371 1238 2254 1410 Schnitzler
334 1378 3129 1748 Lieber Wurzel, keine Elogen
330 1737 1741 2035 ich liebe das nicht.
1403 1959 2038 2153 Wurzel
309 2175 3126 2465 Du hast auch recht - hier im Wartezim¬
366 2430 3216 2656 mer ist all das, was ich spreche, nicht
362 2616 3155 2921 recht am Platze, ich bin daher so frei,
373 2875 3140 3140 allen hier anwesenden Herrschaften
373 3083 3086 3399 den Vorschlag zu machen gemüthlich
352 3341 3015 3603 in ein Wirths Haus zu gehen und
334 3528 3058 3844 dort auf das Wohl unseres Doktor
323 3775 1640 4088 eins zu trinken.
1432 3948 2304 4296 Mondberg
294 4188 3137 4565 Ah. der Mensch ist köstlich! Hahnha!
