3480 4840
361 361 3096 610 Artikel schreiben, bevor das Blatt in
416 576 3154 859 die Druckerei geht. Willst du un¬
430 812 3117 1118 terdessen dich aus Klavier setzen
464 1050 3147 1408 und mich durch ein paar Accorde
460 1354 1528 1620 inspiriren?
1497 1541 2135 1818 Louise
436 1804 2558 2159 Gern, mein Lieber. /:Ab: 1
1473 2032 2179 2349 8t Leene
1228 2305 2783 2581 Schnitzler /: allein :/
505 2544 3164 2837 (setzt sich:) So - nun an die Ar¬
488 2806 3202 3042 beit! Wo bin ich denn stehen ge¬
539 3049 3147 3362 blieben. (Kindergequitsche hinter
508 3311 3168 3580 der Scene; 1 Arthurs holde Stimme —
481 3546 3130 3857 /: zu gleicher Zeit Clavierspielen von
508 3819 3250 4089 der anderen Seite (Louisens holdes
522 4051 3219 4375 Spiel - und da soll man nicht be¬
563 4317 3195 4600 geistert sein. (Schreibt pathetisch:)
