4328 4872
3953 187 4113 429 18
1179 340 4091 623 Oratoriums hat man die Persider began¬
1191 552 4039 866 gangen, sich eine Sängerin aus wei¬
1198 769 4083 1123 ter Ferne herkommen zu lassen, und
1206 1060 3445 1370 an Sie ganz zu vergessen.
2038 1288 2971 1583 Frl. Weiser
1168 1500 4173 1814 O die Partie wär mir in der That glän¬
1194 1792 3124 2049 zend gelegen gewesen
2254 1997 3038 2266 Mondberg
1172 2221 4050 2475 Ich weiß ja. Haendel hat sie Ihnen auf
1209 2456 2904 2728 dem Leib geschrieben.
2266 2654 3135 2867 Frl. Weiser
1213 2900 3956 3184 Ach, ich glaube gar, Sie machen sich
1198 3154 2560 3434 lustig über mich.
2243 3356 3117 3650 Mondberg
1191 3553 4046 3785 Wie könnte mir das beifallen, es
1213 3803 3938 4046 ist mir ja auch um Ihre Zukunft
1228 3979 3856 4330 gar nicht banz. die kleine selle
1258 4229 4124 4528 Threr Stimme werden Sie wohl bald
