3864 4856
701 266 3593 561 an nicht mehr den Jubilar zu sehen, son¬
723 485 3463 791 dern wieder den Arzt - womit ich
744 766 3629 982 Sie, lieber Mondberg ersuche mir ins
737 975 3165 1280 Ordonationszimmer zu folgen.
1715 1201 2596 1403 Frl. Weiser
766 1431 3571 1733 Aber ich bitte recht sehr, Herr Pro¬
806 1683 1367 1917 sessor -
1895 1874 2730 2097 Schnitzler
744 2107 3643 2463 Einen Moment, mein "Fräulein". - Auf
798 2338 3665 2622 Wiedersehen, 1 Wurzel, und behalte noch
809 2593 3398 2877 einigen durst für heute Abend
726 2837 1295 3179 übrig.
1838 3003 2521 3352 Wurzel
795 3229 3506 3582 Sorge dafür nicht - Aber siehst du¬
809 3582 3636 3787 so kommt man nicht zum studiren
795 3733 3553 4035 Leb wohl! – Pardon! Aber ich bin so
784 3959 3528 4269 gerührt, ich muß dich umarmen
834 4211 2115 4560 /: Umarmung: 1
