3368 4808
1678 181 1956 411 da
159 281 3137 593 machen sie? Und eine Zeitung an deren
2219 463 2841 637 Kayser
211 552 2578 826 Spitze du ja nun ebenfalls stehst.
1370 737 2141 1052 Schnitzler
267 981 2896 1285 Ist mir doch schier, wenn ich vor einer
278 1193 3100 1522 Stunde mit Euch beisammen gesessen.
270 1444 3063 1730 Und kaum so lange, daß ich die Stum¬
278 1696 3082 1989 mer mit meinen ersten Artikel in
259 1959 1978 2215 die Druckerei geschickt.
1174 2137 2996 2482 Druckerjunge [: kommt.]
259 2411 3037 2689 Ah. da kommt nun die correctur. -
300 2615 3104 2893 Gleich, Junge, warte einen Moment
289 2826 3000 3126 draußen. - Nein, wirklich, lieber
281 3130 3170 3378 Wurzel, die bist über alle Massen liebens¬
270 3293 3144 3574 würdig, dass du dich dieses Tages
304 3567 1100 3852 erinnerst.
1396 3700 2037 4052 Wurzel
293 4000 3178 4307 Nicht mehr, als selbstverständlich. Aber
300 4237 3130 4545 nun lass' dir recht herzlich die Hand
