3448 4808
1323 343 1890 549 Wurzel
313 579 3051 870 Ich bin ein alter College des Herrn
313 836 3246 1102 Regierungsrathes - und hoffe auch bald
324 1039 3136 1312 Doktor zu werden. Ich war jetzt lang
346 1271 3073 1592 weg im Ausland, habe da und dort
383 1481 3283 1802 unter andern auch in China - hilfs ärzt¬
383 1732 3151 2001 liche Dienste gethan. Wo man nicht
368 1983 3232 2274 auf das diplomat sieht, sondern auf das
383 2185 3132 2484 gute Herz - hat man mich überall
383 2524 1890 2745 gern genommen.
1382 2664 2204 2981 Mondberg
354 2919 3099 3195 Nun, Ihr College hat unterdessen
372 3151 2336 3398 sein Glück hier gemacht.
1422 3375 2089 3619 Wurzel
324 3574 3291 3921 Ich gönn es ihm. Aber tauschen möcht
372 3810 2126 4146 ich doch nicht mit ihm.
1485 4046 2292 4367 Mondberg
365 4260 3276 4614 Ah, Sie müssen sich also sehr zu frieden
