7512 4904
4477 258 7256 562 es ist auch vernünftiger, ich sehe jetzt
4509 512 7288 809 nach dem Essen- (steckt die Feder hin¬
4498 813 7288 1071 ters Ohr und bindet die Schürze um
5469 988 6203 1318 Göttlich
4455 1246 7309 1558 /: kommt wieder :/ Gnädige Frau, um
4455 1501 7155 1766 Recensions ex Anglar, Herrn Doctor
4441 1751 7302 2048 Schnitzler zur freundlichen Besprechung,
4473 1963 6851 2253 in seinem geschätzten Blatte.
5562 2231 6142 2496 Louise
4459 2489 7202 2779 Gut, gut, legen Sie es mir her, ich
4441 2736 6590 3012 muß in die Küche. (ab)
5497 2980 6246 3212 Göttlich
4409 3263 7291 3502 1 allein :/ Bitte sich gar nicht zu stö¬
4459 3549 7109 3814 ren, gnädige Frau, recensiren
4459 3771 7213 4058 kann ich ja unterdessen. Ich hätte
4484 4040 7094 4301 ja schon längst etwas für unser
4491 4219 7202 4552 Blatt geschrieben um den Leuten
