3832 4920
3367 97 3535 320 32
499 317 3502 715 mant, unterdrücken Sie sie mir doch
518 603 1754 920 nicht immer.
1762 756 2444 1121 Elsbeth
1620 1047 2913 1348 Er versteht mich.
477 991 1531 1378 1: zu Adele: 1:
1680 1285 2310 1520 Wurzel
667 1479 3528 1792 /:betrübt :/ Ich merke, daß meine Idee
708 1740 3505 2056 abhällt. Aber Sie glauben gar nicht,
708 1933 3498 2283 wie wehmüthig es mich alten Studen¬
719 2254 3557 2496 ten stimmt, wenn ich sozusagen auf
708 2444 3446 2745 das Wohl eines Menschen trinken
704 2626 3390 2961 soll, und ich habe kein Bier da.
726 2872 3528 3159 Was wird mir also übrig bleiben.
730 3110 3557 3408 Ich werde allein mich in irgend ein
719 3323 3583 3684 Wirthshaus setzen - weißt du - in
730 3591 3516 3900 eine lcke hinein - Colossal einsam.
749 3788 3591 4142 und ich auf eigene Faust so hoch le¬
760 4019 3654 4336 ben lassen – unglaublich hoch! Oh mei¬
782 4265 3434 4600 ne Stimmung wird so festlich sein
