3496 4808
392 320 3172 604 reparirt, und ich sehe schon, wie eines
399 546 3133 812 schönen Tags von der Wiener Hofoper
370 747 3262 1078 aus Ihr Ruhm in die fernsten Lande hi¬
392 1027 1893 1297 naus schallen wird.
1477 1207 2227 1433 5te Scene
923 1437 3172 1753 Vorige. dann Wurzel. Diener
1566 1714 2170 1990 Wurzel
445 1958 3266 2224 (tritt Mitte ein) Melden Sie den
453 2177 3183 2446 Herrn Professor nur, dass ich kein Pa¬
406 2421 3129 2666 tient - ein alter Freund - 1: setzt
424 2662 3183 2906 sich :/ Na, da siehts recht wohnlich aus.
410 2888 3230 3100 Es muß meinen alten Freund nicht
1588 3100 3158 3391 /: setzt sich zum Tisch:)
417 3143 1451 3370 schlecht gehn.
392 3348 2906 3643 Die Herrschaften erlauben doch —
1523 3592 2317 3862 Mondberg
417 3837 1257 4081 Bitte sehr.
1523 4027 2145 4282 Wurzel
381 4117 3187 4552 Erlaube mich vorzustellen. Dieten
