3896 4936
685 328 3439 649 wie in irgend einem großen Kreise
649 519 3551 865 von Leuten, Herren in Frank, Damen
678 757 3432 1042 in Sviree-Toilette - und wenn ich
699 995 3421 1348 bis morgen früh’ trinke - bei Gott,
714 1197 3598 1543 so soll es mir auch nicht zu viel sein.
1774 1478 2614 1684 Schnitzler
703 1698 3537 2066 Das sollst du nicht - heute Abend er¬
753 1961 3482 2286 warte ich dich bei mir: Jetzt aber
753 2149 3576 2542 regiert noch die Pflicht. Du entschul¬
753 2408 3630 2736 digst, aber meine Kranken warten.
1676 2668 2650 2942 Frl. Weiser
800 2891 2423 3219 Sogar ziemlich lang.
1871 3064 2769 3273 Schnitzler
865 3263 3551 3645 Diese wenigen Minuten Unter¬
822 3526 3641 3872 brechung meiner Ordination werden
811 3753 3655 4117 Sie mir wohl zu Gute halten, aber
2210 3879 3731 4102 und am 25. Juli mit
836 4002 3738 4322 so was kommt ja vor, und - ich bitte
808 4207 3648 4586 also sehr, in mir von dieser Sekunde
