4344 4904
3992 189 4155 392 17
1195 329 3667 666 Das ist ja eine sehr schöne Rolle.
2113 562 3004 855 Frl. Weiser
1143 777 4048 1103 Oh man verfährt auch in der unerhörte¬
1184 1043 4003 1310 sten Weise! Wenn ich Ihnen von all
1184 1217 4118 1569 den Rauckner erzählen würde, die
1188 1524 3707 1798 man gegen mich in Scene setzt.
2283 1750 3067 2054 Mondberg
1243 1983 4011 2231 erzählen Sie nichts - ich kenne das
1228 2205 3896 2479 Theaterleben nur zu gut. Neulich
1221 2379 4126 2720 hat man Ihnen gar den Tort abzelfa¬
1188 2649 4100 2945 Sie in einer Partie auf die Scene tre¬
1206 2908 3981 3189 ten zu lassen, wo Sie immer um
1214 3097 4100 3434 einen halben Takt zu spät einfielen.
2157 3341 3016 3659 Frl. Weiser
1232 3541 4159 3852 Oh da war das Orchester Schuld. Der Kugelt¬
1225 3770 4203 4100 meister möchte mich am Liebsten vernichten.
2235 4055 3067 4318 Mondberg
1240 4288 3978 4547 Und neulich bei der Aufführung des
