<?xml version="1.0" encoding="UTF-8" standalone="yes"?>
<PcGts xmlns="http://schema.primaresearch.org/PAGE/gts/pagecontent/2013-07-15" xmlns:xsi="http://www.w3.org/2001/XMLSchema-instance" xsi:schemaLocation="http://schema.primaresearch.org/PAGE/gts/pagecontent/2013-07-15 http://schema.primaresearch.org/PAGE/gts/pagecontent/2013-07-15/pagecontent.xsd">
    <Metadata>
        <Creator>prov=READ-COOP:name=TrHtr:version=2.1.0:model_id=51170:date=28_07_2023_10:49</Creator>
        <Created>2023-05-10T11:33:59.204+02:00</Created>
        <LastChange>2023-07-28T10:49:20.315+02:00</LastChange>
        <TranskribusMetadata docId="1428160" pageId="55388438" pageNr="41" tsid="131339294" status="IN_PROGRESS" userId="64420" imgUrl="https://files.transkribus.eu/Get?id=FCAWEJKWJVBVZDWWZJZAHUPA&amp;fileType=view" xmlUrl="https://files.transkribus.eu/Get?id=KQDCBGEIRTGFGWNVOCVWOTQU" imageId="44663330"/>
    </Metadata>
    <Page imageFilename="1428160_0041.jpg" imageWidth="3336" imageHeight="4840">
        <ReadingOrder>
            <OrderedGroup id="ro_1711819042900" caption="Regions reading order">
                <RegionRefIndexed index="0" regionRef="tr_2"/>
                <RegionRefIndexed index="1" regionRef="tr_1"/>
            </OrderedGroup>
        </ReadingOrder>
        <TextRegion id="tr_2" custom="readingOrder {index:0;}">
            <Coords points="250,456 3098,456 3098,2229 250,2229"/>
            <TextLine id="tr_2_tl_1" custom="readingOrder {index:0;}">
                <Coords points="229,627 2135,580 2200,559 2203,430 1634,355 1032,419 924,358 233,344"/>
                <Baseline points="250,522 289,522 372,522 456,528 539,528 623,534 706,534 789,534 873,528 956,534 1040,528 1123,528 1207,528 1290,528 1374,528 1457,517 1541,522 1624,517 1707,517 1791,517 1874,511 1958,511 2041,511 2125,511 2208,506"/>
                <TextEquiv>
                    <Unicode>Conservatoristin, Zöpfe etc. 1</Unicode>
                </TextEquiv>
            </TextLine>
            <TextLine id="tr_2_tl_2" custom="readingOrder {index:1;}">
                <Coords points="1308,802 1451,849 1551,810 1641,835 1716,799 1841,835 2078,788 2078,666 1956,602 1816,638 1759,620 1698,656 1598,595 1544,609 1462,580 1308,620"/>
                <Baseline points="1329,723 1413,734 1496,734 1579,734 1663,734 1746,734 1830,739 1913,734 1997,734 2080,745 2086,745"/>
                <TextEquiv>
                    <Unicode>Schnitzler</Unicode>
                </TextEquiv>
            </TextLine>
            <TextLine id="tr_2_tl_3" custom="readingOrder {index:2;}">
                <Coords points="448,1035 1494,1103 1587,1035 1727,1096 2035,1007 2343,1096 2300,838 1820,860 1677,935 1497,856 1150,820 824,896 448,802"/>
                <Baseline points="467,995 517,995 600,995 684,995 767,1001 851,1001 934,1001 1018,1001 1101,1001 1184,1006 1268,1006 1351,1012 1435,1012 1518,1012 1602,1012 1685,1006 1769,1001 1852,1001 1936,1001 2019,1001 2102,1001 2186,995 2269,995 2353,990"/>
                <TextEquiv>
                    <Unicode>aber die sieht nicht so aus</Unicode>
                </TextEquiv>
            </TextLine>
            <TextLine id="tr_2_tl_4" custom="readingOrder {index:3;}">
                <Coords points="1340,1343 1544,1336 1573,1315 1644,1336 1702,1318 1788,1365 1906,1354 1899,1118 1849,1114 1809,1161 1784,1143 1741,1179 1684,1154 1641,1182 1490,1096 1329,1125"/>
                <Baseline points="1351,1229 1435,1235 1518,1240 1602,1246 1685,1246 1769,1251 1852,1251 1913,1251"/>
                <TextEquiv>
                    <Unicode>Agathe</Unicode>
                </TextEquiv>
            </TextLine>
            <TextLine id="tr_2_tl_5" custom="readingOrder {index:4;}">
                <Coords points="236,1562 3056,1580 3059,1383 2898,1311 1609,1408 240,1336"/>
                <Baseline points="255,1496 317,1496 400,1502 484,1507 567,1507 650,1507 734,1507 817,1507 901,1507 984,1507 1068,1502 1151,1496 1235,1496 1318,1490 1401,1485 1485,1485 1568,1485 1652,1485 1735,1479 1819,1479 1902,1479 1986,1485 2069,1485 2152,1485 2236,1485 2319,1485 2403,1479 2486,1479 2570,1474 2653,1468 2737,1468 2820,1468 2904,1463 2987,1463 3070,1452"/>
                <TextEquiv>
                    <Unicode>(:sich ohne besondere Verlegenheit ver¬</Unicode>
                </TextEquiv>
            </TextLine>
            <TextLine id="tr_2_tl_6" custom="readingOrder {index:5;}">
                <Coords points="297,1849 2296,1770 2848,1859 3088,1798 3092,1601 1892,1662 1247,1573 641,1680 301,1580"/>
                <Baseline points="317,1752 344,1746 428,1746 511,1746 595,1746 678,1746 762,1746 845,1741 929,1741 1012,1735 1095,1735 1179,1730 1262,1724 1346,1730 1429,1730 1513,1730 1596,1730 1680,1730 1763,1730 1846,1724 1930,1724 2013,1724 2097,1724 2180,1719 2264,1719 2347,1719 2431,1713 2514,1713 2598,1713 2681,1713 2764,1707 2848,1707 2931,1707 3015,1707 3098,1696"/>
                <TextEquiv>
                    <Unicode>beugend :/ Ich bin hier recht bei Doktor</Unicode>
                </TextEquiv>
            </TextLine>
            <TextLine id="tr_2_tl_7" custom="readingOrder {index:6;}">
                <Coords points="290,2099 405,2099 519,2157 605,2124 824,2175 957,2139 1075,2160 1075,1920 1043,1909 899,1877 845,1909 716,1906 684,1874 638,1902 476,1856 358,1906 290,1892"/>
                <Baseline points="311,2002 394,2008 478,2008 561,2008 645,2002 728,2002 812,2002 895,2002 979,2002 1062,2008 1084,2008"/>
                <TextEquiv>
                    <Unicode>Schnitzler.</Unicode>
                </TextEquiv>
            </TextLine>
            <TextLine id="tr_2_tl_8" custom="readingOrder {index:7;}">
                <Coords points="1272,2293 1515,2304 1573,2339 1673,2261 1827,2307 1981,2257 2049,2268 2046,2067 1881,2064 1712,2107 1512,2078 1472,2042 1336,2096 1268,2085"/>
                <Baseline points="1290,2208 1374,2208 1457,2203 1541,2208 1624,2208 1707,2208 1791,2214 1874,2219 1958,2219 2041,2214 2058,2214"/>
                <TextEquiv>
                    <Unicode>Schnitzler</Unicode>
                </TextEquiv>
            </TextLine>
        </TextRegion>
        <TextRegion id="tr_1" custom="readingOrder {index:1;}">
            <Coords points="250,2403 3154,2403 3154,4521 250,4521"/>
            <TextLine id="tr_1_tl_1" custom="readingOrder {index:0;}">
                <Coords points="301,2533 702,2476 1175,2587 2386,2461 3092,2561 3024,2278 2802,2379 1100,2364 982,2286 727,2400 305,2296"/>
                <Baseline points="322,2470 344,2470 428,2475 511,2475 595,2475 678,2475 762,2475 845,2481 929,2481 1012,2481 1095,2481 1179,2481 1262,2481 1346,2481 1429,2481 1513,2481 1596,2475 1680,2475 1763,2475 1846,2470 1930,2470 2013,2470 2097,2470 2180,2470 2264,2464 2347,2458 2431,2458 2514,2453 2598,2453 2681,2458 2764,2458 2848,2458 2931,2458 3015,2453 3098,2458"/>
                <TextEquiv>
                    <Unicode>Allerdings, mein Fräulein! Darf ich</Unicode>
                </TextEquiv>
            </TextLine>
            <TextLine id="tr_1_tl_2" custom="readingOrder {index:1;}">
                <Coords points="262,2762 2913,2769 2999,2748 3002,2565 1283,2673 1035,2587 265,2615"/>
                <Baseline points="283,2737 339,2731 422,2731 506,2731 589,2731 673,2731 756,2731 840,2725 923,2725 1006,2725 1090,2725 1173,2725 1257,2725 1340,2725 1424,2720 1507,2720 1591,2714 1674,2720 1757,2714 1841,2714 1924,2709 2008,2709 2091,2709 2175,2709 2258,2698 2342,2703 2425,2698 2509,2692 2592,2692 2675,2692 2759,2692 2842,2692 2926,2692 3009,2687"/>
                <TextEquiv>
                    <Unicode>bitten. Platz zu nehmen. (für sich)</Unicode>
                </TextEquiv>
            </TextLine>
            <TextLine id="tr_1_tl_3" custom="readingOrder {index:2;}">
                <Coords points="269,3020 1519,3099 2293,2963 2604,3045 3142,2956 3145,2780 2948,2873 1626,2823 1161,2923 272,2834"/>
                <Baseline points="289,2970 317,2970 400,2970 484,2965 567,2970 650,2970 734,2970 817,2970 901,2970 984,2976 1068,2976 1151,2976 1235,2976 1318,2976 1401,2981 1485,2976 1568,2976 1652,2976 1735,2970 1819,2970 1902,2965 1986,2965 2069,2959 2152,2954 2236,2954 2319,2954 2403,2948 2486,2954 2570,2948 2653,2948 2737,2948 2820,2948 2904,2948 2987,2948 3070,2942 3154,2942"/>
                <TextEquiv>
                    <Unicode>Sie ist zwar sehr hübsch - aber ich werde</Unicode>
                </TextEquiv>
            </TextLine>
            <TextLine id="tr_1_tl_4" custom="readingOrder {index:3;}">
                <Coords points="276,3278 742,3339 1096,3231 1655,3296 2350,3210 2551,3292 2791,3210 2977,3282 2981,3113 1691,3038 666,3174 279,3063"/>
                <Baseline points="294,3254 317,3243 400,3243 484,3237 567,3237 650,3237 734,3232 817,3232 901,3232 984,3232 1068,3232 1151,3226 1235,3226 1318,3226 1401,3221 1485,3221 1568,3221 1652,3221 1735,3215 1819,3215 1902,3209 1986,3209 2069,3215 2152,3215 2236,3209 2319,3209 2403,3209 2486,3209 2570,3209 2653,3204 2737,3198 2820,3198 2904,3193 2987,3193"/>
                <TextEquiv>
                    <Unicode>sie nicht anders behandeln als jede</Unicode>
                </TextEquiv>
            </TextLine>
            <TextLine id="tr_1_tl_5" custom="readingOrder {index:4;}">
                <Coords points="251,3507 1229,3611 1386,3489 2160,3450 2547,3593 2977,3575 3049,3328 1555,3307 1279,3396 362,3303 251,3382"/>
                <Baseline points="272,3471 300,3465 383,3465 467,3465 550,3471 634,3471 717,3471 801,3471 884,3465 968,3471 1051,3471 1134,3471 1218,3465 1301,3465 1385,3465 1468,3460 1552,3460 1635,3460 1719,3454 1802,3454 1885,3454 1969,3454 2052,3454 2136,3449 2219,3449 2303,3454 2386,3449 2470,3443 2553,3438 2636,3438 2720,3443 2803,3449 2887,3443 2970,3454 3054,3454"/>
                <TextEquiv>
                    <Unicode>beliebige Spitalkranke — /:laut '/ Ich</Unicode>
                </TextEquiv>
            </TextLine>
            <TextLine id="tr_1_tl_6" custom="readingOrder {index:5;}">
                <Coords points="233,3733 663,3797 738,3733 1085,3754 1222,3819 1515,3737 1748,3776 1902,3711 1970,3762 2074,3737 2078,3575 1820,3615 1490,3540 910,3690 559,3586 236,3586"/>
                <Baseline points="255,3710 333,3716 417,3716 500,3721 584,3727 667,3732 751,3732 834,3732 917,3732 1001,3732 1084,3727 1168,3727 1251,3721 1335,3721 1418,3721 1502,3716 1585,3716 1668,3710 1752,3710 1835,3710 1919,3705 2002,3705 2086,3699"/>
                <TextEquiv>
                    <Unicode>bitte, mein Fräulein.</Unicode>
                </TextEquiv>
            </TextLine>
            <TextLine id="tr_1_tl_7" custom="readingOrder {index:6;}">
                <Coords points="1308,4045 1376,4055 1447,4005 1476,4034 1523,4027 1598,3973 1734,4012 1827,4002 1909,3959 1949,3973 1952,3840 1838,3815 1680,3883 1623,3858 1573,3869 1476,3797 1311,3844"/>
                <Baseline points="1329,3944 1374,3949 1457,3944 1541,3944 1624,3949 1707,3944 1791,3938 1874,3938 1958,3933"/>
                <TextEquiv>
                    <Unicode>Agathe</Unicode>
                </TextEquiv>
            </TextLine>
            <TextLine id="tr_1_tl_8" custom="readingOrder {index:7;}">
                <Coords points="229,4263 2712,4335 3059,4274 3059,4095 229,4116"/>
                <Baseline points="250,4244 317,4250 400,4239 484,4233 567,4233 650,4228 734,4228 817,4233 901,4233 984,4239 1068,4239 1151,4239 1235,4239 1318,4228 1401,4239 1485,4233 1568,4233 1652,4228 1735,4233 1819,4228 1902,4222 1986,4222 2069,4216 2152,4222 2236,4222 2319,4216 2403,4228 2486,4228 2570,4228 2653,4228 2737,4228 2820,4228 2904,4228 2987,4228 3070,4222"/>
                <TextEquiv>
                    <Unicode>(setzt sich und nimmt die Pelzmütze</Unicode>
                </TextEquiv>
            </TextLine>
            <TextLine id="tr_1_tl_9" custom="readingOrder {index:8;}">
                <Coords points="301,4539 1343,4496 1480,4571 2121,4457 2716,4564 3099,4492 3102,4313 2479,4381 2028,4267 301,4421"/>
                <Baseline points="322,4511 356,4500 439,4489 522,4483 606,4478 689,4467 773,4467 856,4467 940,4467 1023,4467 1107,4467 1190,4461 1273,4461 1357,4461 1440,4461 1524,4461 1607,4461 1691,4461 1774,4461 1858,4461 1941,4456 2025,4456 2108,4456 2191,4456 2275,4456 2358,4456 2442,4456 2525,4450 2609,4450 2692,4456 2776,4456 2859,4461 2942,4456 3026,4450 3109,4445"/>
                <TextEquiv>
                    <Unicode>ab :/ Ach, mein Herr Doctor, ich bin</Unicode>
                </TextEquiv>
            </TextLine>
        </TextRegion>
    </Page>
</PcGts>
