4392 4872
1183 324 3931 654 zu haben, Sie auf der Bühne zu hören.
2202 580 2893 859 Hellmers
1190 774 4176 1078 Ja, wenn der Professor mich so weit gestellt
1197 993 4124 1354 Ich bin nemlich im Begriff abzusagen.
1197 1294 2484 1592 Ich bin stockheiser.
2257 1521 2949 1778 Elsbeth.
1201 1733 3682 2030 Man hört aber gar nichts davon.
2224 1964 3075 2175 Hellmers
1205 2202 4027 2480 Ach - (räußert sich) Oh Comtesse, ein
1238 2443 4109 2737 Sänger ist viel öfters heiser, als die
1238 2655 4076 2949 andern seine Heiserkeit bemerken.
1246 2826 4135 3206 Ich bringe keinen Ton aus der Kehle.
2302 3072 3120 3373 Schnitzler
1220 3328 4094 3618 1: aus der Thür blickend; 1 Gleich, meine
1227 3522 4217 3871 Damen - ich bitte, nur einen Moment
1201 3775 4094 4083 1: Ein Herr ist aufgestanden und be:
1302 4009 4094 4355 gibt sich in Dr Schnitzlers Zimmer :/
1201 4258 3079 4563 /: die Thüre schließt sich :/
