4344 4888
3924 153 4098 370 16
1199 192 3959 640 zend - warten Sie nur, Herr Mond¬
1199 562 4027 804 berg, Sie werden staunen, wenn Sie
1199 761 3981 1096 mich das nächste Mal in einer gro¬
1181 1003 3782 1274 ßen Rolle auf der Bühne sehen.
2181 1245 3017 1540 Mondberg
1163 1501 3671 1779 Ja, da werde ich gewiß staunen.
2124 1704 3013 1928 Frl. Weiser
1206 1957 4059 2184 Freilich können Sie da noch lange war¬
1188 2184 4016 2458 ten, bis man meinem Talent den
1234 2437 3255 2707 nöthigen Spielraum gibt.
2134 2640 3006 2921 Mondberg.
1227 2850 4073 3138 Ich werde warten. Oh, ich habe viel Ge¬
1227 3091 4016 3316 duld, mein Fräulein! Welches war
1210 3326 3881 3590 denn Ihre größte Rolle bis jetzt.
2095 3554 2992 3814 Frl. Weiser
1234 3792 4031 4077 Neulich habe ich einen der drei Kna¬
1270 3974 3970 4315 ben in der Zauberflöte gesungen.
2352 4255 3166 4554 Mondberg
