4328 4840
2141 249 2985 625 Schnitzler
1206 563 4101 819 Ja, wenn Sie sich schon dabei geniren
1372 776 4101 1094 Machen Sie den Mund auf - Sagen
1209 1011 4105 1310 Sie Ah - - Ein leichter Rachenkatarrh!
1227 1253 4058 1585 So jetzt kommen Sie zum Fenster
1245 1502 4094 1834 daß ich mir Ihren Kehlkopf auschauen
1235 1805 4123 2032 kann. 1: Setzt sich den Reflektor auf¬
1235 2022 3884 2300 Sagen Sie: Ah. die Nimmbänder
1264 2274 4061 2581 etwas geröthet. — Können unbesorgt
1235 2538 4047 2747 sein, mein Fräulein, hat keine Be¬
1213 2747 4090 3050 deutung. Jedenfalls schonen Sie sich
1217 3025 4018 3296 ein wenig, und lassen Sie sich in
1235 3285 3993 3549 ein paar Tagen wieder anschauen.
2325 3502 2917 3830 Agathe
1188 3729 3209 4050 Soll ich nichts einnehmen.
2300 3996 3188 4285 Schnitzler
1260 4256 4065 4556 Ist nicht nöthig. — Schonung, wie ge¬
