7432 4792
282 188 3156 556 ich je gedacht - gehofft (Ich bei seine der
256 579 3074 827 Mann, der da aus zog um sich irgend.
252 748 3077 1097 wo in der Freunde sein Brod zu ver¬
301 996 3126 1356 dienen und auf dem Wege findet
263 1289 3036 1642 er einen Schatz. Nun weiß ich erst
331 1612 3175 1830 wofür ich studirt, was ich gearbei¬
297 1792 2995 2085 tet - jetz weiß ich, warum ein so
316 2014 3126 2333 heurig begeisterter Zug durch mein
316 2243 3149 2574 Steeben ging - und ich empfinde es
319 2533 3122 2826 tief, mari mit unendlichen Selig¬
301 2784 3021 3010 keit, dass ich glücklich bin. Wenn
308 3002 3115 3322 also mein erster Trinkspruch heute
312 3258 3036 3525 nicht Euch gilt, die mir seit jeher
267 3510 3107 3836 ihre mir so werthen Sympathien
259 3765 3062 4077 zu gewandt haben, sondern einer,
267 4028 3032 4306 deren Sympathien für mich erst seit
256 4261 3096 4577 der allerjüngsten Zeit datirt, so wer
7042 68 7211 342 35
4291 218 7083 586 det Ihr das wohl dem Enthu sind
4310 458 7060 819 eines Bräutigams zu Gute halten,
4336 763 7008 1033 und Ihr thut sogar mehr als das —
4366 999 7094 1274 Ihr stimmt mit mir ein, voll in
4362 1266 7075 1526 meine Worte: Louise soll leben.
5407 1495 5843 1834 Alle
4299 1717 7098 2044 /:bewegt durcheinander :/ Louise hoch¬
4321 2010 5749 2292 Konise soll leben.
4246 2288 7267 2578 1: Großer Wirrwara, man beglückwünscht
4287 2544 5189 2799 Schnitzler 1
5317 2750 6876 2980 Aeuchen 1 kommt 1)
5497 3036 6091 3284 Wurzel.
4284 3235 7068 3577 Stoß mit an, nennchen, es wird auf
4269 3521 6981 3769 eine baldige Hochzeit getrunken.
5313 3803 5764 4009 Alle
4389 4013 5133 4355 Hoch hoch.
5336 4291 6001 4595 Wurzel.
