3813 4904
1376 318 2072 588 Schröffel
355 599 1798 914 Du bist ein Narr.
1439 825 2016 1014 Wurzel
396 999 3267 1347 Ein Starr? - Mir das?! Und das sagst
374 1369 3274 1610 Du, ein Mensch, der bereits seit ei¬
422 1543 3241 1883 nem vollen Jahr Doktor ist? Ist das
392 1772 3256 2054 dein dragnose sicher Scharfblick. Aber
437 2031 3378 2357 ich, der Student muß Dich aufmerksam
462 2250 3189 2634 machen, auf die colossalen Lücken,
474 2527 3419 2919 welche Eure Wissenschaft noch aufweist
1502 2805 2279 3093 Schröffel
437 3049 3411 3326 Du? Weißt du was das heißt, Wissen¬
462 3348 1121 3656 schaft?
1617 3596 2272 3870 Wurzel
470 3756 3393 4077 Ei-seht mir den weisen Herrn Secun¬
514 4070 3323 4377 darius an! Doch sieh, erst heute Mor¬
540 4229 3256 4632 gens als ich mich zu Bett zu legen
