4472 4936
3982 161 4179 396 12
2211 340 2937 551 Göttlich
1316 561 4046 912 /: Stiefel an Dr Schnitzler weisend :/
1340 849 4161 1123 Hier ist der Herr Doctor und Redac¬
1375 1025 4081 1337 teur an welchem Sie sich wenden
1375 1375 2133 1579 wollten.
2375 1544 2954 1849 Stiefel
1379 1793 4011 2126 Ich komme zu Ihnen, verehrter
1425 2028 4221 2323 Herr Redacteur, um mir bei Ihnen,
1442 2305 4249 2579 der jedenfalls in den betreffenden
1400 2554 4123 2860 Verhältnissen sehr versirt ist, Rath
1439 2772 3867 3123 zu holen, ob ich xxx meine Lage
1488 3046 4267 3365 ich bin nämlich sehr arm. — meinen
1467 3351 4161 3614 Beruf in der Medizin suchen soll?
2375 3568 3263 3877 Schnitzler
1460 3821 4235 4116 Lieber Collega, ich muß heute mein
1456 4042 4207 4386 Blatt fertig stellen, und habe un¬
1491 4246 4270 4582 endlich viel zu thun - studiren Sie
