7544 5048
4494 253 7263 557 endlich klar zu machen, daß ich mehr
4527 510 7281 789 bin wie der erste beste Redactrons¬
4502 807 7379 1060 diener - aber mir fällt keine ordent¬
4509 988 7154 1277 liche Chisser ein. Zweitens jedoch
4509 1234 7230 1552 wäre ich zu streng. Im übrigen
4523 1523 7274 1799 habe ich für jeden Fall bereits ein
4531 1770 7295 2063 Concept fertig gestellt. und erwar¬
4509 1947 7274 2294 te nur mehr das Buch, auf welches
4491 2222 7400 2526 es passt. Der Autor ist damit vereichtet.
4665 2406 5008 2620 Reser
6181 2435 6579 2613 viel
4502 2515 7324 2797 Dieser Redacteur ist zu gut. Ich habe
4527 2747 7303 3033 ihn schon manchmal gefragt: Ist das,
4513 2985 7270 3322 neue Buch, welches Ihnen zur Probe
4480 3286 7317 3510 eingesendet war, nicht miserabel?
4466 3488 7342 3753 Ich habe noch keine entschiedene Ant¬
4484 3702 7285 4028 wort erhalten. Ha, diese Kritik!
4513 4010 7317 4288 /:zieht sie aus seiner Rocktasche, liest: 1
4484 4248 7198 4589 " Der Verfasser des Buches, welches
