7688 5704
950 523 2805 812 esund ente schon nedreid egilliwiet geb.
1019 742 2825 974 nehier,edileH neb ne hui, nesdia ellew
940 981 2829 1193 bru gklie neaasftev brur enibes enit mmaß
2027 1104 2810 1371 LENO.I aeb Janrie
1699 1482 2810 1709 anxxalnde xxx am
1075 1687 2798 1889 nemit mede, legaigz meb nov entdat
1169 1853 2786 2080 am 17) xxxschosM eib.bxxxasins xxx
959 2058 2769 2198 -ijat.O drebruwed.nieded Jmmer (rebri
916 2208 2769 2432 bla epöm enidamio.blelE aenbadimt ahen
1089 2396 2786 2598 .st aalew nam, neaae! hemöja JHoin st
1024 2564 2769 2791 anentdeinde.Hollwegab duiw eridatnt.
1031 2757 2788 2945 Hiebel FV menke xxx Jmmod nedsV
952 2894 2762 3087 .Jdolehmede zediioot renkaa me heb.giews
892 3140 2781 3335 daneita mii Jhaia gniziew.dhes eni xxxxxi
1031 3302 2781 3514 us nota me jelnew rmsb.dors febmetled
1000 3454 2762 3692 dota Jajea wirdbak eid.nebni-
1007 3661 2788 3907 nenniged eismoaïT neb[?] mxx ihm
1651 3866 2762 4080 nnenbpeid iis rehnsniedim
1909 4027 2075 4172 os
1424 4225 2772 4430 Famil geb. nz. nejusd. gemeld
964 4398 2769 4596 alndo.regnäggelasq¬.rebaik ohneIelq3
1034 4581 2786 4700 amab Hofe Jadea, da xxx xxx Jhag entd
901 4753 2774 4931 Hof Ibnd.Jaaens saeil bniv Musä enie Tus
892 4914 2781 5073 hinsb.adU eib 'tus miele.annu eis buiw
6912 374 7129 595 33###
5319 513 7153 766 beginnt sie wieder hin und her zu ge-
5324 762 7165 954 hen in stärkerer, nicht zu starker Erre-
5324 935 7264 1166 gung, endlich verlässt sie den Garten. xxx
5391 1101 7167 1338 sich entfernt 21. tritt Fritz herein.
5338 1268 7266 1475 Christinens Zimmer. xxx seinen
5343 1441 7244 1682 Weiring und die Nachbarin sitzen nochst
5341 1632 7225 1815 bei Tisch plaudernd. Mizzi kommt herein.
3454 1783 3945 1916 a ee ee
5355 1853 7177 2015 Weiring erhebt sich, um sie zu begrüs¬
5350 1983 7230 2181 sen. Sie frägt nach Christine. Die Nach¬
5355 2181 7083 2391 barin bewundert Mizzis schönen Hut.
5353 2369 7189 2559 Der alte Weiring macht sich zum Fort-
5362 2564 7112 2726 gehen bereit, nimmt den Violinkasten.
5372 2728 7112 2911 Gerade wie er weggehen will, tritt
5367 2916 7252 3102 Christine ein, etwas verstört. Auf die
5365 3051 7097 3299 Frage Weirings erklärt sie, dass sie
5365 3273 7307 3451 Kopfweh habe. Er küsst sie auf die Stim,
5386 3446 7097 3625 dann geht er mit der Nachbarin weg.
5374 3591 7206 3839 Mizzi und Christina. Mizzi: Was hast du
5391 3813 7240 3993 denn? Christine? Er ist nicht gekommen.
5379 4008 7213 4184 Mizzi: Was liegt dir denn dran? Wer xxx
5384 4152 7240 4384 wird sich denn das so nah gehen lassen,
5386 4319 7230 4543 Christine: Aber ich lieb ihn. Mizzi:
5398 4519 7184 4709 Solche Dinge darf man nicht so ernst
5391 4687 7126 4887 nehmen; sie setzt sich zu ihr hin,
5982 4825 6437 4943 Vermitt
5408 4887 7194 5138 spricht ihr Trost zu. Christine wird
