6568 4168
3714 562 6266 774 ausruhen. Morgen Früh frisch sein. Fritz! Hier ist das
3698 780 6276 950 Glück, hier fühle ich mich wohl,Christine ist’s, die ich
3698 918 6016 1149 liebe. Christina kommt herein, gibt Theodor Feuer.
3714 1104 6093 1310 Theodor: Jetzt ist es Zeit Abschied zu nehmen, komm
3711 1300 6202 1467 Fritz. Fritz reicht Christinen die Hand,Christine be-
3714 1467 6231 1666 sorgt, ja angstvoll, Fritz lächelt. Theodor wendet sich
3708 1669 6260 1839 ab. Fritz und Christina umarmen sich, Fritz und Theodor
3698 1843 6118 1981 gehen. Christina bleibt eine Weile stehen, dann eilt
3714 1977 6189 2154 sie zur Türe hin, ruft Fritz zurück. Er erscheint wie-
3714 2170 6086 2353 der, umarmt sie noch einmal und geht. Sie sieht ihm
3704 2391 3980 2565 nach.
4645 2565 4818 2741 22.
3714 2680 6221 2886 Das Zimmer Fritzens. Er siegelt einen Brief zu, sperrt
3720 2876 6182 3072 die Schreibtischladen ab. Dann geht er im Zimmer hin
3714 3030 6253 3252 und her. Theodor und der Freiwillige kommen herein,be-
3708 3258 5996 3415 grüssen ihn. Theodor: Bist du bereit? Fritz: Ja.
3714 3387 6237 3647 Lengki: Hast du gefruhstückt? Fritz: Das ist nicht nö-
