6520 4104
4175 559 5635 675 Entwurf zu einem Liebelei-Film.
4225 679 5686 751 .................................+.
3763 1187 6151 1319 Tanzschule in der Wiener Vorstadt. Länglicher Saal.
3763 1376 6119 1467 Schmale Fenster mit weis en Spitzenvorhängen.Bänke
3751 1520 6176 1643 länglich, Sessel. Am Klavier der Klavierspieler. Der
3757 1706 6232 1828 Tanzmeister, älterer Herr, lang, kahl, Allerlei Figuren:
3757 1894 6213 1995 Elegants aus der Vorstadt, Hausherrnsöhne, schlichterne
3770 2073 6075 2180 Comptoiristen, Ladennüdchen; ein Bürgermädchen mit
3763 2249 5365 2347 ihrer Mutter: ein älterer Lebenann.
3782 2412 6129 2538 Der Tanzmeister anrangiert eine Quadrille. Während
3763 2598 6254 2698 derselben traten Fritz und Theoder ein. Theodor macht
3763 2783 6179 2884 Fritz, der melancholisch scheint, auf das Heitere des
3776 2956 6179 3063 Treibens aufmerksam. Theodor begrüsst als Bekannter
3776 3176 6182 3248 zwei von den VorstadtlehrfUnglingen, die dadurch ge-
3782 3317 6308 3418 schmeichelt sind. Theodor gewahrt Mizui und Christine,
