6552 4056
5867 324 6053 504 10
3596 516 6178 728 Haustor. Hausmeisterin und Nachbarin schauen ihr nach.
3612 693 6181 943 Fritz sieht auf die Uhr, eilt rasch fort. Hausmeisterin
3634 892 6101 1084 und Nachbarin beginnen zu tratschen. Eventuell kommt
3628 1046 6097 1305 noch eine dritte Person dazu, die von dem vorfall un-
3650 1296 4414 1514 terrichtet wird.
3650 1585 5940 1815 Logs im Theater, Emil und Adele an der Brüstung
3669 1796 6001 1989 von rückwärts zu sehen, schauen auf die Bühne. Sie
3666 1950 6229 2184 applaudieren. Es ist eben ein Akt zu Ende. Emil erhebt
3685 2127 6248 2354 sich. Adele schaut mit Operngucker im Haus herum. Emil
3695 2319 6024 2518 studiert den Theaterzettel. Logentür öffnet sich.
3689 2489 6213 2726 Adele sieht sich erregt um. Es ist aber nur der Kell-
3689 2665 6271 2877 ner mit einem Tablett mit Süssigkeiten etc., der gleich
3705 2835 6184 3028 wieder verschwindet. Adele nimmt aus ihrer Baboniere
3734 3028 6187 3227 ein Bonbon, offeriert auch ihrem Mann, der eines nimmt
3727 3208 6245 3471 und sich mit übertriebener Herzlichkeit bedankt. Dann
3727 3329 6181 3621 liest er wieder den Zettel, schaut aber über ihn weg
