6536 4088
3722 366 6198 628 gung zurück, und geht. Fritz allein, zuerst regungslos,
3735 580 6057 782 dann zum Fenster, mit den glicken Emil folgend, dann
3716 737 6207 965 ins Zimmer zurück, zur Türe, ruft Theodor herein. Theo-
3716 955 6284 1154 dor: Was gibt’s? Fritz! Er weiss alles, Theodor bezwei-
3713 1100 6227 1308 felt es, Fritz nimmt das Briefpaket und zeigt es Theo-
3742 1266 6316 1484 dor. Dieser schüttelt bedenklich den Kopf, Fritz setzt
3758 1430 6201 1703 sich an den Schreibtisch und sperrt das Päckchen in
3767 1642 6291 1847 eine Lade. Theodor tritt zu ihm, legt ihm die Hände auf
3774 1824 6294 2058 die Schulter, redet ihm zu: Es wird alles gut ausgehen.
3771 1965 6166 2193 Fritz ergreift seine beiden Hände! Du bistein guter
3758 2119 6262 2405 Kerl. Aber was machen wir mit den Mädchen drin? Theo-
3780 2312 6336 2575 dor,wegwerfende Bewegung! Das ist ja egal. Fritz bittet
3783 2504 6092 2722 Theodor heute noch die Freunde aufzusuchen, um die
3783 2680 5916 2937 Bedingungen des Duells zu besprechen. Theodor
3796 2876 5617 3078 kannst dich auf mich verlassen, Fritz d
3790 3033 6223 3261 Hand. Dann eilt er zur Türe und ruft die Mädchen he-
3803 3219 5691 3511 rein. Christina fragt ihn besorgt, wer da
