6504 3992
3735 462 6297 659 mit verschiedenen Leuten. Schluss des Walzers. Die bei-
3747 678 6256 895 den Paare Mizzi-Theodor,Christina-Fritz. Unterhaltung.
3747 901 6247 1047 Theodor fordert zu gemeinsamen Weggehen und Soupieren
3747 1076 6237 1213 auf. Christina zögert, Mizzi redet zu, gibt Theodor ei-
3747 1235 6126 1420 nen Wink, er solle mit seinem Freunde vorausgehen.
3750 1420 6285 1611 Die beiden jungen Leute entfernen sich. Nun redet Miz-
3747 1624 6189 1726 zi der zögernden Christina zu. Die Beiden verschwin-
3760 1764 5419 1999 den, während ein neuer Tanz beginnt.
3735 2076 6176 2264 Die Stiege des Vorstadthauses, wo die beiden jungen
3763 2299 6243 2455 Leute auf einem Treppenabsatz die jungen Damen erwar-
3760 2471 6227 2611 ten. Sie erscheinen bald, werden freudig begrüsst und
3760 2652 6211 2792 die Einladung von früher wird dringender wiederholt.
3747 2846 5320 2961 Oder im Haustor,gleiche Handlung.
3760 3139 6135 3321 Spazieren der beiden Paare durch die beleuchteten
3754 3337 6250 3505 Strassen (eventuell Regen). Haltmachen vor einem be-
