6520 4008
3710 527 6177 688 die auf einer der Bänke sitzen und mit denen ein jun-
3704 770 4572 883 ger Mann plaudert.
3704 896 5979 1019 Der Klavierspieler bleibt auch während der Pause
3704 1076 6162 1205 ruhig müde am Klavier sitzen und trinkt zuweilen aus
3710 1294 6228 1391 einem Glas.- Der Tanzmeister kommandiert einen Walzer.
3717 1442 6247 1559 Reginn des Tanzes. Theodor tritt zu Mizzi und begrüsst
3723 1606 6187 1748 sie als Bekannte. Sie stellt ihn ihrer stillen befan-
3717 1805 6162 1928 genen Freundin vor. Mizzi hült sich lächelnd darüber
3723 1997 6133 2079 auf, dass Christine nicht tanzen will. Sie xxx redet
3717 2167 6212 2268 ihr zu, auchrheodor fordert sie dringend auf. Sie gibt
3717 2338 6039 2436 nach, Theodor tanzt mit ihr eine Tour. Fritz stand
3717 2502 6042 2619 ans Klavier geleint, hat zugesehen. Theodor stellt
3723 2691 6152 2798 Christine dem Freunde vor. Sie beginnen zu plaudern,
3717 2881 6152 2985 Theodor fordert die beiden auf doch auch einmal zu-
3723 3054 6083 3155 sammen zu tanzen. Das geschieht. Währenddem dauert
3723 3221 6184 3357 der Tanz der Andern fort. Mizzi tanzt hintereinander
