6600 4168
4631 432 4821 703 19.
3715 693 6221 893 Das Zimmer Christinens. Chrisine vor dem Spiegel, eben
3712 838 6250 1113 ihren Hut aufsetzend, die Nachbarin (Frau Binder) kommt
3722 1032 6266 1232 herein, bewundert Christinens hübsches Kleid. Christine
3706 1184 6302 1425 möge sich ja nicht stören lassen, man weiss ja. Christi-
3722 1396 6247 1558 ne wird ärgerlich. Christinens Vater kommt herein mit
3747 1542 6205 1758 einem Fliederzweig, den er seiner Tochter überreicht.
3751 1751 6218 1954 Christine geht. Die Nachbarin setzt sich mit Weiring
3744 1948 6134 2158 an den Tisch, sie beginnen miteinander zu plaudern.
4699 2132 4876 2264 20.
3754 2274 6179 2519 Klein er Garten an der Linie. Spielende Kinder. Spa-
3770 2435 6292 2654 ziergänger. Christina geht auf und ab, setzt sich dann
3783 2651 6273 2867 auf eine Bank, sieht auf die Uhr, dann beginnt sie wie-
3783 2825 6282 3048 der hin und her zu gehen in immer stärkerer Erregung,
3793 3028 5334 3264 endlich verlässt sie den Garten.
4725 3196 4921 3377 21.
3793 3328 6366 3628 Christinens Zimmer. Weiring und die Nachbarin sitzen
