6600 4168
5932 332 6098 526 32
3717 494 5664 775 beiden Sekundanten, sein Arzt steigen aus.
4663 743 4823 928 27.
3704 873 6161 1112 Die Herren gehen den gleichen Weg. wie vorher Fritz
3720 1093 4800 1329 und seine Sekundanten.
4663 1275 4829 1454 28.
3726 1434 6248 1642 Die Waldeslichtung. Fritz im Gespräch mit den beiden
3739 1584 6283 1782 Sekundanten. Man sieht allmählich Emil mit seinen Zeu-
3717 1795 6117 1967 gen herankomnen. Formelle Begrüssung. Die Schritte
3739 1957 6241 2136 werden ausgemessen. Zwei Pistolenkasten, das Loos ent-
3733 2164 6114 2317 scheidet. Die Pistolen werden herausgenommen,gela-
3733 2349 6295 2540 den, Emil und Fritz nehmen ihre Plätze ein,stehen einan-
3733 2505 6267 2722 der gegenüber. Die Sekundanten entfernen sich, bleiben
3748 2719 6276 2894 aber sichtbar. Auf das Kommando des ältesten Sekundan-
3761 2856 6238 3060 ten heben Fritz und Emil die Pistolen. Beide avancie-
3739 3060 6289 3232 ren je fünf Schritte, feuern zugleich, sind beide unver-
3758 3207 6292 3414 letzt, begeben sich wieder auf ihre Plätze, nochmaliges
3748 3427 6251 3583 Laden, neuerliches Kommando. Emil bleibt stehen,Fritz
