6520 4008
3625 469 6048 675 auf sich gerichtet fühlt. Die Whistpartie köst sich
3622 649 6061 832 auf. Allgemeiner Aufbruch; der Hausherr geleitet die
3625 897 5990 1035 Gäste hinaus. Adele und Fritz zurückbleibend; Umar¬
3622 1067 5968 1196 mung. Wie der Hausherr wieder hereintritt, ist aber
3632 1176 6006 1388 Fritz eben dabei Adelen harmlos die Hand zu küssen.
3622 1369 5968 1591 Er reicht dem Herrn des Hauses die Hand, der wieder
3625 1594 6058 1723 sehr herzlich ist, ihn sogar noch hinausbegleitet. Die
3625 1793 6161 1912 junge Frau bleibt zurück, tritt tiefer ins Zimmer, macht
3632 1893 6080 2111 sich am Tische zu tun. Emil kommt wieder herein. Sie
3609 2057 6026 2259 lächelt ihn an. Er tritt mäher zu ihr, sagt ihr Gute
3625 2259 6113 2423 Nacht, küsst sie auf die Stirn, will zärtlicher werden.
3632 2459 6215 2603 Sie wehrt ab. Sie ist müde. Reicht ihm freundschaftlich
3625 2584 6199 2783 die Hand, streichelt ihm die Wange, nickt ihm zu,verlässt
3638 2777 6080 2979 das Zimmer. Sobald sie fort ist, verändert sich Emils
3625 2973 6039 3149 Antlitz, er nickt! Nun weiss ich, woran ich bin.Keine
3625 3130 4506 3349 drohende Gebärde!)
