6568 4216
3769 585 6213 792 Weiring fragt den Portier weiter,versucht selbst auf
3776 798 6135 999 die Wahrheit zu kommen. Der Portier bestätigt zö-
3756 979 6352 1148 gernd. Ein Wagen fährt vor. Der Portier geht den Schlæg
3769 1138 6232 1299 öffnen. Weiring tritt aus dem Haustor wieder auf die
3769 1306 5576 1539 Strasse,bleibt wie fassungslos stehen.
4710 1500 4884 1658 33.
3769 1671 6232 1872 Das Zimmer Christinens. Christine sitzt wie früher
3772 1823 6232 2059 über ihrer Näharbeit aber ohne die Finger zu rühren.
3776 2049 6332 2221 Die Thre öffnet sich. Mizzi tritt ein. Christine steht
3779 2188 6274 2418 auf, erregt ihr entgegen: Was gibt's? Weisst du etwas?
3782 2366 6158 2586 Wo sind sie? Mizzi zuckt gleichgiltig die Achseln:
3798 2567 6300 2741 Ich weiss nicht. Christine unruhig im Zimmer hin und
3779 2731 6248 2948 her. Mizzi: Ich verstehe dich gar nicht. Was hast du
3788 2896 6119 3113 denn eigentlich? Christine: Ich habe keinen Brief
3801 3087 6145 3281 von ihm. Ich weiss gar nichts, Mizzi! Kümmer dich
3779 3255 6274 3491 nicht drum. Christine: Ich liebe ihn. Mizzi: Beruhigst
3792 3468 6297 3607 dich doch. Christina setzt sich wieder und starrt vor
