6552 4136
3622 546 6100 742 net. Theodor holt aus der Kindenz einen Stoppelzieher,
3628 723 6091 925 öffnet die Flasche, schenkt die vier Gläser ein, indem
3625 928 6091 1092 er, die Weinsorte bezeichnend, von Person zu Person um
3622 1074 6002 1307 den Tisch herum geht. Er setzt sich, klopft an sein
3622 1263 6053 1484 Glas, erhebt sich, beginnt eine Rede zu halten. Fritz
3628 1434 6050 1636 unterbricht ihn, indem er ihm einen auf seiner Gabel
3641 1601 6141 1800 aufgespiessten Bissen in den Mund schiebt. Dann essen
3634 1787 6144 1983 sie alle. Theodor erhebt sich wieder, holt eine zweite
3615 1970 6144 2166 Flasche von der Kredenz; „das ist ein besonders feiner
3634 2144 6037 2333 Wein“,öffnet die Flasche, gleiches spiel wie vorher.
3628 2349 6107 2520 Dann animiert er die Andern zum Aufstehen. Jeder hat
3618 2520 6066 2706 sein Glas in der Hand,Theodor Christine - Fritz und
3634 2687 6122 2858 Mizii trinken Bruderschaft. Nachher der übliche Kuss,
3631 2867 6056 3044 zu dem sich Christine erst nach einigem Zögern ent-
3637 3025 6132 3243 schliesst. Mizzi deutet an, dass ihr sehr heiss gewor-
3641 3217 6062 3426 den ist. Die Kaffeemaschine droht überzugehen. Alle
3641 3369 6182 3603 eilen hin, um die Flamme auszublasen. Sie treten wieder
