6552 4184
6011 425 6193 645 34
3698 645 5011 779 grüssen und entfernen sich.
4637 837 4819 958 29.
3718 977 6106 1124 Der Rückweg dieser drei Herren, ihr Einsteigen ins
3708 1201 4963 1399 Automobil und Davonfahren.
4634 1357 4813 1479 30.
3730 1517 6174 1725 Strasse. Früher Morgen. Leute, die sich zu ihrer Be-
3718 1709 6174 1824 schäftigung begeben. Vor dem Haus, das Fritz bewohnt
3718 1888 6234 2086 hat, Christina kommt. Sie sieht hinauf. Die Jalousien
3718 2050 6193 2185 sind geschlossen. Sie zögert, sie tritt ganz nahe ans
3724 2232 6135 2354 Hustor, als wollte sie hineintreten, dann scheut sie
3718 2434 6084 2542 wieder davor zurück, tritt auf die andere Seite der
3737 2625 5953 2820 Strasse, blickt hinauf und entfernt sich wieder.
4653 2772 4839 2973 31.
3718 2929 6234 3162 Das Zimmer Christinens. Sie kommt eben, legt ab,setzt
3737 3143 6247 3245 sich in den Erker, nimmt eine Näharbeit vor, lässt dann
3724 3280 6295 3548 die Arbeit wieder ruhen, verfällt in trübes Nachsinnen.
