7592 5688
1516 489 1816 672 Ius mihi
667 652 2382 828 Vev brm, xxx xxx Noile nenie
1509 789 2380 1007 w Jnotea Febrii wioa
1437 962 1715 1195 .o vt
667 1310 1430 1554 nommes ai e
676 1521 1648 1739 nt Jdolm aswje aasb,
619 2051 1214 2214 Das Nürnberg gehört,
607 2226 1271 2425 re me xxx
595 2747 1183 2948 are the a ach.
648 2948 1183 3133 (Monsieur M. D.
691 3118 1075 3320 o   y
595 3848 780 4016 No:
5227 578 7028 782 entlang bis zu einer Ecke, wo, schon in
5229 741 6901 969 der anderen Strasse, ein Auto steht.
5224 909 6952 1159 Er steigt in das Auto, das aber nicht
5227 1091 7028 1305 wegfährt. Fritz kommt aus seinem Haus-
5256 1269 7107 1506 tor, bleibt eine Weile stehen, sieht sich
5244 1458 6887 1677 nach allen Seiten um, dann zündet er
5244 1614 6916 1833 sich eine Zigarette an, und spaziert
5244 1830 7024 2029 langsam weiter. Er wirft scheinbar un-
5263 1993 6944 2204 befangen einen Blick in das Haustor,
5256 2173 6992 2384 in dem er früher Emil zu bemerken ge-
5244 2344 7064 2567 glaubt hat. Er geht weiter,blickt auch
5253 2526 7088 2742 in das nächste Haustor,geht auf die an-
5260 2699 7038 2914 dere Seite der Strasse, dann wieder zu-
5256 2869 7016 3102 rück, schüttelt den Kopf; er hat sich
5265 3058 6940 3265 doch offenbar geirrt ;wieder in sein
5268 3253 5887 3471 Haus zurück.
5958 3389 6270 3637 17 d.
5280 3627 6071 3855 Fritzens Zimmer.
5275 3788 7062 3994 Adele zuerst regungslos, dann schleicht
5287 3968 7048 4164 sie zum Fenster hin, blickt vorsichtig
5280 4145 7091 4344 hinab,wieder zurück ins Zimmer, hin und
5280 4320 7153 4519 her, wieder zum Fenster, immer vorsichtig
5287 4483 7040 4721 damit sie unten nicht gesehen werden
5280 4678 7208 4886 kann. Fritz kommt zurück, heiter, lächelnd,
5280 4850 7103 5095 es ist niemand unten, es war Täuschung.
