6552 4152
5754 323 5910 502 40
3645 463 6204 665 erfahren, drückt sie den Wunsch aus die Leiche des
3651 636 6090 857 Geliebten noch einmal zu sehen. Man versucht sie
3645 776 6057 939 zurückzuhalten, vergeblich, sie stürzt davon, die
3645 971 6220 1095 Andern,Theodor und Mizzi, nach einer kurzen starren
3645 1079 6214 1255 Pause ihr nach. Nur Weiring bleibt zurück, die Bei
3645 1255 6112 1438 ne versagen ihm,er sinkt zusammen (eventuell auf
3661 1428 4313 1623 einem Stuhl.)
4750 1558 4936 1718 34.
3654 1695 6139 1920 Christine die Treppen hinab, die Strassen durch¬
3667 1884 6201 2021 eilend, man sieht ihr nach, sie kommt vor das Haus,
3667 1998 6122 2223 wo schon der Leichenwagen steht; hinauf über die
3667 2217 4049 2364 Stiege.
4763 2321 4936 2474 35.
3671 2494 6298 2667 Das Zimmer,in dem Fritz aufgebahrt ist; Trauergäste
3674 2631 6041 2836 Christine stürzt herein, drängt sich durch und
3674 2781 5043 2970 sinkt an der Bahre nieder.
3664 2901 6054 3094 Als Variante,die vielleicht vorzuziehen wäre:
3664 3045 6187 3224 Der Leichenwagen setzt sich eben in Bewegung,als
2989 3107 3175 3244 entre le
3690 3244 6073 3443 Christine vor dem Hause erscheint. Christinens
3694 3345 6142 3589 Verzweiflung.Sie stürzt sich den Pferden entge-
