6584 4152
3673 507 6248 744 noch bei Tisch p laudernd. Mizzi kommt herein. Weiring
3682 735 6235 972 erhebt sich, um sie zu begrüssen. Sie flägt nach Chris-
3685 949 6011 1145 tine. Die Nachbarin bewundert Mizzis schönen Hut.
3689 1100 5988 1331 Der alte Weiring macht sich zu Fortgehen bereit,
3676 1299 6142 1472 nimmt den Violinkasten. Gerade wie er weggeen will,
3698 1437 6235 1658 tritt Christine ein, etwas verstört. Auf die Frage Wei-
3682 1665 6207 1838 rings erklärt sie, dass sie Kopfweh habe. Er küsst sie
3692 1841 6024 2011 auf die Stirn, dann geht er mit der Nachbarin weg.
3685 2005 6239 2155 Mizai und Christine. Mizzi: Was hast du denn? Christi-
3685 2152 6181 2316 ne: Er ist nicht gekommen. Mizzi: Was liegt dir denn
3717 2341 6046 2534 dran. Wer wird sich denn das so nah gehen lassen.
3698 2521 6229 2688 Chrtsins: Aber ich lieb ihn. Mizzi: Solche Dinge darf
3689 2675 6190 2877 man nicht so ernst nehmen, Sie setzt sich zu ihr hin
3717 2874 6197 3066 spricht ihr Trost zu. Christine wird nur immer erreg-
3711 3076 6158 3233 ter, steht end ich auf, will lieber allein sein. Mizzi
3698 3230 6158 3464 zuckt die Achseln: Wie du willst. Eh sie sich noch
3708 3410 6226 3583 entfernt hat tritt Fritz herein. Christine stürzt ihm
