6536 4104
5919 412 6082 581 14
3662 600 6200 856 Christine merkt zuerst nichts von dem Verschwinden der
3681 773 6158 974 Andern. Endlich wird sie darauf aufmerksam, lässt sich
3662 983 6232 1191 aber bald beruhigen. Es wird dunkler, Fritz zärtlicher.
3675 1175 6133 1379 Er zieht Christina immer näher an sich heran, endlich
3675 1334 5580 1552 kiisst er sie und sie lässt es geschehen.
4610 1542 4786 1666 17.
3675 1689 6165 1877 Fritzens Zimmer. Elegantes Junggesellenzimmer. Fritz
3675 1890 6098 2053 an den Schreibtisch gelehnt eine Zigaretto rauchend,
3681 2040 6146 2225 dann hin und hergehend. Aus der Türe links tritt Ade¬
3675 2235 6219 2362 le ganz angekleidet, doch deutet sie auf den Halskragen
3675 2439 6005 2567 Fritz möge ihr die Haken zuschliessen. Er tut es.
3675 2567 6136 2768 Sie wendet sich dann nach ihm um. Umarmung. Nun muss
3691 2758 6158 2943 sie gehen. Er will sie zurückhalten. Sie setzen sich
3694 2956 6232 3135 für ein paar Sekunden auf das Sophia. Endlich steht sie
3687 3103 6225 3291 wieder auf. Sie eilt rasch ins Nebenzimmer. Fritz geht
3691 3301 6066 3515 zum Fenet er, schaut hinab und zuokt zusammen. Adele
