6504 4008
3592 564 6086 802 An der Bühnentüre eines Vorstatdttheaters. Theater-
3595 799 6071 992 arbeiter, Schauspieler und Schauspielerinnen, die sich
3601 938 5918 1148 in das Theater begeben. Vorbeifahrende Wagen. Man
3604 1144 5998 1319 sieht eventuell auch den Haupteingang des Theaters,
3607 1325 6150 1503 mit entsprechender Bewegung. Christine kommt mit ihrem
3607 1522 6112 1683 Vater, eingehängt, in herzlichem Gespräch. Er thägt den
3626 1680 6083 1820 Violinkasten in der Hand. (Graues,mässig langes Haar,
3601 1851 5994 2029 glattrasiert, breitkrämpiger Hut). Am Bühneneingang
3626 2029 6175 2229 bleiben die Beiden stehen, er sieht auf die Uhr, bemerkt,
3620 2225 6134 2431 dass es schon spät ist, nimmt Abschied von seiner Toch
3626 2416 6074 2587 ter, küsst sie auf die Stirn, begibt sich ins Theater.
3639 2577 6036 2761 Christina geht. Nach wenigen Schritten begegnet sie
3620 2739 6029 2920 Fritz, der einen Operngucker trägt. Er will schon an
3636 2942 6064 3167 ihr vorüber, erkennt sie plötzlich, gibt ihr die Hand,
3633 3141 6074 3300 sie plaudern, lächeln, endlich weist sie auf das Thea-
3649 3249 6096 3474 ter, macht ihn darauf aufmerksam, dass es Zeit ist. Er
