6520 4072
5926 313 6086 540 11
3672 476 6239 767 in den Zuschauerraum. Wieder öffnet sich die Logentüre.
3679 713 6143 892 Fritz tritt ein. Emil schüttelt ihm freundschaftlich
3688 882 6210 1058 die Hand, Fritz küsst Adelens Hand, Edele wundert sich,
3695 1080 6137 1266 dass er so spät kommt. Emil zwinkert: Wir können uns
3701 1208 6143 1438 ja denken. Auch Adele droht ihm scherzhaft. Nun hebt
3701 1451 6041 1611 sich wieder der Vorhang. Emil setzt sich vorn hin,
3695 1620 6111 1825 schaut angestrengt auf die Bühne. Adele nimmt auch
3727 1799 6172 1982 den Operngucker, Fritz setzt sich auf das Bankerl hin-
3720 1972 6140 2141 ter Adele. Sie wendet sich nach ihm. Ihre Augen glü-
3720 2119 6239 2346 hen ineinander. Sie deutet ihm mit einem Blick auf ih-
5756 2237 6044 2356 vene
3727 2340 6210 2490 ren Mann an, er solle nur vorsichtig sein. Dieser aber
3720 2429 6261 2656 scheint ausschliesslich mit den Vorgängen auf der Büh-
3727 2643 6143 2867 ne beschäftigt. Fritz beugt sich zu Adelens Nacken
3730 2832 6185 3020 herab, und küsst ihn. Sie zuckt zusammen, so dass Emil
3733 3014 6073 3199 aufmerksam wird,und sie fragt, was ihr denn fehle.
3730 3142 6281 3394 Sie schüttelt den Kopf und alle schauen wieder auf die
