4424 5336
1760 454 2776 670 Titelliste.
1296 580 1701 824 Monsieur, que
1886 648 2268 824 Durchl.
1850 801 2070 891 G.C.H.F.P.
1408 788 1755 904 G.C.F.P.
428 806 3748 1197 1) "Ich verlasse mich ganz auf Deinen Geschmack. Das Geschäft wartet!"
436 1022 2106 1228 2) "Ich werde es selbst probieren!"
441 1296 2853 1454 3) "Also, deswegen versäumst Du Deine Vorlesungen!"
1922 1426 2142 1530 ---- —
454 1449 3946 1688 4) "Komm, sei vernünftig, wir holen jetzt Mizi ab und gehen Abends in den
630 1674 1318 1786 Urbani-Keller.
446 1786 3668 2025 5) "Das ist aber nett, dass Sie sich endlich einmal blicken lassen!"
459 2043 3681 2322 6) "Mache doch ein anderes Gesicht!" Reinsolches Gericht, Tutz! -
464 2322 1845 2493 7) "Natürlich wieder zu ihr!"
904 2466 1152 2529 -- —
477 2529 2979 2808 8) "Heute wird es der gnädige Herr schön warm haben!"
490 2822 1188 2956 9) "Den Frack!"
436 3020 2506 3159 1 0) „Es ist doch eigentlich sehr nett hier!
482 3240 2516 3393 11) "Es ist kühl, bringen Sie mir den Pelz!"
1310 3388 1557 3460 -- — —
490 3438 3987 3668 12)“Aber ich bitte Sie, gnädige Frau, (es ist kein Wunder, bei dieser Engel
994 3632 1206 3690 --  — —
648 3622 900 3717 È----
495 3627 4113 3852 13) "Ich habe gestern den Fritz Lobheimer mit einer feschen Frau gesehen, die
684 3798 2776 4023 hält ihm gewiss interessantere Vorlesungen!"
3321 3762 4005 4000 falls ave
1125 3928 1300 4000 -- 5.
508 3974 4113 4234 14) "Ich habe die Karte noch nicht gelesen, bitte (sei so gut und) sich nach!“
518 4190 3987 4455 15) "Fritz Lobheimer, dankt für die gestrige, liebenswürdige Unterhaltung!“
3442 4311 4077 4473 nur da nach
513 4428 3078 4738 16) "Woher kennt Herr Lobheimer Deine Lieblingsblumen?"
2763 4522 3604 4784 Hart dir nicht
518 4698 2524 4914 17)” Kennst Du nicht ein hübsches Mädchen?“
2776 4743 3519 4892 eine Mölsche #
3852 4676 4167 5000 be
