6536 4088
3621 596 6107 776 Kurzes Gespräch. Theodor winkt einem Fiaker, er fährt
3637 780 6227 999 vor, die Gesellschaft steigt ein, der Wagen fährt davon.
4577 976 4758 1089 14.
3634 1079 6175 1337 Fahrt des Wagens durch Vorstadtstrassen aufs Land hi-
3646 1327 4635 1533 naus, durch den Wald.
4577 1508 4755 1653 15.
3646 1633 6172 1852 Gartenrestaurant im Wald. Weidling am Bach. Christine,
3663 1884 5331 2023 Mizzi, Theodor und Fritz beim Essen.
4597 1984 4777 2149 16.
3656 2107 6162 2332 Wiese, Wald. Spaziergänger, die über die Wiese kommen.
3669 2361 6204 2525 Ausflügler, entsprechend adjustiert, Christina und Miz-
3669 2529 6107 2693 zi auf der Wiese hingestreckt. Fritz und Theodor an
3688 2693 6211 2867 ihrer Seite. Theodor Mizzi gegenüber sehr intim, Chris-
3682 2864 6227 3086 tine noch immer zurückhaltend, doch sie überlässt Fritz
3698 3070 6246 3257 ihre Hand, die er küsst. Theodor und Mizzi stehlen sich
3695 3244 6024 3450 davon, Fritz und Christine bleiben allein zurück.
