6472 4072
388 2140 596 2249 G.C.F.P.
1163 2143 1346 2352 G.F.P.
849 2233 1096 2355 G.H.F.P.
227 2422 596 2656 G.C.H.F.P
3614 545 6116 730 Fritz nimmt sie scherzend ein Minn! Man darf nicht so
3627 695 6068 919 neugierig sein. Mizzi! Lass ihn doch. Er macht sich
3643 852 6126 1051 eh nur wichtig. Fritz setzt sich ans Klavier, Christi-
3627 1019 5956 1246 ne zu ihm. Mizzi legt sich auf den Divan. Theodor
3643 1243 6116 1445 holt sich eine Sigarre von der Kredenz, zündet sie an
3655 1410 6190 1592 und raucht. Christina legt ihren Kopf auf den Klavier-
3643 1541 6193 1781 deckel. Fritz streichelt ihr Haar. Theodor winkt Priz
3646 1804 6167 1974 herbei, der steht auf. Theodor rät ihm die Mädchen weg-
3646 1919 6036 2127 zuschicken und sich schlafen zu legen. Sie trinken
3652 2089 6180 2320 Kaffee. Mizzi, die fast eingeschlafen ist, will auch ei-
3643 2310 5988 2483 ne Tasse Kaffee. Fritz bringt ihr eine Tasse hin.
3671 2412 6142 2633 Theodor: Es ist Zeit fortzugehen. Er geht hinaus, und
3678 2624 6007 2842 kommt im Ueberzieher und mit Hut zurück. Ihr eine
3678 2781 6193 3005 Christina steht auf. Mizzi schlägt den Rest der Torte
3659 2973 6074 3207 in ein Papier,Christine nimmt von Fritz zärtlichen
3662 3194 6244 3441 Abschied. Mizzi löscht die einzelnen Lichter aus, lässt
