6520 4024
3671 508 6261 743 wehrt ab, findet das Wetter so schön, schlägt ihr vor ein
3678 692 4968 917 bischen spazieren zu gehen.
3684 1042 6136 1236 Eventuell Spaziergang durch die Strassen, durch einen
3694 1226 6078 1425 Park, an der Linie, mit kleinbürgerlichen Publikum.
3668 1393 6213 1564 Fritz und Christine sitzen eine Weile zusammen auf ei-
3681 1551 5869 1766 ner Bank, dann stehen sie auf und gehen weiter.
3697 1895 6100 2130 Vor dem Tor des Hauses, in dem Christine wohnt. Die
3700 2085 6129 2214 Hausmeisterin im Gespräch mit einer Nachbarin; Leute,
3700 2288 6184 2452 die aus dem Haus kommen oder in das Haus hineingehen.
3707 2442 6136 2580 Fritz undeteistine kommen. Cnristine! Hier bin ich
3697 2625 6071 2793 zuhause. Hausmeisterin und Nachbarin machen grosse
3707 2780 6104 3024 Augen. Sie begrüssen Christine vertraulich nickend.
3710 2973 6200 3189 Sie dankt verlegen. Sie bleibt nur eine kleine Weile
3697 3150 6210 3382 mit Fritz stehen, reicht ihm dann die Hand, die er küs-
3726 3337 6052 3456 sen will, was sie nicht zulässt. Dann geht sie ins
