6504 4136
3640 497 6005 714 Theodor verweist es ihr. Fritz kommt wieder herein,
3633 657 6125 874 entschuldigt sich, er muss jemanden empfangen,geleitet
3633 881 6139 1054 die beiden Mädchen ins Nebenzimmer. Theodor bleibt an
3633 1058 6122 1224 der Türe stehen, fragt Fritz, wer ist es? Fritz: Er.
3623 1251 6099 1388 Theodor erschrickt einen Augenblick, dann mahnt er zu
3633 1411 6069 1585 Vorsicht, und begibt sich ins Nebenzimmer zu den Mäd-
3657 1595 6042 1762 chen. Fritz einen Moment allein, düster, dann gibt er
3640 1785 5962 1925 sich einen Ruck, geht hinaus, kommt sofort mit Emil
3633 1955 5989 2102 herein. Emil im Ueberzieher, Hut in der Hand. Emil!
3633 2119 6072 2309 Ich bedauere Sie zu stören. Fritz: O, durchaus nicht.
3653 2319 6092 2442 Emil: Ich sehe, dass ich Sie gestört habe. (er deutet
3653 2475 6189 2629 auf die Damenhüte etc.) Friz lächelt, bietet Emil einen
3653 2666 6139 2816 Sessel an. Emil setzt sich. Gleich nach ihm Fritz ihm
3640 2809 6182 2989 gegentüber. Kurzes Schweigen. Fritz: Was verschafft mir
3657 3033 6199 3156 das Vergnügen? Emil nimmt aus seiner Ueberziehertasche
3663 3159 6199 3350 einen zerknitterten Brief, reicht ihn Fritz, Ist dieser
3640 3353 6319 3536 Brief hicht von Ihnen? Fritz nimmt ihn in die Hand, schüt-
