6552 4104
3594 458 5897 683 kommt mit Hut und Jacke herein und will gehen. Er
3603 667 6145 845 hält sie zurück. Sie merkt, dass etwas nicht in Ordnung
3603 817 6053 1064 ist. Er drückt sie auf einen Sessel nieder, geht wie-
3600 1030 6148 1261 der zum Fenster, scheint jetzt nichts zu sehen, streicht
3610 1188 6114 1401 sich über die Stirne. Adele begreift: Du glaubst, dass
3616 1373 6066 1547 er uns auslauert? Entsetzlich! Fritz versucht sie zu
3610 1579 6015 1751 beruhigen. Sie geht erregt im Zimmer auf und ab. Er
3603 1738 6082 1932 bittet sie zu warten, geht rasch ins Vorzimmer, kommt
3613 1897 6168 2116 mit Ueberzieher und Hu t zurück. Er wird hinuntergehen
3606 2078 5951 2278 nachsehen. Aber sie soll indessen ganz still hier
3619 2301 4356 2450 sitzen bleiben.
3626 2412 6107 2574 Fritz verlässt das Zimmer, Adele bleibt allein zurück,
3619 2580 6120 2799 zuerst regungslos, dann schleicht sie zum Fenster hin,
3629 2723 6104 2955 blickt vorsichtig hinab,wieder zurück ins Zimmer, hin
3638 2952 6136 3117 und her,wieder zum Fenster, immer vorsichtig, damit sie
3648 3117 6098 3330 unten nicht gesehen werden kann. Pritz kommt zurück,
3638 3305 6174 3498 heiter, lächelnd, es ist niemand unten, es war Täuschung
