6568 4184
3737 486 6115 665 Weiring tritt herein, von ihr anfangs nicht bemerkt,
3737 724 6099 871 betrachtet sie kopfschüttelnd, dann tritt er zu ihr
3737 887 6236 1034 hin, begrüsst sie, küsste sie auf die stirn: Was ist /dir
3737 1083 6066 1203 denn, mein Kind? Christine: Nichts, nichts. Weiring
3741 1226 6291 1386 dringt in sie, Du kannst mir's schon sagen, ich weiss
3747 1455 6209 1572 ja manches! Sie küsst ihm die Hand und lächelt müde.
3741 1611 6330 1735 Er erhebt sich wieder, sieht auf die Uhr. Es ist höchste
3741 1800 6216 1911 Zeit in die Probe zu gehen. Bleib du nur sitzen, mein
3741 1989 6040 2094 Kind. Christine nimmt wieder ihre Mäharbeit zur
3760 2133 6252 2280 Hand. Weiring an der Tür, von ihr unbemerkt, blickt sie
3741 2329 6219 2459 pektümmert an, schüttelt den Kopf. Er sinnt nach, kommt
3754 2488 6376 2651 auf einen Einfall, der ihm hoffnungsvoll zubsein scheint,
3754 2684 4908 2824 und verlässt das Zimmer.
4690 2863 4853 2991 32.
3741 2906 6262 3147 Vor dem Haus, das Fritz bewohnt hat. Entsprechende Be-
3747 3193 6239 3317 wegung auf der Strasse. Bald kommt Weiring, so wie er
3760 3369 6353 3522 vom Haus weggegangen! Geigenkasten u.s.w. Er betrachtet
