<?xml version="1.0" encoding="UTF-8" standalone="yes"?>
<PcGts xmlns="http://schema.primaresearch.org/PAGE/gts/pagecontent/2013-07-15" xmlns:xsi="http://www.w3.org/2001/XMLSchema-instance" xsi:schemaLocation="http://schema.primaresearch.org/PAGE/gts/pagecontent/2013-07-15 http://schema.primaresearch.org/PAGE/gts/pagecontent/2013-07-15/pagecontent.xsd">
    <Metadata>
        <Creator>prov=READ-COOP:name=TrHtr:version=2.1.0:model_id=51170:date=28_07_2023_08:36</Creator>
        <Created>2023-05-10T11:20:13.078+02:00</Created>
        <LastChange>2023-07-28T08:36:37.827+02:00</LastChange>
        <TranskribusMetadata docId="1428144" pageId="55385750" pageNr="7" tsid="131326309" status="IN_PROGRESS" userId="64420" imgUrl="https://files.transkribus.eu/Get?id=SGBSPUJOLHOAISOKJFHXJFRO&amp;fileType=view" xmlUrl="https://files.transkribus.eu/Get?id=OOKQTWVDAJBQQZAECKKGCSUZ" imageId="44660649"/>
    </Metadata>
    <Page imageFilename="1428144_0007.jpg" imageWidth="6504" imageHeight="4024">
        <ReadingOrder>
            <OrderedGroup id="ro_1711822095449" caption="Regions reading order">
                <RegionRefIndexed index="0" regionRef="tr_1"/>
            </OrderedGroup>
        </ReadingOrder>
        <TextRegion id="tr_1" custom="readingOrder {index:0;}">
            <Coords points="3618,541 6370,541 6370,3520 3618,3520"/>
            <TextLine id="tr_1_tl_1" custom="readingOrder {index:0;}">
                <Coords points="3609,709 5897,682 6055,648 6061,494 3612,581"/>
                <Baseline points="3629,668 3647,662 3737,662 3826,662 3916,656 4006,656 4095,656 4185,656 4274,650 4364,644 4453,644 4543,638 4632,638 4722,632 4812,632 4901,626 4991,626 5080,626 5170,626 5259,626 5349,620 5438,614 5528,614 5618,608 5707,608 5797,603 5886,603 5976,597 6065,591"/>
                <TextEquiv>
                    <Unicode>kundigt sich nach seinem Befinden,legt freundschaft-</Unicode>
                </TextEquiv>
            </TextLine>
            <TextLine id="tr_1_tl_2" custom="readingOrder {index:1;}">
                <Coords points="3599,900 5887,843 5893,692 3602,722"/>
                <Baseline points="3618,847 3659,847 3749,847 3838,841 3928,835 4018,835 4107,835 4197,835 4286,829 4376,823 4465,823 4555,817 4644,817 4734,811 4824,811 4913,805 5003,805 5092,800 5182,800 5271,800 5361,800 5450,800 5540,794 5630,788 5719,788 5809,782 5898,782"/>
                <TextEquiv>
                    <Unicode>lich die Hand auf seine Schulter. Fritz begrüsst</Unicode>
                </TextEquiv>
            </TextLine>
            <TextLine id="tr_1_tl_3" custom="readingOrder {index:2;}">
                <Coords points="3595,1089 5040,988 5547,1062 6024,1015 6028,904 3602,900"/>
                <Baseline points="3618,1020 3707,1020 3797,1014 3886,1014 3976,1014 4065,1014 4155,1008 4244,1003 4334,1003 4424,997 4513,997 4603,997 4692,991 4782,985 4871,985 4961,985 5050,985 5140,979 5230,973 5319,973 5409,973 5498,967 5588,967 5677,967 5767,961 5856,961 5946,955 6036,955"/>
                <TextEquiv>
                    <Unicode>flüchtig die andern Gäste. Bleibt eine Weile an dem</Unicode>
                </TextEquiv>
            </TextLine>
            <TextLine id="tr_1_tl_4" custom="readingOrder {index:3;}">
                <Coords points="3619,1243 5930,1186 5934,1099 4808,1052 4640,1136 4375,1068 3622,1122"/>
                <Baseline points="3641,1188 3701,1194 3791,1200 3880,1194 3970,1188 4059,1188 4149,1188 4238,1182 4328,1182 4418,1182 4507,1176 4597,1176 4686,1176 4776,1170 4865,1170 4955,1164 5044,1158 5134,1158 5224,1152 5313,1152 5403,1152 5492,1146 5582,1146 5671,1140 5761,1140 5850,1140 5940,1140"/>
                <TextEquiv>
                    <Unicode>Whisttisch stehen, als interessiere ihn das Spiel.</Unicode>
                </TextEquiv>
            </TextLine>
            <TextLine id="tr_1_tl_5" custom="readingOrder {index:4;}">
                <Coords points="3629,1384 6095,1388 6102,1213 3632,1287"/>
                <Baseline points="3647,1373 3689,1373 3779,1373 3868,1367 3958,1367 4047,1361 4137,1361 4226,1355 4316,1355 4406,1349 4495,1349 4585,1349 4674,1343 4764,1343 4853,1343 4943,1337 5032,1331 5122,1331 5212,1325 5301,1325 5391,1325 5480,1325 5570,1319 5659,1319 5749,1319 5838,1313 5928,1313 6018,1307 6107,1301"/>
                <TextEquiv>
                    <Unicode>Der eine Herr, der bei Adele sass, empfiehlt sich, Bewe-</Unicode>
                </TextEquiv>
            </TextLine>
            <TextLine id="tr_1_tl_6" custom="readingOrder {index:5;}">
                <Coords points="3625,1609 5967,1536 6065,1421 3632,1475"/>
                <Baseline points="3647,1570 3653,1564 3743,1558 3832,1552 3922,1552 4012,1546 4101,1540 4191,1540 4280,1534 4370,1534 4459,1534 4549,1528 4638,1522 4728,1522 4818,1522 4907,1522 4997,1516 5086,1516 5176,1510 5265,1510 5355,1504 5444,1504 5534,1504 5624,1504 5713,1498 5803,1498 5892,1492 5982,1486 6071,1480"/>
                <TextEquiv>
                    <Unicode>gung in der Gesellschaft, Auflösung der Gruppen. Ade-</Unicode>
                </TextEquiv>
            </TextLine>
            <TextLine id="tr_1_tl_7" custom="readingOrder {index:6;}">
                <Coords points="3636,1734 4556,1798 4785,1707 6045,1717 6048,1589 3639,1670"/>
                <Baseline points="3653,1731 3725,1725 3815,1725 3904,1725 3994,1719 4083,1719 4173,1713 4262,1707 4352,1707 4441,1707 4531,1701 4621,1701 4710,1695 4800,1695 4889,1689 4979,1689 5068,1683 5158,1683 5247,1683 5337,1677 5427,1677 5516,1671 5606,1671 5695,1671 5785,1671 5874,1665 5964,1659 6053,1665"/>
                <TextEquiv>
                    <Unicode>le tritt zu Fritz, sie setzen sich zusammen an einen</Unicode>
                </TextEquiv>
            </TextLine>
            <TextLine id="tr_1_tl_8" custom="readingOrder {index:7;}">
                <Coords points="3629,1929 6132,1915 6135,1781 3908,1784 3629,1868"/>
                <Baseline points="3647,1910 3725,1904 3815,1904 3904,1898 3994,1898 4083,1892 4173,1892 4262,1886 4352,1886 4441,1886 4531,1886 4621,1880 4710,1880 4800,1874 4889,1874 4979,1874 5068,1868 5158,1868 5247,1862 5337,1862 5427,1856 5516,1856 5606,1856 5695,1856 5785,1850 5874,1844 5964,1844 6053,1838 6143,1838"/>
                <TextEquiv>
                    <Unicode>im Vordergrunde befindlichen kleinen Tisch. Harmloses</Unicode>
                </TextEquiv>
            </TextLine>
            <TextLine id="tr_1_tl_9" custom="readingOrder {index:8;}">
                <Coords points="3632,2113 6145,2060 6199,1919 3636,2026"/>
                <Baseline points="3653,2077 3695,2077 3785,2077 3874,2077 3964,2071 4053,2071 4143,2071 4232,2065 4322,2059 4412,2059 4501,2059 4591,2059 4680,2053 4770,2053 4859,2047 4949,2041 5038,2041 5128,2041 5218,2035 5307,2035 5397,2029 5486,2029 5576,2023 5665,2023 5755,2023 5844,2017 5934,2017 6024,2011 6113,2011 6203,2011"/>
                <TextEquiv>
                    <Unicode>Gespräch. Sie fühlen sich beobachtet. Der Herr des Hau¬</Unicode>
                </TextEquiv>
            </TextLine>
            <TextLine id="tr_1_tl_10" custom="readingOrder {index:9;}">
                <Coords points="3652,2288 5917,2261 6115,2211 6119,2120 4573,2120 4146,2208 3656,2130"/>
                <Baseline points="3671,2262 3707,2256 3797,2256 3886,2256 3976,2250 4065,2250 4155,2250 4244,2244 4334,2244 4424,2238 4513,2238 4603,2232 4692,2232 4782,2232 4871,2226 4961,2226 5050,2220 5140,2220 5230,2220 5319,2214 5409,2209 5498,2209 5588,2209 5677,2203 5767,2203 5856,2203 5946,2197 6036,2197 6125,2197"/>
                <TextEquiv>
                    <Unicode>ses zeigt dem Offizier und Andern neue Bilder, die an</Unicode>
                </TextEquiv>
            </TextLine>
            <TextLine id="tr_1_tl_11" custom="readingOrder {index:10;}">
                <Coords points="3659,2453 6176,2416 6219,2318 3659,2396"/>
                <Baseline points="3677,2435 3719,2435 3809,2429 3898,2429 3988,2429 4077,2429 4167,2429 4256,2423 4346,2423 4435,2423 4525,2417 4615,2412 4704,2412 4794,2412 4883,2406 4973,2406 5062,2400 5152,2394 5241,2394 5331,2394 5421,2394 5510,2388 5600,2382 5689,2382 5779,2382 5868,2376 5958,2376 6047,2370 6137,2370 6227,2364"/>
                <TextEquiv>
                    <Unicode>der Wand hängen. Er geht dann mit ihm in das benachbar-</Unicode>
                </TextEquiv>
            </TextLine>
            <TextLine id="tr_1_tl_12" custom="readingOrder {index:11;}">
                <Coords points="3662,2668 5994,2614 6142,2594 6145,2486 4633,2449 4133,2574 3669,2507"/>
                <Baseline points="3683,2615 3737,2615 3826,2609 3916,2609 4006,2603 4095,2603 4185,2603 4274,2597 4364,2591 4453,2591 4543,2591 4632,2585 4722,2579 4812,2579 4901,2579 4991,2573 5080,2567 5170,2567 5259,2567 5349,2561 5438,2561 5528,2555 5618,2555 5707,2555 5797,2549 5886,2549 5976,2543 6065,2537 6155,2531"/>
                <TextEquiv>
                    <Unicode>te Zimmer. Fritz und Adelo, jetzt unbemerkt, reden leb-</Unicode>
                </TextEquiv>
            </TextLine>
            <TextLine id="tr_1_tl_13" custom="readingOrder {index:12;}">
                <Coords points="3649,2816 5662,2742 6196,2809 6199,2654 5853,2577 5188,2688 3656,2681"/>
                <Baseline points="3671,2794 3695,2788 3785,2788 3874,2782 3964,2782 4053,2782 4143,2776 4232,2776 4322,2776 4412,2770 4501,2770 4591,2764 4680,2764 4770,2758 4859,2758 4949,2758 5038,2752 5128,2746 5218,2746 5307,2740 5397,2740 5486,2734 5576,2734 5665,2728 5755,2728 5844,2728 5934,2728 6024,2728 6113,2722 6203,2728"/>
                <TextEquiv>
                    <Unicode>hafter, er nimmt ihre Hand, küsst sie. Sie beruhigt ihn,</Unicode>
                </TextEquiv>
            </TextLine>
            <TextLine id="tr_1_tl_14" custom="readingOrder {index:13;}">
                <Coords points="3666,2994 6122,2947 6364,2832 4257,2809 3669,2923"/>
                <Baseline points="3683,2967 3773,2967 3862,2961 3952,2961 4041,2961 4131,2955 4221,2955 4310,2955 4400,2949 4489,2949 4579,2943 4668,2943 4758,2937 4847,2937 4937,2931 5027,2931 5116,2925 5206,2925 5295,2919 5385,2919 5474,2919 5564,2913 5653,2913 5743,2907 5833,2907 5922,2907 6012,2901 6101,2901 6191,2895 6280,2889 6370,2895"/>
                <TextEquiv>
                    <Unicode>dass sie ihn noch immer liebe, dass ihr alle Andern gleich</Unicode>
                </TextEquiv>
            </TextLine>
            <TextLine id="tr_1_tl_15" custom="readingOrder {index:14;}">
                <Coords points="3676,3209 5951,3128 6145,3105 6149,2997 3679,3027"/>
                <Baseline points="3695,3164 3731,3152 3821,3146 3910,3146 4000,3140 4089,3140 4179,3134 4268,3134 4358,3134 4447,3128 4537,3128 4627,3116 4716,3116 4806,3116 4895,3110 4985,3110 5074,3110 5164,3104 5253,3098 5343,3098 5432,3098 5522,3092 5612,3092 5701,3086 5791,3086 5880,3080 5970,3080 6059,3074 6149,3074"/>
                <TextEquiv>
                    <Unicode>gültig sind. Bald kommt Emil mit dem Offizier wieder</Unicode>
                </TextEquiv>
            </TextLine>
            <TextLine id="tr_1_tl_16" custom="readingOrder {index:15;}">
                <Coords points="3666,3350 5759,3333 6125,3286 6129,3168 3672,3212"/>
                <Baseline points="3689,3325 3719,3325 3809,3325 3898,3319 3988,3319 4077,3319 4167,3313 4256,3313 4346,3307 4435,3307 4525,3301 4615,3301 4704,3295 4794,3295 4883,3289 4973,3289 5062,3283 5152,3283 5241,3283 5331,3283 5421,3277 5510,3271 5600,3271 5689,3265 5779,3265 5868,3265 5958,3259 6047,3253 6137,3253"/>
                <TextEquiv>
                    <Unicode>herein,wirft einen misstrauischen Blick auf die Bei-</Unicode>
                </TextEquiv>
            </TextLine>
            <TextLine id="tr_1_tl_17" custom="readingOrder {index:16;}">
                <Coords points="3672,3535 5346,3568 5762,3457 6253,3488 6256,3357 4375,3437 4089,3370 3676,3474"/>
                <Baseline points="3695,3510 3755,3504 3844,3510 3934,3504 4023,3504 4113,3498 4203,3498 4292,3492 4382,3492 4471,3486 4561,3486 4650,3480 4740,3480 4829,3474 4919,3474 5009,3474 5098,3468 5188,3468 5277,3462 5367,3462 5456,3462 5546,3456 5635,3450 5725,3450 5815,3444 5904,3444 5994,3444 6083,3438 6173,3438 6262,3444"/>
                <TextEquiv>
                    <Unicode>den, lächelt gleich wieder, als er den Blick seiner Frau</Unicode>
                </TextEquiv>
            </TextLine>
        </TextRegion>
    </Page>
</PcGts>
