6568 4216
3635 578 6201 756 nen ihres Vaters zu lesen, dass er ihr nicht alles sagt,
3664 720 6106 969 dringt weiter mit Fragen in ihn. Der Vater sucht sie
3635 917 6162 1153 zu beruhigen, aber verrät sich immer mehr gerade durch
3648 1101 6096 1305 seine Tärtlichkeit. Sie sinkt ihm endlich zu Füssen:
3671 1291 6162 1499 Was weist du? Du weisst etwas. Weiring schüttelt den
3661 1443 6221 1630 Kopf, dann zieht er sie heftig an sich; sie reisst sich
3661 1640 5971 1830 von ihm los, will davonstürzen, er hält sie zurück.
3667 1850 5981 2005 Sie frägt nochmals: Was weisst du? Sag mir alles.
3661 1995 6126 2215 Er zuckt die Achseln, er weiss nichts. Sie glaubt ihm
3661 2212 6112 2340 nicht mehr, stürzt zur Türe. In diesem Augenblick er-
3671 2373 6155 2530 scheinen Mizzi und Theodor, dieser ganz dunkel geklei-
3684 2517 6254 2705 det. Christina fährt zurück, sieht von einem zum andern.
3667 2705 6221 2859 Endlich beginnt sie zu verstehen,geht auf Theodor los:
3671 2889 6030 3053 Er ist tot? Theodor nickt, Christina fährt zurück,
3674 2997 6323 3237 kann es nicht fassen. Weiring auf sie zu,Christine wehrt
3690 3263 6122 3405 ihn ab,sie will alles wissen, sie besteht darauf,sie
3684 3447 6152 3582 dringt mit Fragen auf Theodor ein. Nachdem sie alles
