6504 4088
3617 471 6027 710 Fritz (eine in uniform: Ah, Sie sind bei Militär?) Es
3614 700 6106 930 klingelt wieder. Fritz geht hinaus öffnen; während er
3626 866 6148 1111 das Zimmer verlassen hat, umarmen sich Theodor und Mir-
3626 1063 6043 1296 zi. Fritz kommt mit Christine herein. Christine hat
3626 1242 5979 1407 ihm Blumen mitgebracht. Fritz nimmt sie, entgegen,
3626 1420 6138 1617 küsst Christinen die Hand, ist ihr beim Ablegen behilf-
3626 1608 6138 1808 lich, spricht ihr lebhaft seine Freude aus, dass sie ge-
3633 1789 6005 1968 kommen ist. Sie setzen sich zusammen auf den Divan,
3626 1974 5919 2178 in zärtlichen Gespräch. Indes beschäftigen sich
3626 2155 5979 2327 Theodor und Mizzi damit Lichter anzuzünden! Kerzen
3626 2318 6043 2518 auf dem Trumeau, eine Kerze auf dem Schreibtisch. Ker-
3617 2467 6020 2697 zen auf der Kredenz. Dann nehmen sie ein Tischtuch,
3626 2662 6186 2856 Teller etc. und decken den Tisch immer mit sehr lebhaf-
3633 2811 6176 3009 ten Bewegungen, Zuweilen wenden sich Theodor und Mizzi
4667 2990 4874 3123 sich
3620 3025 6180 3177 an Fritz mit Fragen,wo xxx dieser oder jener Gegenstand
3617 3165 6100 3438 befände. Christine macht Fritz Vorwürfe, dass sie ihn
