6536 4152
3705 506 6081 728 telt den Kopf. Ich kenne diese Schrift nicht, diesen
3676 715 6223 895 Brief ist nicht von mir. Der Herr steht plötzlich auf:
3686 883 6065 1050 Er ist von Ihnen. Auch Fritz steht auf, Emil erhebt
3698 1082 6179 1281 drohend den Arm, Fritz, ohne zurückzuweichen, macht eine
3698 1266 6100 1443 abwehrende Bewegung. Der Herr zweimal im Zimmer auf
3698 1452 6201 1617 und ab, dann nimmt er aus der Brusttasche des Ueberzie
3705 1620 6233 1822 hers ein zusammengebundenes Paket Briefe,wirft sie auf
3698 1759 6119 1993 den Schreibtisch hin, fordert von Fritz, dass der ihm
3692 1962 6157 2139 die Briefe Adelens zurückgebe. Fritz! Mein. Er tritt
3705 2126 6157 2341 vor Emil hin! Was wünschen Sie noch von mir? Emil in
3698 2325 6119 2477 einem neuen Wutenfall nähert sich ihm, drohend, Fritz
3692 2461 6141 2626 weisb ihn energisch zurück: Ich stehe Ihnen zur Ver-
3698 2696 6195 2813 fügung. Emil nickt. Dann sieht er sich noch einmal im
3679 2835 6201 2990 Zimmer um,wendet sich in einer neuen Aufwallung gegen
3686 2999 6062 3227 Fritz, dieser nochmals: Ich bin zu Ihrer Verfügung.
3686 3199 6153 3354 Emil nickt kurz,wendet sich zum Gehen, Fritz geleitet
3686 3360 6138 3559 ihn. An der Türe weist Emil ihn durch eine Handbewe-
