6536 4088
3679 589 5985 768 Fritzens Befinden,merkt des Freundes Verstimmung,
3685 729 6071 912 frägt ihn, nach der Ursache, kann sich wohldenken, um
3695 915 6068 1068 was es sich handelt, droht ihm scherzhaft, redet ihm
3701 1072 6231 1273 freundschaftlich-herzlich zu. Fritz aber versinkt neu-
3704 1308 6135 1459 erdings in Sinnen, Theodor frägt dringender, was denn
3704 1452 6167 1631 eigentlich geschehen sei, teilt ihm seine Besorgnisse
3695 1628 6263 1801 mit, führt ihn zum Fenster, deutet hinab; es war ihm heu-
3704 1852 6231 1961 te Nachmittag, als wenn drüben im Haustor jemand gelau-
3704 2009 6196 2162 ert hätte. Aber es werden wohl nur Einbildungen gewe-
3704 2146 6202 2332 sen sein. Theodor beruhigt ihn. Es klingelt draussen.
3704 2361 6100 2508 Fritz erschrickt, Theodor selbst geht hinaus öffnen,
3704 2543 6180 2677 kommt mit Mizzi wieder, die einige Päckchen trägt.Hei-
3714 2684 6081 2856 tere Begrüssung, Mizzi legt Hut und Jacke ab, sieht
3717 2856 6145 3042 sich im Zimmer um, legt das Mitgebrachte auf die Kro-
3717 3055 6218 3218 denz,ordnet sich vor einem spiegel ihr Haar, nimmt ein
3717 3212 6081 3423 Album in die Hand, entdeckt darin Photographien von
