6536 4072
5972 368 6148 519 22
3668 599 3992 795 Bühne.
4597 750 4802 929 10.
3678 958 6007 1080 Eventuell die Stiege oder das Foyer des Theaters.
3684 1108 5991 1301 Schluss des Stückes. Herausströmen des Publikums.
3678 1285 4889 1496 Fritz mit Adele und Emil.
4610 1483 4793 1660 11.
3691 1615 6126 1842 Evant### vor dem Theater. Vorfahrende Wagen. Adele,
3688 1820 6058 1996 Emil steigen ein, fordern Fritz auf mitzufahren, der
3678 2002 6094 2150 mit ihnen einsteigt. In diesem Moment kommt Weiring
3681 2166 5658 2377 mit Chratine, die betroffen stehen bleibt.
4626 2374 4818 2521 12.
3697 2502 6135 2682 Eventheil vornehmes Restaurant in einem Hotel. Emil,
3700 2669 5709 2871 Adele und Fritz an einem Tisch soupierend.
4633 2829 4809 3044 13.
3707 3028 6279 3217 Strasenecka in der Vorstadt. Fritz und Theodor kommen
3707 3169 6212 3367 Fritz scheint verdüstert. Theodor versucht ihn aufzu-
3713 3348 5988 3527 heitern. Christine und Mizzi kommen. Begrüssung.
