6520 4008
3721 569 6148 839 scheidenen Restaurant. Christine weigert sich einzu-
3721 798 6276 1007 treten, es sei schon zu spät. Alles Zureden hilft nichte
3727 950 6059 1192 sie geht, erwidert den Häindedruck und den Handkuss
3714 1153 6253 1328 Fritzens mit einem sehr freundlichen Blick, Die andern
3734 1350 6164 1544 Drei bleiben noch eine Weile stehen. Auch Fritz will
3721 1522 6218 1719 nicht mit ins Restaurant: er habe Kopfweh. Die beiden
3714 1690 6174 1894 Andern treten ins Restaurant, Fritz bleibt noch eine
3721 1865 6247 2088 Weile stehen, nachdenklich, dann entfernt er sich in der
3727 2030 5662 2259 entgegengesetzten Richtung wie Christina.
3705 2396 6028 2571 Eine elegantes Vorzimmer. Diener öffnet die Türe,
3714 2602 6253 2768 durch die Fritz eintritt. Fritz frägt,oh die Herrschaft
3721 2745 6206 2958 ten zuhause sind, blickt auf die an der Wand hängenden
3705 2936 6164 3123 Garderobestücke,zögert einen Augenblick,legt dann ab
3708 3095 4823 3336 und tritt in den Salon.
