6520 4104
3728 502 6169 743 Adele lässt sich nicht gleich beruhigen, Fritz strei-
3728 727 6234 903 chelt ihr scherzhaft Stirn und Wange. Sie zögert noch
3744 883 6188 1095 immer, dann sieht sie auf die Uhr, sie muss ja endlich
3735 1082 6218 1277 gehen. Sie lässt den Schleier herab, umarmt Fritz noch
3748 1251 6218 1463 einmal,- so zärtlich, als wäre es ein Abschied für im-
3741 1418 6218 1616 mer. Er beruhigt sie; wie er sie hinausbegleiten will
3744 1580 6179 1822 bittet sie ihn zu bleiben, drückt ihm auf einen Stuhl
3744 1812 6120 1978 nieder, dann geht sie eilends ab. Fritz bleibt eine
3741 1936 6319 2141 Weile still sitzen, seine Züge werden wieder ernst, rasch
3741 2138 6250 2317 zum Fenster, hinter dem Vorhang verborgen schaut er hi-
3741 2337 6355 2480 nab, erblickt Adele, folgt ihr mit den Augen, alles schein
3751 2451 6182 2581 in Ordnung, er atmet auf, tritt vom Fenster weg, schüt-
3748 2640 6175 2773 telt den Kopf, geht auf und ab, dann setzt er sich an
3757 2806 6120 2949 den Schreibtisch, nimmt ein Buch, liest, legt es unge-
3744 2995 6169 3207 duldig weg steht auf, lauscht, er hat draussen geklin¬
3744 3181 6156 3304 gelt, er eilt hinaus, kommt gleich mit Theodor wieder
3757 3347 6104 3500 herein. Theodor sehr vergnügt, erkundigt sich nach
