<?xml version="1.0" encoding="UTF-8" standalone="yes"?>
<PcGts xmlns="http://schema.primaresearch.org/PAGE/gts/pagecontent/2013-07-15" xmlns:xsi="http://www.w3.org/2001/XMLSchema-instance" xsi:schemaLocation="http://schema.primaresearch.org/PAGE/gts/pagecontent/2013-07-15 http://schema.primaresearch.org/PAGE/gts/pagecontent/2013-07-15/pagecontent.xsd">
    <Metadata>
        <Creator>prov=READ-COOP:name=TrHtr:version=2.1.0:model_id=51170:date=28_07_2023_08:36</Creator>
        <Created>2023-05-10T11:20:16.706+02:00</Created>
        <LastChange>2023-07-28T08:36:45.213+02:00</LastChange>
        <TranskribusMetadata docId="1428144" pageId="55385880" pageNr="34" tsid="131326337" status="IN_PROGRESS" userId="64420" imgUrl="https://files.transkribus.eu/Get?id=FONDPIYLJIOABQCWITTSPXAN&amp;fileType=view" xmlUrl="https://files.transkribus.eu/Get?id=ATASIZQXLRXDZOVOQNNUIGOM" imageId="44660779"/>
    </Metadata>
    <Page imageFilename="1428144_0034.jpg" imageWidth="6552" imageHeight="4168">
        <ReadingOrder>
            <OrderedGroup id="ro_1711822135858" caption="Regions reading order">
                <RegionRefIndexed index="0" regionRef="tr_1"/>
            </OrderedGroup>
        </ReadingOrder>
        <TextRegion id="tr_1" custom="readingOrder {index:0;}">
            <Coords points="3672,427 6252,427 6252,3545 3672,3545"/>
            <TextLine id="tr_1_tl_1" custom="readingOrder {index:0;}">
                <Coords points="5935,540 5951,540 5958,531 5987,556 5993,550 6012,553 6022,563 6035,553 6047,556 6057,547 6070,550 6076,540 6092,540 6082,406 6066,409 5993,377 5983,387 5977,380 5958,390 5951,384 5923,387"/>
                <Baseline points="5947,477 6037,483 6096,489"/>
                <TextEquiv>
                    <Unicode>31</Unicode>
                </TextEquiv>
            </TextLine>
            <TextLine id="tr_1_tl_2" custom="readingOrder {index:1;}">
                <Coords points="3672,716 6159,716 6229,610 5740,534 3676,598"/>
                <Baseline points="3690,680 3726,686 3815,686 3905,686 3994,680 4084,680 4173,680 4263,680 4353,680 4442,680 4532,674 4621,674 4711,674 4800,674 4890,668 4980,668 5069,668 5159,668 5248,668 5338,662 5427,662 5517,662 5607,668 5696,662 5786,656 5875,656 5965,656 6054,656 6144,656 6234,656"/>
                <TextEquiv>
                    <Unicode>tig. Theodor und Lenzki bestehen darauf. Theodor berei-</Unicode>
                </TextEquiv>
            </TextLine>
            <TextLine id="tr_1_tl_3" custom="readingOrder {index:2;}">
                <Coords points="3679,908 6223,876 6245,770 5766,706 5251,799 3682,796"/>
                <Baseline points="3696,859 3744,859 3833,859 3923,859 4012,859 4102,853 4191,853 4281,853 4371,853 4460,853 4550,847 4639,847 4729,847 4818,841 4908,841 4998,841 5087,835 5177,835 5266,835 5356,835 5445,835 5535,835 5625,830 5714,830 5804,830 5893,830 5983,830 6072,830 6162,830 6252,830"/>
                <TextEquiv>
                    <Unicode>tet den Thee, das hiezu Notwendige steht auf einem klei-</Unicode>
                </TextEquiv>
            </TextLine>
            <TextLine id="tr_1_tl_4" custom="readingOrder {index:3;}">
                <Coords points="3666,1068 6038,1058 6070,898 3666,940"/>
                <Baseline points="3684,1039 3750,1033 3839,1033 3929,1033 4018,1033 4108,1033 4197,1033 4287,1033 4376,1033 4466,1027 4556,1027 4645,1027 4735,1027 4824,1027 4914,1021 5003,1021 5093,1021 5183,1021 5272,1021 5362,1021 5451,1015 5541,1015 5630,1015 5720,1015 5810,1015 5899,1015 5989,1015 6078,1021"/>
                <TextEquiv>
                    <Unicode>nen Tischchen bereit. Theodor schenkt den Thee ein,</Unicode>
                </TextEquiv>
            </TextLine>
            <TextLine id="tr_1_tl_5" custom="readingOrder {index:4;}">
                <Coords points="3666,1256 6035,1259 6038,1103 5181,1167 3669,1103"/>
                <Baseline points="3684,1212 3714,1206 3803,1206 3893,1206 3982,1206 4072,1212 4162,1206 4251,1206 4341,1206 4430,1200 4520,1200 4609,1200 4699,1200 4789,1200 4878,1200 4968,1200 5057,1200 5147,1194 5236,1194 5326,1194 5416,1194 5505,1194 5595,1188 5684,1188 5774,1188 5863,1188 5953,1188 6043,1188"/>
                <TextEquiv>
                    <Unicode>Fritz trinkt, Theodor reicht ihm eine Schachtel mit</Unicode>
                </TextEquiv>
            </TextLine>
            <TextLine id="tr_1_tl_6" custom="readingOrder {index:5;}">
                <Coords points="3657,1473 4050,1397 4539,1483 5328,1378 5977,1419 6022,1263 5555,1333 4909,1250 4622,1326 3660,1301"/>
                <Baseline points="3678,1391 3702,1385 3791,1385 3881,1385 3970,1391 4060,1385 4150,1391 4239,1385 4329,1385 4418,1385 4508,1379 4597,1379 4687,1379 4777,1379 4866,1379 4956,1379 5045,1373 5135,1379 5224,1373 5314,1373 5404,1373 5493,1367 5583,1367 5672,1373 5762,1373 5851,1367 5941,1361 6031,1367"/>
                <TextEquiv>
                    <Unicode>Cakes, Lenaki zündet sich eine Zigarette an, Fritz:</Unicode>
                </TextEquiv>
            </TextLine>
            <TextLine id="tr_1_tl_7" custom="readingOrder {index:6;}">
                <Coords points="3666,1592 4558,1624 4887,1553 5744,1643 5884,1576 5884,1461 3666,1477"/>
                <Baseline points="3684,1576 3744,1570 3833,1570 3923,1570 4012,1564 4102,1564 4191,1564 4281,1564 4371,1564 4460,1564 4550,1558 4639,1558 4729,1552 4818,1552 4908,1552 4998,1552 5087,1552 5177,1546 5266,1546 5356,1546 5445,1546 5535,1546 5625,1546 5714,1546 5804,1546 5893,1552"/>
                <TextEquiv>
                    <Unicode>Ich bin fertig. Alle prei verlassen das Zimmer.</Unicode>
                </TextEquiv>
            </TextLine>
            <TextLine id="tr_1_tl_8" custom="readingOrder {index:7;}">
                <Coords points="4596,1780 4657,1784 4679,1758 4711,1777 4724,1764 4734,1771 4775,1768 4772,1656 4746,1662 4730,1656 4721,1665 4702,1656 4676,1675 4667,1665 4644,1662 4615,1675 4593,1672"/>
                <Baseline points="4615,1731 4705,1731 4783,1737"/>
                <TextEquiv>
                    <Unicode>23.</Unicode>
                </TextEquiv>
            </TextLine>
            <TextLine id="tr_1_tl_9" custom="readingOrder {index:8;}">
                <Coords points="3653,1959 6022,1956 6051,1809 3657,1841"/>
                <Baseline points="3672,1934 3726,1928 3815,1922 3905,1928 3994,1928 4084,1928 4173,1922 4263,1922 4353,1916 4442,1916 4532,1916 4621,1916 4711,1916 4800,1910 4890,1910 4980,1910 5069,1910 5159,1910 5248,1910 5338,1904 5427,1904 5517,1904 5607,1904 5696,1904 5786,1904 5875,1904 5965,1904 6054,1916"/>
                <TextEquiv>
                    <Unicode>Wagenfahrt, Fritz, Theodor und Lengki ders elben Weg</Unicode>
                </TextEquiv>
            </TextLine>
            <TextLine id="tr_1_tl_10" custom="readingOrder {index:9;}">
                <Coords points="3653,2180 3887,2110 4238,2193 4430,2129 4881,2177 5303,2090 5814,2170 5849,2001 4954,1969 3653,2068"/>
                <Baseline points="3672,2095 3708,2095 3797,2095 3887,2101 3976,2095 4066,2095 4156,2095 4245,2095 4335,2095 4424,2095 4514,2089 4603,2089 4693,2089 4783,2089 4872,2089 4962,2084 5051,2084 5141,2084 5230,2084 5320,2084 5410,2084 5499,2084 5589,2084 5678,2084 5768,2084 5857,2084"/>
                <TextEquiv>
                    <Unicode>wie vor wenigen Tagen mit Christina und Mizzi.</Unicode>
                </TextEquiv>
            </TextLine>
            <TextLine id="tr_1_tl_11" custom="readingOrder {index:10;}">
                <Coords points="4596,2301 4612,2301 4638,2285 4679,2317 4705,2298 4734,2317 4785,2314 4782,2215 4759,2218 4740,2205 4730,2212 4698,2199 4663,2205 4631,2189 4593,2193"/>
                <Baseline points="4609,2269 4699,2269 4789,2275"/>
                <TextEquiv>
                    <Unicode>24.</Unicode>
                </TextEquiv>
            </TextLine>
            <TextLine id="tr_1_tl_12" custom="readingOrder {index:11;}">
                <Coords points="3679,2483 5974,2477 5999,2349 3679,2391"/>
                <Baseline points="3696,2460 3767,2460 3857,2460 3947,2460 4036,2460 4126,2460 4215,2460 4305,2454 4394,2448 4484,2454 4574,2448 4663,2454 4753,2448 4842,2448 4932,2448 5021,2442 5111,2442 5201,2442 5290,2442 5380,2442 5469,2436 5559,2442 5648,2442 5738,2436 5828,2436 5917,2436 6007,2442"/>
                <TextEquiv>
                    <Unicode>Ankunft. Strasse zu Füssen der Wiese aus Bild 16.</Unicode>
                </TextEquiv>
            </TextLine>
            <TextLine id="tr_1_tl_13" custom="readingOrder {index:12;}">
                <Coords points="3660,2643 4174,2720 4980,2631 6229,2675 6229,2541 5926,2503 3660,2554"/>
                <Baseline points="3678,2633 3726,2633 3815,2639 3905,2633 3994,2633 4084,2633 4173,2633 4263,2633 4353,2633 4442,2633 4532,2633 4621,2633 4711,2627 4800,2627 4890,2627 4980,2627 5069,2621 5159,2621 5248,2627 5338,2621 5427,2621 5517,2621 5607,2621 5696,2621 5786,2621 5875,2615 5965,2615 6054,2615 6144,2615 6234,2621"/>
                <TextEquiv>
                    <Unicode>Wagen wird weggeschickt, die drei Herren gehen über die</Unicode>
                </TextEquiv>
            </TextLine>
            <TextLine id="tr_1_tl_14" custom="readingOrder {index:13;}">
                <Coords points="3666,2829 3941,2841 3976,2810 4245,2864 4526,2819 4606,2851 4606,2707 4376,2746 4184,2714 4114,2739 4072,2704 3963,2755 3666,2723"/>
                <Baseline points="3684,2806 3773,2812 3863,2812 3953,2812 4042,2806 4132,2806 4221,2806 4311,2806 4400,2806 4490,2806 4580,2806 4609,2812"/>
                <TextEquiv>
                    <Unicode>Wiese dem Walde zu.</Unicode>
                </TextEquiv>
            </TextLine>
            <TextLine id="tr_1_tl_15" custom="readingOrder {index:14;}">
                <Coords points="4654,3020 4689,3020 4708,3004 4724,3020 4753,3020 4769,3004 4801,3011 4810,2998 4836,2998 4826,2854 4804,2851 4794,2864 4769,2848 4737,2857 4702,2835 4670,2857 4644,2857"/>
                <Baseline points="4669,2979 4759,2979 4842,2991"/>
                <TextEquiv>
                    <Unicode>25.</Unicode>
                </TextEquiv>
            </TextLine>
            <TextLine id="tr_1_tl_16" custom="readingOrder {index:15;}">
                <Coords points="3672,3212 5376,3171 6166,3254 6166,3049 3672,3094"/>
                <Baseline points="3690,3176 3755,3170 3845,3170 3935,3170 4024,3170 4114,3170 4203,3164 4293,3170 4382,3170 4472,3164 4562,3158 4651,3164 4741,3164 4830,3164 4920,3164 5009,3164 5099,3164 5189,3158 5278,3152 5368,3152 5457,3152 5547,3152 5636,3152 5726,3152 5816,3152 5905,3152 5995,3152 6084,3152 6174,3158"/>
                <TextEquiv>
                    <Unicode>Dann einen Weg durch den Wald bis zu einer Lichtung.</Unicode>
                </TextEquiv>
            </TextLine>
            <TextLine id="tr_1_tl_17" custom="readingOrder {index:16;}">
                <Coords points="4596,3404 4612,3401 4670,3426 4705,3407 4746,3426 4788,3420 4782,3225 4740,3219 4718,3238 4683,3222 4638,3225 4609,3254 4593,3254"/>
                <Baseline points="4615,3337 4705,3337 4789,3343"/>
                <TextEquiv>
                    <Unicode>26.</Unicode>
                </TextEquiv>
            </TextLine>
            <TextLine id="tr_1_tl_18" custom="readingOrder {index:17;}">
                <Coords points="3660,3570 6159,3535 6159,3410 5980,3369 5405,3436 5184,3359 4868,3455 3660,3385"/>
                <Baseline points="3678,3535 3750,3535 3839,3535 3929,3535 4018,3535 4108,3535 4197,3529 4287,3529 4376,3529 4466,3529 4556,3523 4645,3529 4735,3529 4824,3529 4914,3529 5003,3529 5093,3523 5183,3523 5272,3523 5362,3523 5451,3523 5541,3523 5630,3523 5720,3523 5810,3523 5899,3523 5989,3523 6078,3517 6168,3511"/>
                <TextEquiv>
                    <Unicode>Wie 24. Ein Automobil kommt herangesaust. Emil, seine</Unicode>
                </TextEquiv>
            </TextLine>
        </TextRegion>
    </Page>
</PcGts>
