6504 4152
3694 543 6136 737 ins Zimmer zurück, Theodor fordert Fritz auf sich ans
3678 718 6027 913 Klavier zu setzen und zum Tanz aufzuspielen. Mizzi
3687 980 6101 1105 und Chrtsine schliessen sich dieser Bitte an. Fritz
3687 1085 6184 1274 setzt sich ans Klavier,beginnt zu spielen,Theodor for
3691 1312 6232 1453 dert zuerst Christine, zum Tanze auf, macht ein paar Run
3697 1456 6177 1651 den mit ihr, dann tanzt er mit Mizzi, indess setzt sich
3681 1619 6225 1794 Christine neben Fritz. Plötzlich hält Fritz im Spielen
3694 1797 6245 1992 inne. Theodor wundert sich, fordert ihn auf doch w eiter
3675 1979 6184 2149 zu spielen, Fritz: Hast du nicht gehört, es hat geklin
3665 2142 6117 2343 gelt. Theodor findet, das sei gleichgültig, der draus-
3687 2315 6213 2509 sen wird schon wieder weggehen, wenn ihm nicht geöffnet
3687 2525 6162 2701 wird. Nach einigen Zögem spielt Fritz weiter. Wieder
3668 2669 6123 2838 hört er klingeln, hält im Spielen ein. Theodor ärger-
3662 2848 6190 3052 lich. Fritz aber steht auf, verlässt das Zimmer. Chris-
3681 3052 6216 3218 tine wendet sich fragend an Theodor. Theodor zuckt die
3675 3228 6241 3400 Achseln. Mizzi geht zum Klavier hin und klimpert drauf.
