7656 5656
5517 517 7045 743 Vorbemerkung zum Liebelei-Film.
6126 691 6434 855 1913
5380 793 7373 992 Ausser dem Titel und dem Personenverzeich-
5383 1031 7214 1170 nis, sowie den Ueberschriften I.II.III.
5380 1163 7075 1315 IV.V. Abteilung darf in diesem Film
5392 1369 7055 1595 kein geschriebenes, resp. gedrucktes
5385 1536 7221 1737 Wort erscheinen, da meiner festen Ueber-
5373 1722 7164 1886 zeugung nach nur die auf solche Weise
5875 1856 6163 1973 relation
5368 1943 7172 2102 gewahrte/Reinheit der Form neuere Ver-
5385 2055 7159 2246 suche auf dem Gebiete des Kinostückes
5370 2236 7241 2428 auf ein in literarischer Nähe gelegenes
5385 2398 7100 2661 Niveau emporzuheben vermag. Der hier
5380 2587 7266 2835 vorliegende Film ist bei der als selbst-
5385 2845 7129 3049 verständlich vorauszusetzenden guten
5385 2999 7100 3201 Regie ohne jede Mithilfe des Worees,
5368 3131 7216 3360 sei es nun Erzählung, Dialog oder Brief,
5373 3357 7177 3563 auch für das Fassungsvermögen des ein-
5380 3541 7219 3745 fachsten Publikums vollkommen verständ-
5380 3735 7259 3924 lich, und ich verwahre mich ausdrücklich
6377 3827 6675 3919 Empfwin
5360 3931 7214 4130 gegen jeden Aenderungsversuch in einem
5368 4013 7075 4205 den hier ausgesprochenen Prinzipien
5793 4190 6314 4326 gemastein.
5368 4267 6687 4490 nicht entsprechenden Sinne.
