6536 4136
5760 325 5921 495 41
3506 466 6092 759 gegen.Theodor und Mizzi halten sie zurück,Bewegung
3506 646 6069 904 unter den Umstehenden.Der Leichenzug setzt seinen
3515 810 6021 1042 Weg fort.Christine starrt nach,sinkt endlich zu-
3528 1048 3921 1203 sammen.
3538 1058 6069 1335 Andere Variante: Wenn Christine in das Trauerhaus
5381 1241 5735 1357 bracht
3535 1290 5976 1515 kommt ist der tote Fritz schon weggeschafft, sie
4062 1454 4233 1550 day
3531 1473 6082 1637 kommt in sein leere Zimmer, läuft dann wieder hi-
3541 1589 6095 1817 nab, durch die Strassen, bis auf den Friedhof. Hort
3535 1717 6079 1943 kommt sie eben an, wenn das Begräbnis vorüber ist,
3551 1885 6066 2100 Begegnet auf den Wegen die rückkehrenden Trauer-
3564 2042 6069 2271 gäste,endlich bis zu dem Grab, das noch nicht zu¬
3560 2219 5854 2454 geschaufelt ist, wo sie leblos zusammensinkt.
