6584 4216
3750 583 6252 793 sich hin. Mizzi tritt zu ihr, ist herzlich will selbst
3737 787 6213 994 nachsehen, ob Fritz schon zur체ck ist. Christine dankt
3744 975 6220 1146 ihr inbr체nstig,Mizzi wehrt es ab und geht. Christine
3757 1152 6147 1363 wieder allein in den Erker, am Fenster, ohne sich zu
3757 1307 6262 1492 setzen, blickt hinab. Weiring tritt ein, zuerst von ihr
3750 1498 6233 1738 nicht bemerkt, er bleibt eine Weile stehen, betrachtet
3750 1702 6183 1880 sie angstvoll: Sie weiss noch nichts. Er stellt den
3757 1854 6190 2025 Violonkasten hin, legt Hut und Ueberzieher ab. Jetzt
3750 2015 6272 2213 wendet Christina sich nach ihm um. Er hat das Gesicht
3767 2236 6088 2420 von ihr abgekehrt, sie eilt ihm entgegen,er wendet
3750 2380 6272 2575 sich nun auch wieder nach ihr um,zwingt sich zu einem
3750 2618 6285 2766 L채cheln,Christina fragt: Ist er schon da? Haft du ihn
3737 2729 6292 2937 gesprochen? Weiring: Nein, er ist noch fort. Christina
3767 2914 6414 3102 sieht ihn misstrauisch an. Er l채chelt wieder, streichelt
3767 3088 6322 3286 sie wie scherzend, setzt sich nieder, zieht sie an sich.
3757 3283 6315 3464 Christina kaum beruhigt glaubt bald wieder in den Mie-
