6520 4136
3695 507 6184 748 so lange nicht gesehen habe, zweifelt an seiner Liebe.
3688 710 6146 920 Er beruhigt sie, sie lässt sich gern beruhigen. Mizzi
3682 901 6057 1142 nimmt Blumen, steigt auf einen Sessel und lässt die
3682 1085 6136 1294 Blumen auf den schon gedeckten Tisch herunterfallen.
3695 1256 6181 1449 Fritz und Christine wenden sich nach ihr um. Thoeodor
3695 1430 6187 1611 weist mit Stolz auf den festlich gedeckten Tisch. Miz
3707 1652 6130 1801 zi winkt nun Christine herbei, damit sie ihr beim An-
3695 1792 6048 2011 richten der Schüsseln behilflich sei. Mizzi zündet
3695 1963 6013 2172 die Spiritusflamme der Kaffeemaschine an. Theodor
3695 2160 6133 2331 streckt sich auf den Divan hin, fühlt sich sehr wohl.
3701 2315 6098 2527 Fritz steht an seiner Seite,plaudert mit ihm, schaut
3701 2537 6108 2734 den beiden Mädchen zu. Sobald die Schlüsseln auf dem
3701 2708 6146 2883 Tisch stehen, lädt Mizzi ein Platz zu nehmen. Theodor
3701 2851 6222 3029 erhebt sich, reicht ihr den Arm, ebenso Fritz Christina;
3688 3057 6238 3222 sie begeben sich an den Tisch, setzen sich nieder. Eine
3682 3254 6184 3409 Flasche Wein steht auf dem Tisch, sie ist nicht geöff-
