6584 4168
3679 545 6113 795 avanciert, beide schiessen zugleich. Emil scheint zu
3676 762 6044 969 wunken, die Sekundanten eilen herbei. Emil lächelt,
3679 920 6143 1127 es war nichts, ein Streifschuss, der den Aermel durch-
3679 1107 6248 1301 bohrt hat. Emil und Fritz begeben sich wieder auf ihre
3682 1327 6146 1485 Plätze, die Pistolen werden wieder geladen. Kommando.
3682 1482 6117 1662 Beide bleiben stehen, zielen eine Weile, Fritz fällt.
3682 1662 6113 1843 Seine beiden Sekundanten und der Arzt eilen hin, man
3689 1833 6186 2033 beugt sich über ihn. Arzt untersucht die Schusswunde,
3689 2027 6179 2208 Fritz liegt regungslos da. Emil steht etwas entfernt
3696 2198 6261 2388 mit seinen Sekundanten. Der eine von ihnen geht zu der
3709 2365 6215 2513 andern Gruppe. Fritz ist tot. Emil und der zweite Se-
3709 2546 6058 2766 kundant treten etwas näher hin. Der erste gesellt
3719 2733 6107 2920 sich wieder zu ihren. Emil begibt sich dann zu der
3709 2927 6343 3104 Gruppe um Fritz. Er tritt vor den Leichnam hin, betrach.
3725 3071 6255 3242 tet ihn ernst, nimmt den Hut ab. Nach wenigen Sekunden
3709 3288 6304 3489 begibt er sich wieder zu seinen Sekundanten. Alle Drei
