6520 4216
3655 545 6209 811 das Haus, scheint seiner Sache nicht ganz sicher, zögert
3662 775 6029 974 ein wenig, dann tritt er in das Haustor. Währenddem
3665 974 6039 1179 kommen einige Trauergäste an ihm vorüber, worauf er
3662 1131 6138 1336 aber nicht Acht hat. Der Portier tritt aus seiner Lo-
3655 1342 6106 1528 ge (kein Herrschaftsportier, sondern besserer Hausbe-
3662 1573 6049 1720 sorger). Weiring wendet sich an ihn etwas befangen
3662 1688 6209 1868 mit einer Prage. Der Portier glaubt zuerst nicht recht
3662 1865 6065 2044 verstanden zu haben, Weiring wiederholt seine Frage.
3662 2047 6116 2230 Jetzt gehen wieder schwarzgekleidete Leute ins Haus-
3671 2239 6135 2412 tor, die der Portiert grüsst. Gleich darauf kommt ein
3662 2364 6065 2576 Bursch mit einem Kranz, der den Portier um eine Aus-
3662 2566 6228 2736 kunft frägt. Der Portier weist zur Stiege und aufwärts
3671 2736 6251 2944 Weiring beginnt zu verstehen, ohne es noch recht glauben
3662 2899 6036 3108 zu können. Der Portier nickt,Weiring frägt weiter,
3662 3114 6087 3277 Portier gibt Auskunft. Weiring will Näheres wissen,
3671 3249 6170 3515 Portier zuckt die Achseln. Wieder Trauergäste, Kränze.
