6552 4168
3671 547 6191 713 nur die Kerze auf dem Schreibtisch brennen. Mizzi und
3684 697 6149 872 Theodor verabschieden sich von Fritz. Fritz geleitet
3684 878 6105 1053 alle mit dem Licht hinausmkommt bald wieder herein.
3678 1063 6191 1247 Er stellt das Licht auf den Schreibtisch, dann geht er
3690 1228 6188 1422 zu dem Fenster, das Mizzi geöffnet hat,winkt den Fort-
3671 1467 6032 1616 gehenden zu, dann tritt er ins Zimmer zurück, setzt
3690 1645 6238 1794 sich an den Schreibtisch, stützt den Kopf in die Hände.
4626 1778 4801 1966 18.
3697 1925 6143 2182 Eventuell. Ein Kaffeehaus. Theodor und ein Freiwil-
3684 2154 6203 2345 liger,zwei andere Herren, der eine ein Offizier, sitzen
3684 2354 6242 2488 ihnen gegenüber,besprechen die Bedingungen des Duells.
3690 2504 6200 2691 Die beiden Sekundanten Emils erheben sich zuerst, ver-
3684 2669 6114 2857 abschieden sich sehr formell von den andern,Theodor
3690 2847 6025 3044 und der Preiwillige bleiben noch eine kurze Weile
3690 3060 6111 3216 sitzen,rufen den Kellner, zahlen dann ihre Zeche und
3690 3219 5405 3436 verlassen eilig und ernst das Lokal.
