6552 4184
3688 625 6059 799 entgegen, an seinen Hals. Mizzi geht. Fritz apixxx
3694 783 6173 979 spricht Christinen zu, streichelt ihr Haar und Wangen,
3701 998 6132 1137 setzt sich mit ihr an den Tisch, sieht sich im Zimmer
3701 1118 6116 1332 um, tritt ans Fenster, schaut hinaus,geht rings umher,
3701 1326 6091 1493 dann betrachtet er die Bilder, die Schubertbüste auf
3697 1544 6097 1680 dem Ofen, die Bücher. Endlich setzt er sich im Erker
3694 1715 6167 1850 auf einen Stuhl,Christine ihm zu Füssen, er die Hände
3694 1863 6227 2052 auf ihrem Kopf, Christine beglückt und beruhigt. Plötz-
3688 2024 6059 2185 lich tritt Theodor ein. Christine erschrickt. Fritz
3694 2245 6113 2403 tritt auf ihn zu. Theodor ganz unbefangen,er wollte
3701 2387 6201 2545 nur Fritz abholen, weil sie ja morgen Früh fortreisen.
3701 2589 6151 2747 Christine hört dem nicht ohne Misstrauen zu. Theodor
3694 2744 6157 2943 nimmt eine Sigarette, hat seine streichhölzer verges-
3707 2886 6186 3085 sen, bitte Christina um solche. Während sie ins Neben-
3720 3116 6255 3255 zimmer eilt, um ihm welche zu bringen,Theodor zu Fritz:
3720 3300 6204 3448 Dazu ist jetzt nicht Zeit, komm mit mir, du musst dich
