6504 4008
3663 649 6198 885 Salon. Kleine Gesellschaft. Emil, der Herr des Hauses,
3656 882 6047 1037 grosser,eleganter,etwas brutal aussehender Mann im
3656 1030 6063 1240 Gespräch mit einer Dame. Die Frau des Hauses, Adele,
3663 1237 6134 1408 schön, jung, im Gespräch mit zwei Herren, einem älteren
3656 1395 6195 1550 Elegant und einem Offizier. An einem Tisch eine Whist-
3663 1567 6085 1767 partie: Ein alter Herr,zwei etwas jüngere, eine Dame
3663 1728 6056 1912 mittleren Alters. Noch ein Paar in einer Fensterni-
3656 1915 4493 2129 sche im Gespräch.
3656 2096 6043 2235 Fritz tritt ein, wird nicht sofort bemerkt,zuckt zu
3673 2303 5998 2442 sammen, wie er Adele in so angeregter Unterhaltung
3663 2471 6173 2623 sieht. Adele erblickt ihn, ihre Augen leuchten auf, sie
3666 2652 6215 2807 bleibt sitzen, nickt ihm zu, er tritt näher,begrüsst zu-
3669 2781 6269 2988 erst sie, reicht den beiden Herrn die Hand, der eine wird
3685 2959 6176 3175 ihm erst vorgestellt, dann begibt er sich zu dem Herrn
3673 3156 6092 3337 des Hauses, der schon Seitenblicke auf ihn geworfen,
3663 3311 6105 3563 begrüsst ihn, der schittelt ihm herzlich die Hand, er-
