6600 4216
3735 566 6067 719 erfahren will sie seine Leiche noch einmal sehen.
3748 719 6115 930 Theodor: Es ist zu spät. waistine: Warum, zu opät?
3764 866 6243 1105 Theodor: Er ist schon begraben. Christine völlig nie-
3748 1089 6259 1284 dergeschmettert, fast erstarrend. Die Andern reden auf
3764 1291 6272 1435 sie ein, sie hört auf nichts mehr. Weiring will sie in
3757 1460 6211 1633 seine Arme nehmen. Sie reisst sich los, stürzt davon,
3757 1668 6214 1818 Theodor und die Andern zuerst regungslos, Weiring be-
3754 1828 6166 2006 schwört Theodor und Mazzi: Ihr zu folgen. Mizzi und
3776 1952 6230 2144 Theodor Christina nach. Weiring zum Erker hin, schaut
3764 2211 4083 2377 hinab.
4681 2348 4879 2514 34.
3767 2511 6243 2725 Christina die Stiegen herunter, durch das Haustor, die
3767 2655 6332 2888 Strassen weiter,Prater,Auen, den Fluss entlang, sich end-
3773 2872 4978 3064 lich ins Wasser stürzend.
3764 3042 6329 3240 Zu erwägen,ob nicht besser 33 den Schluss bilden soll-
3773 3249 3981 3428 te.
