7048 4568
5323 0 5545 321 25
197 239 2921 580 Zu strafen des Luzentia schuld'gen Mörder
3686 239 6940 564 Tullia. Weh' mir, weh mir; und keiner Kannt¬
226 527 3089 769 konnt’ er das lusterne Gemüth nicht bärdigen
5842 485 6825 740 Erbarmen.
202 621 3131 934 konnt' er nicht fesseln seine tolle Lüst.
3645 666 6710 917 1. Deiben. So wenigke nur wird als du, als das,
202 815 3410 1098 Außt' er das heiligthum der Rauscheist trechen
3665 823 5484 1070 die Pferde antriebst damals
243 967 3052 1283 Und in Verderben stürz an ihre reine Seele?
3711 979 6784 1218 Erinnerst du dich an dem heut'gen Tage
263 1148 3316 1436 Nun das für Strafen warten des Verbrechers
3690 1214 6886 1374 des graunvollen Todes deines Vaters?
185 1333 2773 1625 O mitdert seine Strafe! Hohe Götter!
3657 1321 5998 1580 Als die Kessen antriebst, über ihn
3665 1506 6294 1818 zu fahren, - u der Servius Tullius -?
239 1497 3238 1777 Ertstaend es doch demselben blut als ich: (Ab)
296 1728 481 1892 id
4422 1683 6121 1958 vollk stürzt herum.
1246 1868 2283 2127 Zweite keine
3678 1847 4089 2073 Dr.
4328 1880 6837 2160 Rache kann! Mo ist die Königin
1205 2028 3427 2332 Saal imschafte des Königs zu Rou¬
3637 2020 6286 2328 Schleppt sie Fort, schlepp sie fort!
3744 2197 6648 2452 Hinans, mit ihr, mit der stolzen.
1316 2201 2526 2472 Tullia. dribwachn.
3978 2374 4665 2546 and in
4751 2361 6689 2555 durch es Gasse soll so sterben.
3678 2390 5566 2690 Tullia (Lch bin Verhoren)
197 2378 790 2583 Tullia
897 2390 3382 2674 Ohelft mir helft: Thelfel mich befrein.
5072 2534 5578 2711 sperkleiches
1004 2555 3451 2859 Jetzt kann du leicht so sprechen, königie
222 2559 819 2818 1. Leibw.
4418 2571 6627 2863 Sie wird fortgeschleppt unter
407 2756 3357 3028 doch aus istb! Ich bin mich schwill nicht mein Feren
4311 2719 5418 3044 Racherufen.)
2682 2954 3349 3205 wagen
3608 2921 3850 3163 19.
444 3094 3460 3386 Für dich, du elende! Wäre will, der Folge mir
4624 3094 5751 3328 Dritte Sonne.
218 3270 3386 3550 alle. die Freiheit lebe! Freiseit! Treiheit.
4657 3299 6508 3542 „Die Gasse Des Frecles in Rom.
226 3456 3451 3674 1. Leibe. Die Zeit der blut'gen Rache ist gekomme
3624 3435 5229 3702 Cassus Vitellius. duciers.
4299 3632 6068 3908 Nun! Endlich ists geschehn!
3620 3649 4110 3883 Cassius.
214 3612 3447 3925 Und reif zur Ferndte ist die volle Truffe
251 3781 3406 4118 Schleppt sie hinaus! Zehnfachen Tod der
3632 3830 4110 4036 Quaius
5422 3781 6812 4023 Und wir sind Frei!
3595 3962 6891 4278 Cassius. Und der Senat? Auf welcher Fick ist er?
2563 3957 3258 4282 Stolzen!
