7240 4808
5141 194 5356 512 6 3
1893 368 2075 558 62.
4934 484 6591 781 Nur fort von Rau!
264 479 3244 806 Wie ich den Brutug - Schmach A ud Schande -! Hier,
3686 521 4376 736 Collatinus.
3860 698 4318 847 Rommet
277 686 3455 1008 Wur bleib' ich nicht; - es gibt noch rasche Roße. -
3703 686 6104 979 Fliege mit mir! Und ihr bleibther?
5033 860 7000 1145 Du meinst, ich werde fliehen?
298 893 3033 1174 die schnell mich tragen aus des Stolzen Nähe:
3699 930 4211 1103 Laurens.
3736 1029 6777 1314 Ich bleibe, die für frutes kämpf ich nicht,
331 1066 3401 1265 Auch ich hab Schmacherlitten, wie mein Weib, -
3723 1190 6938 1500 Fürs Waterland nur führe ich die Waffen!
335 1215 3504 1541 Und ich, -ich bin kein Weib, ich bin um kann
3674 1347 6992 1641 Collatiens Wenn Brutus an des Staates Rudersteht;
380 1372 3504 1678 Soll ich das Fulden, - was ein Weib nicht drldet.
3723 1541 6976 1810 dann ich nichts weilen. Lebet wohl, mein Vater.
347 1570 3550 1880 Somme hat den Tod gesucht, - sie weilt beim düstere Seite.
3719 1719 6426 2029 Mit schnellam Roße jag' ich in die Welt¬
318 1765 3401 2070 Auch Collatung weiß zu sterben, zurück
6252 1802 6703 1979 immer
3769 1905 6662 2194 Wohin nicht nur trägt, es gilt mir gleich
339 1934 3562 2232 Spurius. Sie war ein Weib, - die soll es selbst gesagt.
4678 2079 5029 2207 von der
3777 2066 6608 2356 Nur fort! Nur fort, o Spurius, lebet wohl
335 2091 3318 2438 Nicht Waffen hatte sie, sich zu vertheidnen u
3756 2178 7050 2558 Auf dieser Erde sehet ihr mich nimmer. Excellen¬
388 2277 3533 2513 doch du, - du trägst ein Schwert an Deiner Seite,
3798 2401 5372 2719 Spurius (will ihm nach.)
347 2455 3562 2744 Das fast den Armauch, dieses Schwert zu führen,
4438 2587 7017 2856 Brutus (kommt von der andern Seite.)
331 2620 3376 2864 Und du willst fliehe - bedünke Collatiaus -.
3922 2785 5814 3091 Er hält Dzurius zurück.
326 2785 3612 3124 Collatinus. Soll ich ein Mörder stehe im Büche der Geschichte
3847 2963 7034 3269 parius. Ihm nach, ihm nicht Wer hält mich!
281 2992 3323 3331 Soll nicht Lucretia in der Orkos, tiefen
2484 3145 2880 3298 inste
3781 3141 5467 3401 Brütus, Brutus!
417 3186 3529 3401 Von mir sich als Einiger werden müssen
3880 3331 5810 3599 Brulus. Was ist - was -
405 3339 3261 3637 Soll ich auch sterben auf dem blut'gen Richtplatz.
5430 3475 6938 3732 Lothums ist entflohn.
3847 3566 4372 3790 Lurius
438 3513 3587 3744 Voll mein Haupt fallen von des Herkers Beil¬
3897 3653 7005 3951 das ist dein Werk, Tyranne! Tetzt ists zu spät!
455 3690 2955 4013 Nein! Nein! Ich fleiehe fort von Rom¬
3876 3876 7054 4149 Brutus. Versohnung & Vomme ich doch zu Bieten,zeurius
426 3872 3591 4194 Wennich und meine Gattin Schmach getroffen.
3843 4004 7046 4265 Versöhnung — das Weil vom Polzenkreibung
455 4046 2161 4364 Lebt wohl. (Will Sfort.)
3885 4186 7075 4509 Spurms. Höh und bleib stez, - ich brauche nicht Verschung,
1091 4219 2054 4525 Wohm? Wohin?
331 4248 884 4562 Specrins.
