7080 4568
5423 0 5658 302 2 7
186 219 2689 542 Lid welche Frage! Sie sind für die Freiheit¬
3702 281 4025 509 Alle.
4848 248 6419 525 Für alle Zeiten
215 438 3148 720 Bei uns ist kamer, der den König liebt.
3685 480 6953 773 Brutus. Euch alle kann ich längst als Biedermann
203 591 3404 860 lass. Er hat auch nie ordent um unser Volk.
3698 633 6866 943 Bestund auch solchen doch der ganze Staat
1113 786 2039 989 Brutes. kommt.
3710 836 6812 1080 Letzt folgterer Freunde, kommt in den Senat!
236 947 3495 1208 lass. Heilt brutus! Heil das Retter und Befreier.
4562 976 5509 1224 (Alleab.)
223 1154 3516 1390 das, dreifaches Peil, o tapfrer Bruines! (Sindrucken ihm diese
3739 1150 6982 1435 die beiden brutus. Haus Agnildus. Marke
199 1295 769 1555 Brutus.
2498 1307 3028 1555 Dank!
3756 1336 4533 1564 Vitellius.
277 1402 3425 1791 Erst hat ein Rutger Nord geschehen müssen,
3714 1510 6970 1762 Marellub. Fehr schlecht für umb. das Volk ist gegen
298 1650 2544 1932 Bevor ihr einig alle Euch erhebt!
5849 1733 6742 1973 den König.
240 1832 3512 2114 doch nun; - vergessen wir der alten Fenkeln Zeiten¬
3743 1853 5505 2134 Trebonius Was ist zu thun?
252 2006 3458 2267 jetzt nicht die Zeit des Lichts; die Zeit der Freiheits¬
3727 2023 4467 2238 Marullus.
5410 2039 6957 2316 Heut Abend kommt zu mi¬
252 2184 3433 2478 doch wird's vorher noch viele schlechten geben
3714 2200 6548 2482 Havius Marcus. Das woll'u wir thun
215 2341 3487 2618 Und vieles Kamer Blutwird noch den Boden entzu¬
3681 2370 4451 2631 Trebonius
5125 2399 6829 2643 Wo ist dein Bruder, Maraus?
211 2548 3499 2800 bevor wir sicher sind der Reise und der Freiheit.
3739 2573 4306 2800 Marens
4620 2577 5691 2846 Schweise nicht!
604 2709 2751 2991 Horatius Coeles. Musius. Tullius.
3739 2767 4504 2999 Marullus.
4645 2767 6837 3057 buch er soll heute kommen.
165 2883 3433 3164 Coeles. da treff’ ich Euch denn endlich, edler Berutus
3776 2920 6701 3168 Trebonius. Und deiner, Kaveuselter würde.
5088 3086 5745 3201 Wenn ich.
153 3061 3479 3288 Und kann die Hand nun drücken, die uns frei man
5845 3160 6552 3309 wertsam.
4579 3090 5443 3288 Verkriecht
3723 3106 4355 3346 Mariu 9.
4579 3226 5493 3379 kann uns let-
5762 3181 6879 3421 dahrlich werden.
145 3251 3441 3512 Brutes. Horatius Coales & Reicht mir Eure Hand:
3797 3230 4587 3516 Marullus.
4678 3313 6974 3582 der Teigling. Nun lebt wohl
157 3396 3127 3710 Musius, auch ihr, und ihr auch Tullius.
3917 3470 6874 3698 Abmit Krekonius die andere von
236 3561 3491 3888 Und dieser Handschlag mache uns zu Freunden¬
4649 3632 6262 3892 der andern Seite.
223 3747 3512 4116 In Krieg u. Frieden halten wir zusammen
6643 3834 6854 4025 et le
252 3909 1617 4215 Freunde für xxx
5245 3830 5555 4219 . I
2300 3996 2478 4306 be
