7080 4568
843 326 3381 626 Schwarzwirdes mir vor den Augen sechs ich dich
4771 263 5893 626 Zweiter Aufzug
146 246 780 559 Sextus.
313 493 3402 793 Selemme Grauenvelsen, Fünkeln Rußung
1945 647 3064 864 ich, bei bereit.
255 680 1778 977 Wohlan ich ruhte mich
1732 831 2367 981 grausen
4821 701 5672 1073 Erste Herrn
2091 831 2930 1031 Todesangel
250 847 1791 1056 Von sehe ich den schwar
555 927 3318 1215 Wie Persie Schwässen schwängen breitet.
3894 906 4153 1223 Rf
4758 985 6507 1273 Saal in Jargnissi bei Pompilius
927 1073 3326 1340 Bereicht zu verbruh Und in den Einsern dieses ver¬
2938 1068 3410 1227 ber mich,
221 1043 789 1240 Ritter.
179 1198 3418 1511 Sextus. Ich?    Er konnte keine Reue
4044 1340 6102 1603 Superbus. Ar Uns. Aûlus. Cicero.
3644 1507 6928 1807 Erleißes. So lacht doch, König, lach das, was so traurigt.
806 1469 3230 1845 Weide gehen, die Schwertes u. fechten
3652 1682 6269 1983 Lacht über diese übernütigen Hände
221 1653 2337 1995 Sagtib (fälll.) Ichsterke!
3648 1903 6590 2154 die sich erfrechen ihrem Könige zu drohen
1331 1861 3385 2154 Stirle und wisse, was ich bin!
225 1899 826 2091 Ritter.
3564 1995 6920 2325 Superbus. Geh, Treund, du hast kein Königreich des Hören,
196 2062 3326 2300 Ich bin Gewinns Komes erster Beig!
3790 2216 6544 2437 Za du kannst leicht so sprechen. Doch. Artus!
263 2220 3410 2546 Und an des Rönig schriens denden Später
3827 2379 6941 2696 Ja du hast Recht ich für sich mich vor Briefes
250 2421 3281 2725 Nehme ich jetzt Rache! Ja ich bin Onirmus
3823 2563 4103 2688 Anlich,
3606 2533 6920 2821 Citero. König, vergeltet diese,  Gerach dem Stunden
238 2588 3448 2821 Katz sterb. - Fluth Dir und seinem Namen
3685 2730 6933 2951 die sie Euch angethan, und brütel nicht so durch
259 2759 3214 3084 Mit Abscheu sprechähe jeder Könne aus
3648 2917 6933 3201 Anluges. den Stolzen nennt man auch, dergeht das nach
234 2955 3489 3239 Huch deinem Namen tausendfachen Huch! Die
4032 3093 6849 3385 Ihr seu ducus Targnius da gewes,
109 3147 3464 3443 v. Schlundert auf Dich Heirmus, Konal nicht an Königl.
4057 3281 5672 3585 Und da verzagt ihr¬
442 3293 3030 3606 dextus (sterbl) Ritter (gestab.)
5347 3431 6645 3740 Werdet muthig.
3685 3473 4282 3677 Ädero.
3690 3581 6903 3944 Fürgerbül (auffahrend) Wer wagst mich frig
1302 3548 3160 3902 Der Vorhang fällt
4771 3794 6849 4086 zu nennen? Ich weigt, Ihr Vom E
3631 3865 6307 4278 tulus (leise zu Cichno) Gut, Cieno! das
6419 3961 6928 4278 hat ihn
822 4007 1490 4249 24 traf.
814 4161 998 4261 249.
4938 4161 6064 4407 aufgerüttelt
801 4207 1448 4407 25y 255
