7176 4600
431 238 3627 527 daß du überste mir als in dem ersten eilß.
360 452 3602 753 Wiederus. Ich bin Viedicus, Herr, des Brubes
4757 377 6648 770 Tebluis Valerius (allein.)
364 657 3560 904 Und eil zu mich, weil jeder Mann in Rom
3744 648 6849 929 Nicht nur in düstern Höhlen eisten Schlangen
360 803 3443 1088 Zu auch Vertrauen hat, - zu euch das meiste.
3782 912 6941 1113 tuff freie Wiesen sind ihr tufenthalt.
347 983 3301 1255 Watweis. Und der sind die Verschwörer?
3782 1000 7025 1280 tuch hier verräthen; - auch im freien Rom¬
372 1117 1138 1351 Wandiens.
2188 1163 3447 1489 Brutes Söhne.
3765 1205 6631 1506 Odie Verblendung, unerhörter Glauben.
556 1318 3029 1565 Vitellius beide, Fleäus tquilius.
3770 1360 7041 1661 Ihr Thoren! Wärs zum Ausbruch und gekommen
389 1498 3180 1761 wann der Gesandten aus Targeien.
3786 1531 7008 1845 Hätte des Aufruhs auch das flammend Haupt
6652 1682 7029 1858 unmel
393 1669 3531 1979 Valevius Lücilius so sagst du, der ist todt?
3753 1699 6870 2000 Hirau-Egestrecket in der Freiheit lüste
418 1828 1017 2017 Vindicus
1883 1874 3560 2176 Weil er der schlechten
3820 1887 6661 2184 Hätt er hinaufgelodert heurig rot
402 2008 2682 2293 tich nicht anschließen wollte. Cienro¬
3786 2050 6640 2351 In blindem Tischen durch die reinen Lüfte
393 2163 2581 2464 Hat ihn gewordet, die Gesandte.
3816 2209 6941 2535 Wo ewig klar die golden Freiheit trohet,
372 2360 3050 2686 lassens Vittellaus war noch nicht dort.
3824 2439 7004 2703 Was hätt es auch geholfen, ihr verräther?
393 2556 3447 2853 Paul bitternacht wolle sie zusammenkommen
3786 2590 6974 2874 Noch gibt es Männer,. eine große Zahl,
305 2707 1795 3008 In Brutes Hause.
3740 2761 6736 3042 die Rechloon Unrecht unterscheiden können
322 2891 1100 3079 Volerius.
1573 2908 3502 3259 Sprichst de Wahrheil, Sklaak
3728 2937 6840 3188 die wissen, was man edel kennt und nicht,
397 3000 3502 3431 �nderub. Ich schwörs bei Puxiten und allen Gütter
3782 3125 6953 3447 das glühnde Feuer hätte auch versengt,
427 3268 2694 3565 Vaternus. Du bürgst dafür?
3732 3305 7037 3602 Euch gi Etage beträterische Schlangen.
5067 3456 5669 3611 ärken xxx
402 3439 1243 3690 Vindiens.
2067 3452 3569 3753 Mitteib und Leben, Herr
3795 3485 6753 3744 Ihr werdet in den Orkes fünster steigen,
423 3669 3514 3920 Valerius. du kamst nun gehn. Du bleibst sich u. welchem
3686 3652 6719 3933 der auch in durchterer tiefterness verschlingt.
423 3761 3539 4117 sich sich fürchte sehr, du sprachst die arme Wahrheit
3703 3832 7066 4108 die Nachwelt schwirdung, die richtende verdommen¬
356 3933 3523 4221 Viedieuls. Mein Leben ist verwirkt. wenn auch
3757 3987 6723 4313 die Nachwalt richtet in Gerechtigkeit.
2883 4184 3493 4460 so ist. E
