<?xml version="1.0" encoding="UTF-8" standalone="yes"?>
<PcGts xmlns="http://schema.primaresearch.org/PAGE/gts/pagecontent/2013-07-15" xmlns:xsi="http://www.w3.org/2001/XMLSchema-instance" xsi:schemaLocation="http://schema.primaresearch.org/PAGE/gts/pagecontent/2013-07-15 http://schema.primaresearch.org/PAGE/gts/pagecontent/2013-07-15/pagecontent.xsd">
    <Metadata>
        <Creator>prov=READ-COOP:name=TrHtr:version=2.1.0:model_id=51170:date=24_07_2023_16:46</Creator>
        <Created>2023-05-10T11:34:16.625+02:00</Created>
        <LastChange>2023-07-24T16:46:11.209+02:00</LastChange>
        <TranskribusMetadata docId="1428162" pageId="55388322" pageNr="5" tsid="130545900" status="IN_PROGRESS" userId="64420" imgUrl="https://files.transkribus.eu/Get?id=MLRUZTNBZTQKCVYTAZQQMXUG&amp;fileType=view" xmlUrl="https://files.transkribus.eu/Get?id=RYGAVFLNJPQSHQYOBJWARPMN" imageId="44663215"/>
    </Metadata>
    <Page imageFilename="1428162_0005.jpg" imageWidth="7112" imageHeight="4600">
        <ReadingOrder>
            <OrderedGroup id="ro_1711818867857" caption="Regions reading order">
                <RegionRefIndexed index="0" regionRef="tr_2"/>
                <RegionRefIndexed index="1" regionRef="tr_1"/>
            </OrderedGroup>
        </ReadingOrder>
        <TextRegion id="tr_2" custom="readingOrder {index:0;}">
            <Coords points="298,625 3405,625 3405,2781 298,2781"/>
            <TextLine id="tr_2_tl_1" custom="readingOrder {index:0;}">
                <Coords points="346,745 435,700 533,720 558,704 594,729 623,700 720,753 769,737 830,761 830,554 769,554 729,529 647,549 586,529 460,549 440,533 407,554 374,529 346,537"/>
                <Baseline points="370,675 460,675 549,675 639,675 728,675 818,675 842,675"/>
                <TextEquiv>
                    <Unicode>tullius</Unicode>
                </TextEquiv>
            </TextLine>
            <TextLine id="tr_2_tl_2" custom="readingOrder {index:1;}">
                <Coords points="326,859 505,928 606,867 1009,875 1148,786 1636,826 1750,781 1766,598 1583,578 1412,647 1046,545 720,757 623,716 334,741"/>
                <Baseline points="346,842 352,848 442,848 531,842 621,842 710,842 800,836 854,806 866,806 955,794 1045,794 1135,782 1224,776 1314,770 1403,764 1493,764 1583,758 1672,752 1762,746"/>
                <TextEquiv>
                    <Unicode>Lucius) Senatoren</Unicode>
                </TextEquiv>
            </TextLine>
            <TextLine id="tr_2_tl_3" custom="readingOrder {index:2;}">
                <Coords points="273,1066 309,1070 338,1042 403,1026 452,1070 513,1042 586,1070 615,1046 643,1066 684,1034 737,1038 741,871 602,867 509,928 440,891 354,944 277,940"/>
                <Baseline points="298,1015 388,1009 477,1009 567,1009 657,1009 746,1003"/>
                <TextEquiv>
                    <Unicode>Aul u. 6</Unicode>
                </TextEquiv>
            </TextLine>
            <TextLine id="tr_2_tl_4" custom="readingOrder {index:3;}">
                <Coords points="802,1270 1119,1205 1229,1262 1388,1213 1632,1241 2198,1103 2442,1131 2454,936 1933,895 1718,948 1604,899 1237,981 985,871 814,908"/>
                <Baseline points="830,1141 842,1147 931,1141 1021,1141 1111,1141 1200,1135 1290,1129 1380,1123 1469,1117 1559,1111 1648,1105 1738,1105 1828,1099 1917,1099 2007,1093 2096,1087 2186,1087 2276,1087 2365,1087 2455,1081"/>
                <TextEquiv>
                    <Unicode>Nöhlingen des Superbus.</Unicode>
                </TextEquiv>
            </TextLine>
            <TextLine id="tr_2_tl_5" custom="readingOrder {index:4;}">
                <Coords points="342,1209 411,1205 525,1245 570,1229 712,1221 712,1123 635,1131 598,1111 549,1127 468,1066 403,1111 342,1119"/>
                <Baseline points="364,1176 454,1188 543,1188 633,1182 722,1182"/>
                <TextEquiv>
                    <Unicode>liernd.</Unicode>
                </TextEquiv>
            </TextLine>
            <TextLine id="tr_2_tl_6" custom="readingOrder {index:5;}">
                <Coords points="334,1392 545,1473 1005,1372 1184,1441 1339,1376 1522,1449 1697,1376 2002,1376 1970,1249 1571,1302 1461,1241 749,1286 667,1221 334,1237"/>
                <Baseline points="358,1356 448,1362 537,1362 627,1362 716,1362 806,1362 896,1362 985,1368 1075,1368 1164,1374 1254,1368 1344,1368 1433,1368 1523,1368 1612,1362 1702,1362 1792,1356 1881,1356 1971,1356 2013,1356"/>
                <TextEquiv>
                    <Unicode>Pourgilius in Tarquinii</Unicode>
                </TextEquiv>
            </TextLine>
            <TextLine id="tr_2_tl_7" custom="readingOrder {index:6;}">
                <Coords points="366,1587 606,1543 1083,1624 1453,1538 1929,1673 2198,1559 2519,1600 2523,1416 1978,1368 1526,1449 1306,1384 1144,1465 875,1412 545,1473 370,1408"/>
                <Baseline points="388,1523 477,1529 567,1529 657,1529 746,1535 836,1535 925,1529 1015,1535 1105,1541 1194,1535 1284,1535 1374,1535 1463,1529 1553,1529 1642,1529 1732,1523 1822,1523 1911,1517 2001,1517 2090,1523 2180,1523 2270,1523 2359,1523 2449,1517 2527,1523"/>
                <TextEquiv>
                    <Unicode>Profenna, König der Etruskar.</Unicode>
                </TextEquiv>
            </TextLine>
            <TextLine id="tr_2_tl_8" custom="readingOrder {index:7;}">
                <Coords points="452,1742 505,1730 541,1738 562,1726 590,1726 631,1746 659,1742 647,1555 554,1551 533,1538 488,1575 468,1563 440,1563"/>
                <Baseline points="471,1684 561,1684 651,1696 669,1696"/>
                <TextEquiv>
                    <Unicode>F.</Unicode>
                </TextEquiv>
            </TextLine>
            <TextLine id="tr_2_tl_9" custom="readingOrder {index:8;}">
                <Coords points="395,1921 1522,1917 1628,2023 2059,1901 3394,1950 3333,1734 2821,1823 1901,1718 395,1775"/>
                <Baseline points="418,1887 448,1887 537,1881 627,1881 716,1881 806,1881 896,1881 985,1881 1075,1887 1164,1881 1254,1881 1344,1881 1433,1875 1523,1881 1612,1881 1702,1881 1792,1881 1881,1881 1971,1875 2061,1875 2150,1881 2240,1881 2329,1875 2419,1875 2509,1875 2598,1869 2688,1869 2777,1863 2867,1863 2957,1863 3046,1869 3136,1869 3225,1869 3315,1869 3405,1875"/>
                <TextEquiv>
                    <Unicode>Luarntia des Spurius Töchter, des Collatines Gemahin¬</Unicode>
                </TextEquiv>
            </TextLine>
            <TextLine id="tr_2_tl_10" custom="readingOrder {index:9;}">
                <Coords points="427,2088 586,2149 794,2080 1412,2129 1909,2063 2283,2129 2283,1954 2129,1901 1844,1917 1665,2023 1522,1917 1201,1962 1095,1909 867,1990 427,1950"/>
                <Baseline points="448,2049 501,2055 591,2055 681,2055 770,2055 860,2055 949,2061 1039,2061 1129,2061 1218,2061 1308,2061 1397,2055 1487,2055 1577,2055 1666,2055 1756,2055 1845,2055 1935,2049 2025,2049 2114,2049 2204,2049 2294,2043"/>
                <TextEquiv>
                    <Unicode>Clonlia, des Tüllins Tochter</Unicode>
                </TextEquiv>
            </TextLine>
            <TextLine id="tr_2_tl_11" custom="readingOrder {index:10;}">
                <Coords points="395,2357 667,2279 1042,2369 1294,2304 1563,2373 1766,2271 2312,2304 2312,2206 2031,2137 1844,2206 1502,2096 391,2145"/>
                <Baseline points="412,2234 501,2234 591,2234 681,2234 770,2240 860,2234 949,2240 1039,2240 1129,2246 1218,2246 1308,2240 1397,2240 1487,2240 1577,2240 1666,2240 1756,2234 1845,2234 1935,2240 2025,2240 2114,2240 2204,2240 2294,2246 2323,2246"/>
                <TextEquiv>
                    <Unicode>Cornelia, ihre Gespielen!</Unicode>
                </TextEquiv>
            </TextLine>
            <TextLine id="tr_2_tl_12" custom="readingOrder {index:11;}">
                <Coords points="391,2625 2605,2584 3089,2727 3378,2629 3378,2470 391,2487"/>
                <Baseline points="412,2586 501,2586 591,2592 681,2592 770,2592 860,2598 949,2598 1039,2598 1129,2598 1218,2598 1308,2598 1397,2604 1487,2598 1577,2598 1666,2598 1756,2598 1845,2598 1935,2598 2025,2598 2114,2598 2204,2592 2294,2598 2383,2592 2473,2592 2562,2592 2652,2598 2742,2598 2831,2598 2921,2598 3010,2598 3100,2592 3190,2592 3279,2598 3369,2610 3387,2622"/>
                <TextEquiv>
                    <Unicode>Krieger aller Parteien, Bürger, Geschling</Unicode>
                </TextEquiv>
            </TextLine>
            <TextLine id="tr_2_tl_13" custom="readingOrder {index:12;}">
                <Coords points="289,2780 1770,2764 2450,2898 3016,2780 3016,2646 289,2662"/>
                <Baseline points="310,2771 340,2771 430,2765 519,2760 609,2760 698,2760 788,2754 878,2760 967,2760 1057,2765 1147,2765 1236,2765 1326,2765 1415,2760 1505,2760 1595,2760 1684,2760 1774,2765 1863,2765 1953,2765 2043,2765 2132,2760 2222,2754 2311,2754 2401,2754 2491,2754 2580,2754 2670,2760 2760,2765 2849,2765 2939,2765 3028,2765"/>
                <TextEquiv>
                    <Unicode>der Ämlig. eide Nebenpersonen</Unicode>
                </TextEquiv>
            </TextLine>
        </TextRegion>
        <TextRegion id="tr_1" custom="readingOrder {index:1;}">
            <Coords points="3656,571 6971,571 6971,4179 3656,4179"/>
            <TextLine id="tr_1_tl_1" custom="readingOrder {index:0;}">
                <Coords points="4567,615 4896,765 5059,667 5352,651 5478,765 5629,688 5816,712 6011,643 6011,395 5845,444 5511,403 5421,452 5315,399 5124,460 4815,366 4567,391"/>
                <Baseline points="4588,621 4677,621 4767,627 4856,633 4946,633 5036,639 5125,639 5215,639 5304,633 5394,633 5484,627 5573,621 5663,633 5752,633 5842,633 5932,633 6021,627 6027,621"/>
                <TextEquiv>
                    <Unicode>Erster Aufzug.</Unicode>
                </TextEquiv>
            </TextLine>
            <TextLine id="tr_1_tl_2" custom="readingOrder {index:1;}">
                <Coords points="3639,704 3732,667 3850,720 4204,659 4265,655 4306,692 4392,680 4387,395 4343,383 4119,448 4054,423 3960,444 3842,399 3765,431 3635,423"/>
                <Baseline points="3662,645 3751,639 3841,639 3930,639 4020,645 4110,651 4199,651 4289,651 4378,645 4402,645"/>
                <TextEquiv>
                    <Unicode>1875</Unicode>
                </TextEquiv>
            </TextLine>
            <TextLine id="tr_1_tl_3" custom="readingOrder {index:2;}">
                <Coords points="3830,1005 3854,1005 3875,1022 3903,1005 3928,1026 3976,1026 4029,1001 4058,1013 4078,700 4029,692 3944,716 3923,696 3903,712 3850,712"/>
                <Baseline points="3859,890 3901,890 3990,884 4080,878"/>
                <TextEquiv>
                    <Unicode>39/6</Unicode>
                </TextEquiv>
            </TextLine>
            <TextLine id="tr_1_tl_4" custom="readingOrder {index:3;}">
                <Coords points="4860,1066 5071,989 5267,1050 5409,981 5592,997 5592,855 5499,822 5393,879 5267,822 5059,847 4969,814 4860,842"/>
                <Baseline points="4880,961 4970,967 5060,973 5149,967 5239,967 5328,967 5418,967 5508,973 5597,973 5603,973"/>
                <TextEquiv>
                    <Unicode>Erste Sonne.</Unicode>
                </TextEquiv>
            </TextLine>
            <TextLine id="tr_1_tl_5" custom="readingOrder {index:4;}">
                <Coords points="3704,1229 6960,1209 6960,1026 6614,977 5450,977 4819,1103 3704,1013"/>
                <Baseline points="3727,1176 3745,1182 3835,1176 3924,1170 4014,1170 4104,1164 4193,1164 4283,1164 4372,1164 4462,1164 4552,1158 4641,1158 4731,1158 4821,1158 4910,1152 5000,1158 5089,1152 5179,1147 5269,1152 5358,1152 5448,1152 5537,1152 5627,1147 5717,1147 5806,1147 5896,1141 5985,1141 6075,1147 6165,1141 6254,1141 6344,1141 6434,1141 6523,1141 6613,1135 6702,1135 6792,1147 6882,1147 6971,1158"/>
                <TextEquiv>
                    <Unicode>Lieutia auch a. Soppfa. Es kommt schnell seine Spurius</Unicode>
                </TextEquiv>
            </TextLine>
            <TextLine id="tr_1_tl_6" custom="readingOrder {index:5;}">
                <Coords points="3687,1416 6907,1396 6907,1233 6569,1156 5214,1249 4957,1168 4721,1286 4558,1176 4359,1294 3691,1233"/>
                <Baseline points="3715,1338 3781,1338 3871,1344 3960,1338 4050,1338 4140,1332 4229,1332 4319,1332 4408,1326 4498,1332 4588,1332 4677,1332 4767,1332 4856,1332 4946,1332 5036,1326 5125,1326 5215,1326 5304,1326 5394,1320 5484,1320 5573,1320 5663,1320 5752,1320 5842,1320 5932,1320 6021,1314 6111,1320 6201,1314 6290,1314 6380,1308 6469,1308 6559,1308 6649,1308 6738,1308 6828,1314 6917,1308"/>
                <TextEquiv>
                    <Unicode>Liernius. Ihm nach Rargninius Collatinus, Sullus Na¬</Unicode>
                </TextEquiv>
            </TextLine>
            <TextLine id="tr_1_tl_7" custom="readingOrder {index:6;}">
                <Coords points="3647,1587 3818,1538 3907,1616 4204,1518 5035,1571 5120,1510 5397,1514 5401,1400 4550,1335 4387,1453 4013,1363 3647,1433"/>
                <Baseline points="3668,1529 3703,1529 3793,1523 3883,1517 3972,1517 4062,1511 4151,1511 4241,1511 4331,1505 4420,1505 4510,1505 4600,1499 4689,1499 4779,1499 4868,1499 4958,1499 5048,1499 5137,1493 5227,1493 5316,1493 5406,1487"/>
                <TextEquiv>
                    <Unicode>lerius und Samuel Brutus.</Unicode>
                </TextEquiv>
            </TextLine>
            <TextLine id="tr_1_tl_8" custom="readingOrder {index:7;}">
                <Coords points="3635,1787 5527,1681 6907,1791 6911,1510 3635,1612"/>
                <Baseline points="3656,1708 3685,1708 3775,1708 3865,1702 3954,1696 4044,1690 4134,1684 4223,1684 4313,1684 4402,1684 4492,1678 4582,1678 4671,1678 4761,1684 4850,1684 4940,1684 5030,1678 5119,1678 5209,1678 5298,1672 5388,1672 5478,1672 5567,1678 5657,1678 5747,1678 5836,1672 5926,1672 6015,1672 6105,1672 6195,1666 6284,1660 6374,1666 6463,1660 6553,1660 6643,1660 6732,1660 6822,1660 6911,1660"/>
                <TextEquiv>
                    <Unicode>Lieretius. Schurinb. Was ist, mein Kind, was ist? Dieserhaft so bleich</Unicode>
                </TextEquiv>
            </TextLine>
            <TextLine id="tr_1_tl_9" custom="readingOrder {index:8;}">
                <Coords points="3879,1917 5926,1888 6032,1872 6032,1693 3879,1770"/>
                <Baseline points="3901,1851 3978,1851 4068,1857 4157,1857 4247,1857 4337,1857 4426,1857 4516,1851 4605,1851 4695,1851 4785,1851 4874,1845 4964,1845 5054,1845 5143,1845 5233,1845 5322,1845 5412,1845 5502,1845 5591,1845 5681,1840 5770,1834 5860,1834 5950,1828 6039,1834"/>
                <TextEquiv>
                    <Unicode>Und schreckliches verkundet deine Miene!</Unicode>
                </TextEquiv>
            </TextLine>
            <TextLine id="tr_1_tl_10" custom="readingOrder {index:9;}">
                <Coords points="3911,2116 4078,2165 4192,2096 4274,2165 4546,2047 5832,2072 5832,1921 5657,1872 5547,1929 5193,1872 4522,1950 4436,1872 3915,1925"/>
                <Baseline points="3936,2037 3960,2037 4050,2031 4140,2037 4229,2037 4319,2037 4408,2037 4498,2031 4588,2031 4677,2031 4767,2031 4856,2025 4946,2025 5036,2013 5125,2019 5215,2019 5304,2019 5394,2019 5484,2019 5573,2013 5663,2013 5752,2007 5842,2001"/>
                <TextEquiv>
                    <Unicode>Ospreich, was ist dir, theure Tochter,</Unicode>
                </TextEquiv>
            </TextLine>
            <TextLine id="tr_1_tl_11" custom="readingOrder {index:10;}">
                <Coords points="3712,2287 4473,2332 4957,2214 5263,2336 5556,2210 6182,2320 6882,2206 6886,2027 3712,2116"/>
                <Baseline points="3733,2240 3751,2240 3841,2228 3930,2228 4020,2228 4110,2222 4199,2222 4289,2222 4378,2216 4468,2216 4558,2210 4647,2210 4737,2210 4827,2210 4916,2210 5006,2210 5095,2210 5185,2204 5275,2204 5364,2204 5454,2204 5543,2204 5633,2204 5723,2204 5812,2204 5902,2210 5991,2216 6081,2216 6171,2204 6260,2204 6350,2198 6440,2198 6529,2192 6619,2186 6708,2192 6798,2192 6888,2192"/>
                <TextEquiv>
                    <Unicode>Secretia. Ertehet, entehrt, Beschimpft auf ewige Zeiden“</Unicode>
                </TextEquiv>
            </TextLine>
            <TextLine id="tr_1_tl_12" custom="readingOrder {index:11;}">
                <Coords points="3704,2438 4485,2405 4917,2515 5128,2409 6011,2389 6447,2499 6838,2454 6838,2279 6638,2194 5865,2324 5556,2206 5263,2336 4957,2214 4461,2344 3704,2320"/>
                <Baseline points="3727,2395 3799,2395 3889,2395 3978,2395 4068,2395 4157,2401 4247,2401 4337,2395 4426,2395 4516,2395 4605,2395 4695,2389 4785,2389 4874,2389 4964,2389 5054,2383 5143,2383 5233,2383 5322,2383 5412,2383 5502,2383 5591,2383 5681,2383 5770,2383 5860,2383 5950,2377 6039,2377 6129,2377 6218,2377 6308,2377 6398,2371 6487,2371 6577,2365 6667,2365 6756,2365 6846,2359"/>
                <TextEquiv>
                    <Unicode>Collatinus. Das muß ich hören! Du hast's ausgesprochen,</Unicode>
                </TextEquiv>
            </TextLine>
            <TextLine id="tr_1_tl_13" custom="readingOrder {index:12;}">
                <Coords points="3968,2617 5792,2556 6239,2568 6532,2694 6781,2633 6732,2438 6451,2507 6081,2393 5124,2405 4945,2507 3968,2438"/>
                <Baseline points="3990,2580 4014,2580 4104,2580 4193,2574 4283,2574 4372,2574 4462,2574 4552,2574 4641,2574 4731,2574 4821,2568 4910,2568 5000,2568 5089,2562 5179,2562 5269,2562 5358,2562 5448,2562 5537,2562 5627,2562 5717,2562 5806,2556 5896,2556 5985,2556 6075,2556 6165,2556 6254,2550 6344,2550 6434,2550 6523,2550 6613,2544 6702,2538 6792,2538"/>
                <TextEquiv>
                    <Unicode>Werwars? Wer hat die Frevel that begangen?</Unicode>
                </TextEquiv>
            </TextLine>
            <TextLine id="tr_1_tl_14" custom="readingOrder {index:13;}">
                <Coords points="3976,2780 4912,2743 5002,2825 5173,2739 5356,2849 5735,2731 6345,2759 6345,2609 6235,2568 5877,2633 5800,2560 4941,2584 4420,2686 3980,2613"/>
                <Baseline points="4002,2748 4026,2748 4116,2748 4205,2742 4295,2742 4384,2742 4474,2736 4564,2736 4653,2736 4743,2736 4832,2730 4922,2730 5012,2730 5101,2730 5191,2730 5281,2724 5370,2724 5460,2724 5549,2718 5639,2724 5729,2718 5818,2712 5908,2712 5997,2712 6087,2712 6177,2712 6266,2700 6356,2694"/>
                <TextEquiv>
                    <Unicode>Wer wagte es, in frevelhafter tühl</Unicode>
                </TextEquiv>
            </TextLine>
            <TextLine id="tr_1_tl_15" custom="readingOrder {index:14;}">
                <Coords points="3993,2951 5405,2926 6097,3020 6553,2939 6553,2784 3993,2792"/>
                <Baseline points="4014,2927 4050,2927 4140,2933 4229,2933 4319,2927 4408,2927 4498,2921 4588,2927 4677,2927 4767,2927 4856,2921 4946,2921 5036,2921 5125,2921 5215,2915 5304,2921 5394,2921 5484,2921 5573,2915 5663,2915 5752,2915 5842,2915 5932,2915 6021,2915 6111,2909 6201,2909 6290,2909 6380,2909 6469,2903 6559,2897"/>
                <TextEquiv>
                    <Unicode>des Collatinus Gattin zu beschimpfen?</Unicode>
                </TextEquiv>
            </TextLine>
            <TextLine id="tr_1_tl_16" custom="readingOrder {index:15;}">
                <Coords points="3993,3191 4554,3114 4778,3232 4969,3097 5210,3191 5816,3089 6825,3150 6862,2918 6182,3020 5104,2930 4298,3040 3997,2947"/>
                <Baseline points="4014,3112 4086,3112 4175,3112 4265,3106 4355,3106 4444,3100 4534,3100 4623,3100 4713,3094 4803,3094 4892,3094 4982,3094 5071,3088 5161,3088 5251,3088 5340,3088 5430,3088 5520,3088 5609,3088 5699,3082 5788,3082 5878,3076 5968,3076 6057,3070 6147,3082 6236,3076 6326,3082 6416,3082 6505,3076 6595,3076 6684,3082 6774,3088 6864,3088"/>
                <TextEquiv>
                    <Unicode>Wer war es, sprach, daß er von meiner Hand</Unicode>
                </TextEquiv>
            </TextLine>
            <TextLine id="tr_1_tl_17" custom="readingOrder {index:16;}">
                <Coords points="3968,3309 4904,3293 5067,3403 5376,3276 5722,3370 5967,3268 6817,3313 6817,3134 6606,3093 6386,3195 5816,3093 5503,3223 4974,3097 4778,3228 4253,3134 3968,3219"/>
                <Baseline points="3990,3291 4050,3291 4140,3291 4229,3291 4319,3285 4408,3279 4498,3279 4588,3279 4677,3279 4767,3279 4856,3279 4946,3273 5036,3273 5125,3273 5215,3273 5304,3273 5394,3273 5484,3273 5573,3279 5663,3273 5752,3267 5842,3261 5932,3261 6021,3255 6111,3255 6201,3255 6290,3261 6380,3261 6469,3255 6559,3255 6649,3255 6738,3249 6828,3255"/>
                <TextEquiv>
                    <Unicode>den TodesPreich empfange! Sprichwer ist's?</Unicode>
                </TextEquiv>
            </TextLine>
            <TextLine id="tr_1_tl_18" custom="readingOrder {index:17;}">
                <Coords points="3712,3573 5210,3447 5368,3561 5682,3484 5800,3569 5914,3472 6703,3468 6707,3301 5967,3272 5718,3374 5385,3272 5075,3407 4762,3284 4351,3407 3716,3346"/>
                <Baseline points="3733,3464 3757,3464 3847,3464 3936,3464 4026,3464 4116,3464 4205,3458 4295,3452 4384,3452 4474,3452 4564,3458 4653,3452 4743,3447 4832,3447 4922,3447 5012,3452 5101,3452 5191,3447 5281,3447 5370,3447 5460,3447 5549,3447 5639,3441 5729,3441 5818,3435 5908,3429 5997,3423 6087,3429 6177,3429 6266,3435 6356,3429 6445,3429 6535,3435 6625,3435 6714,3435"/>
                <TextEquiv>
                    <Unicode>Spurius. O kochter, ich beschwöre dich! Wer ist es?</Unicode>
                </TextEquiv>
            </TextLine>
            <TextLine id="tr_1_tl_19" custom="readingOrder {index:18;}">
                <Coords points="3826,3720 4086,3655 4359,3773 4485,3651 4945,3639 5185,3740 5405,3626 6178,3712 6264,3630 6634,3651 6638,3480 5889,3484 5796,3573 5608,3496 5364,3557 5214,3451 4746,3573 4567,3472 3826,3557"/>
                <Baseline points="3847,3638 3865,3638 3954,3644 4044,3644 4134,3644 4223,3644 4313,3638 4402,3644 4492,3638 4582,3638 4671,3638 4761,3638 4850,3638 4940,3632 5030,3632 5119,3632 5209,3626 5298,3620 5388,3626 5478,3620 5567,3620 5657,3626 5747,3620 5836,3620 5926,3620 6015,3620 6105,3620 6195,3620 6284,3620 6374,3614 6463,3620 6553,3614 6643,3602"/>
                <TextEquiv>
                    <Unicode>Bei allen Göttern! Lage uns die Wahrheit!</Unicode>
                </TextEquiv>
            </TextLine>
            <TextLine id="tr_1_tl_20" custom="readingOrder {index:19;}">
                <Coords points="3724,3850 5401,3785 6659,3875 6663,3647 5470,3647 5181,3740 4489,3647 4359,3773 4119,3675 3724,3716"/>
                <Baseline points="3745,3805 3799,3811 3889,3811 3978,3811 4068,3811 4157,3817 4247,3817 4337,3811 4426,3805 4516,3805 4605,3799 4695,3805 4785,3805 4874,3799 4964,3799 5054,3793 5143,3793 5233,3787 5322,3781 5412,3787 5502,3787 5591,3787 5681,3787 5770,3787 5860,3781 5950,3781 6039,3781 6129,3781 6218,3781 6308,3787 6398,3781 6487,3781 6577,3781 6667,3769"/>
                <TextEquiv>
                    <Unicode>Lucretia? Do höret, könnte; hört und erstaunt!</Unicode>
                </TextEquiv>
            </TextLine>
            <TextLine id="tr_1_tl_21" custom="readingOrder {index:20;}">
                <Coords points="3740,3980 4200,4054 4856,3976 5283,4058 5547,3972 6296,4009 6394,3993 6398,3834 5079,3789 4640,3903 3744,3834"/>
                <Baseline points="3763,3972 3805,3978 3895,3984 3984,3990 4074,3990 4163,3990 4253,3984 4343,3978 4432,3978 4522,3972 4611,3966 4701,3966 4791,3966 4880,3966 4970,3960 5060,3960 5149,3960 5239,3960 5328,3960 5418,3960 5508,3960 5597,3966 5687,3966 5776,3966 5866,3960 5956,3966 6045,3960 6135,3960 6224,3960 6314,3960 6404,3948"/>
                <TextEquiv>
                    <Unicode>Es war der Freiler des Tyrannen Sohn!</Unicode>
                </TextEquiv>
            </TextLine>
            <TextLine id="tr_1_tl_22" custom="readingOrder {index:21;}">
                <Coords points="3769,4208 3923,4286 4107,4221 4611,4286 4868,4180 5670,4249 6280,4160 6280,3997 6085,3968 5417,4001 5271,4090 4782,3980 3773,4025"/>
                <Baseline points="3793,4163 3871,4169 3960,4169 4050,4169 4140,4163 4229,4157 4319,4157 4408,4157 4498,4157 4588,4157 4677,4157 4767,4151 4856,4151 4946,4151 5036,4151 5125,4151 5215,4145 5304,4145 5394,4145 5484,4140 5573,4134 5663,4134 5752,4134 5842,4134 5932,4134 6021,4134 6111,4128 6201,4122 6290,4110"/>
                <TextEquiv>
                    <Unicode>dextub, der Sohn Targni ein’s Fupertus</Unicode>
                </TextEquiv>
            </TextLine>
        </TextRegion>
    </Page>
</PcGts>
