7144 4600
251 319 2980 668 O Brautub! Eher sollte Klüto herrschen
4266 434 6118 745 Honalius Coshs u. Mevius
166 553 2274 869 dh Auf Erden nur nicht
4628 694 5748 966 begegnen sich.
307 698 3236 1035 Havins: Es wird jetzt Bretulierd erschenter
3627 762 6935 1094 Konatus Coeks. Heil! Freund! Heilund Sleil!
2295 869 3410 1145 Aluser Vater.
370 920 1035 1188 Marullus
4990 1013 6872 1294 und lausend faches Hill.
400 1039 3483 1350 Slavius. Wie wird’s in Kompitzt werden Güter Fisch¬
1878 1192 3525 1392 erhebärt u. so züztig
3721 1171 6041 1503 Meins. D ein gedachtes Glück!
336 1299 3112 1452 So sittenstrengs es wird schrecklich werden
1409 1311 3440 1528 als ein Alterwaßerstaat
869 1431 1260 1537 auch
404 1435 596 1584 7bre
5688 1375 6944 1622 Ogolden Freiheitt
3751 1379 4389 1580 Exclus.
349 1443 3176 1716 Läemins / doch hat Targuinns v. Gang geherischt,
3908 1545 6906 1797 Sie währe länger als das einig thum
345 1597 2793 1873 So hätt' die edelsten er bald getödtet.
6041 1720 6740 1958 Zeiten!
3721 1712 6156 2027 Sie wahre ewig, währe einige¬
341 1741 3351 2052 Flavius Rügiliub so sprichst du, du einem Bruder?
5777 1886 6046 2018 kund
1486 1912 2891 2086 näher neu, verraten
553 1963 758 2082 rein
3789 1963 6889 2159 Frei hebt die Seele sich muthig, wenn
158 1941 3521 2176 Bistde O. Schwächling (Gesung könne dahin einen Weikel
549 2107 3278 2227 geb. Bruder. Kaigre ich in einen Minkel, son¬
3827 2065 7021 2329 der Knechtschaft füsseln endlich abgeschüttet
307 2142 3512 2423 daß du nichts sechst von Rong von kämpf und Schlacht!
3853 2244 6148 2520 Und sie sie das, sie Hinds
341 2350 3317 2614 Folgt“ mir, Thrandere, kommt, ich geh’ nach Glause.
3866 2482 7008 2708 denn hat das Volk sich einmal so erhoben,
1486 2478 2295 2772 (Für gehen.)
3879 2584 6974 2904 Wegt mitig so das schwerbedrückte Herz¬
1456 2648 2440 2857 hierlns blibt/
1243 2678 3504 2942 geht ihr -, anfenden Schultern steht
2908 2831 3483 2955 urd könn
3883 2797 5990 3070 dann haben wir gesiegt!
1047 2861 3470 3023 Was sollich thun, wohin soll ich mich wenden
294 2840 852 3121 Lücküis.
1328 2989 3538 3168 ist das Recht nicht auf des Königs Seite
5139 2921 6548 3240 Gesiegt, gesingt!
3644 2976 4504 3244 Mweins.
2431 3061 3491 3202 wissen durch dort
1588 3065 2176 3227 Scharant
796 3019 1392 3308 The filia
4407 3048 5330 3266 a für das ge¬
1277 3125 3495 3334 auf xxx xyz ja auch xyz
3644 3125 7004 3393 daß dich u marmen Freund, Capitaine Gränenwiecken
766 3244 3478 3483 Ich jetzt erführt ist es, wie schwach ich bin, —
3721 3304 6944 3546 Ö Freund an deiner Geist, - und wenn mit!
758 3351 3478 3661 Muth fehlet mir! - Ich bin sich jungen und schwach
3734 3534 6667 3781 dreifaches Theol dem tapfern Brutus
741 3521 3495 3836 Es ist noch allzu nach erhaff mein Sünd¬
3734 3661 7033 3968 Jetzt koma Freund, läßt uns zur Maudeilen
1775 3747 1988 3900 of
809 3717 3538 4083 Ich bleibe für die andre Theil allerzeit selb¬
3610 3836 7025 4155 ob And tapfern Mutes für die Freiheit streitere
4696 4006 5577 4240 beide at
