7160 4600
389 322 720 707 ne
887 389 3339 707 Kräius Büretius Collotidius. Mieius Coeles
837 648 1862 874 Sullius. Lueius.
406 820 2640 1105 Valerius. Seid mir gegrüßt!“
414 1025 753 1226 Alle.
2084 1004 3506 1251 Gegrüßt, Valerin 6:
615 1180 2837 1402 (Sie setzen sich um den Tisch.)
448 1368 3556 1602 Collatinus. Wo ist der erste Consul, wo ist Brutus¬
423 1519 3560 1795 Walerius. Er kann nicht kommen, edler Collatmus
431 1682 3418 2004 bis Mitternacht beschäftigt ihn der Staat¬
406 1853 2381 2159 Gurius. Ein edler Mann!
335 2025 833 2255 ducius.
1937 2054 3565 2330 Was glaubt Ihr wohl. Vaterius
402 2205 3376 2427 Wird ohne Krieg, - und ohne jede Schlacht
264 2355 3585 2606 Uns Freiheit bleiben? Wird Superdus nicht
335 2573 3506 2904 Ein Großes Jlakor sich sammln gegen uns.
335 2740 2753 2975 Mlerius. da ist kein Zweifel
351 2920 3489 3188 Collatueurs. Dein, fürwahr kam Zweifel.
372 3083 1950 3385 Schwollt' es auch nicht."
226 3255 766 3535 H. Coelas
1761 3301 2414 3585 Krieg!
561 3347 1105 3569 Louzius
372 3460 916 3715 attiam/
1908 3464 3539 3790 Superbus Untergang!
1008 3623 2460 3912 pr leart ein Glaats
326 3740 3556 4138 Alle (trinkand u anstößend) Superbus Unter¬
598 3975 1105 4247 gang!
3698 251 6941 544 Collatinuns. Und dex tus todt,- was sagt ihr dazu,
6083 473 6928 690 Freunde?
3669 669 7025 879 Malerius. Ganz u. begreiflich! Wer ists wohl gewesen.
3753 849 7016 1096 Sperius fast glaube ich an eine höhre Macht,
3778 1004 5945 1297 die selbst überbehielt die Rache.
3790 1151 6849 1427 Mneius. So hört! Tohört den wunderbaren Traum
3757 1347 6640 1648 den mir heut Nacht die Götter zugesendet.
3820 1527 6853 1812 Ich sah den Königssohn auf einer Bahre liegend
3811 1690 6677 1991 Das Antlitz todtenblauch! Doch kamen Wunde
3824 1862 6669 2201 So ich an ihm. Zu seinem Gläugte aber
3807 2046 6108 2339 Stand ernsten Blickes Onivinus &
5510 2217 6376 2431 Romulus!
3682 2238 4343 2540 Ansere
3778 2368 7008 2665 Mueins. Ja, er das bei dem Göttern oben weilext.
3866 2590 6928 2870 das Bild verschwand, - ein andres tauchte auf¬
3883 2757 6661 3058 Ich sah mich selbst in roten Feuers flammen
3878 2941 6430 3205 de glühend meinen Leibumzingelten
3924 3117 6422 3360 In mainm Arman aber Clonlia
3908 3301 6359 3519 Sa eure Tochter; dler Tullius;
3941 3477 6928 3740 Sie, die ich liebe, lag in meinen Armen.
3744 3640 6757 3924 Wech ledoch; - wir wurden nicht versengt.
3895 3811 6225 4100 Rehisse Flammen wälzten sich auf ih¬
3903 3970 7004 4305 buch wehrere einstgen König; auf Superbus.
