7352 4936
5396 316 5577 479 31
2008 463 2200 639 80
3643 422 6941 787 Brutus. So lebet wohl, ihr alle meine Freunde!
1090 602 2266 922 Superbus (kommt.)
3639 664 6126 926 Die Götter sollen auch beschützen!
344 758 3507 1115 Superbus. Nun endlich sind ich dich, verüchter seine
3708 848 6831 1123 Theil Romia dir 1. Werd mächtig und gewaltig,
443 963 3544 1307 Nun räch' ich deren schändlichen Verrat
3721 996 6540 1340 Steh’ hoch und groß M u unter allen Fremden,
438 1094 3569 1373 Und mit dir xxx Komas Nacht zu Boden¬
3712 1135 6896 1496 der Weg zum Ruhen soll dir offensteher.
365 1270 3569 1610 Brutus. Ich werde fallen, haber Romsch
3725 1360 6978 1619 Und niemals! namals selbst du untergehnd
377 1483 3569 1762 Und stehen wird noch viele hundert Jahre!
3733 1569 4634 1873 (Er stirbt.)
783 1659 3081 1942 (Sie fechten. Brütus fällt.)
3737 1655 7015 2020 Sp. Lüer. Das starkste Herz wird schwach ausbeugt sich
385 1827 3565 2188 Superbas. (Hösuisch) hat dich die Kraft verlassen
6245 1864 7027 2118 den Göttern.
2708 1922 3610 2139 stalger Bretes.
692 2041 3557 2303 Sind beide Consulie todt - Auch Collarumb!
3790 2008 7027 2315 An seinem Leichnam für versähe’ ich unehmliche
3827 2221 6314 2475 Und alle meine Starrheit löst sich - auf!
463 2221 1827 2512 Brutus [dworstes]
213 2295 426 2524 br
1516 2323 3565 2598 Ja ich war es, euer König!
4729 2368 6933 2692 Stimme aus dem Walde erläuf¬
520 2413 1246 2692 Superbas.
512 2532 2434 2840 Brutas, so sich auch hier!
3807 2631 4102 2934 Pt.
553 2708 3606 3020 Inperbus (erblickt "Äruns Reichen.) Was! Arumb
3831 2741 7080 3032 Süberbus Elich! Die Röm erwaren Siger!
2606 2852 3614 3106 todt durch das
3843 2913 7048 3303 Entflieht Entflüh! Ein Gott befiehlt es Sird
807 3036 3606 3385 Kommer Republikaner und Königlich haben
3852 3053 7060 3454 Superbus. Was war das: Täuschte mich die Sinne?
586 3286 1811 3598 sich angesammelt.)
4860 3311 5351 3532 Stune
590 3417 2438 3745 Salerius! Wie! Brutus!
3917 3462 6798 3831 Entlich! Entflieh! Superbus 1. Ich befehl es!
2139 3565 2848 3823 Brutes!
4007 3630 6949 3979 Entflicht Entflieh! Ein Gott befiehltes dir!
590 3639 1414 3909 Sp. Lucretius
2508 3741 3581 4007 Beide Consulatolle
3905 3823 6392 4122 Superbas (Alle treten zurück:)
643 3872 1237 4052 Valerius
602 3913 3684 4282 Brutus. Verweizerst du auch jetzt noch ein¬
4184 3954 7117 4261 (Man erblickt Ommms von Walde, vom
3016 4098 3696 4397 Verschnung?
3979 4200 5245 4479 Mond belauch tal.)
524 4229 2901 4671 Für Lucretius (ge) Ich (reicht ihm die Hand.)
3921 4429 4106 4622 160
5351 4327 5732 4593 5/2
