7192 4616
5212 50 5396 302 52
3563 189 4037 420 Und hie zum
3647 239 6731 579 zum Tartares trägt sie der Sturm des Fluchs.
361 260 2639 621 Hilfos zu dringen. Es sich taufend Speere
3668 453 5871 730 O Brutes, überlaßt mir dieses Amt!
298 504 2774 810 Verdeken wohned dir entgegenstrecken.
3626 617 7004 919 Brutas. Nun denn, so seis! Denn nur Kongefällt, mir
239 663 3428 986 Sieins. dem Tode selber so ich starr ins Auge.
3655 818 6978 1108 Lucius. Schon nächster Taxe brech ich auf, mein Consul,
319 864 2673 1167 Und glaubt ihr wohl, u. hab mich nicht bedacht,
3672 978 6932 1288 Ihr werdet sehen, bald beginnt der Krieg! - (Ab.)
340 1041 2816 1334 Hab nicht gesonnen, wie's am besten wäre
3680 1183 3890 1414 D
340 1213 3051 1490 Zu zeigen, daß wir keinen König haben,
4360 1225 5451 1569 Brutus Callica
323 1372 3319 1674 Hargnimus zu zeigen, daß wir frei sind.
3680 1511 6576 1800 der Krieg - beginne. Denn schon ist es zeit.
239 1506 3516 1846 Brums. Er ist kein Kong mehr.- Der ist nicht könig,
3697 1699 6026 1989 die ersten Opfer sind dafür gefallen,
319 1737 3135 1981 der nicht der Herr ist seines eignen Ichs.
3730 1855 6647 2136 die eignen Sohne, - - Brutus, sei kein Weib.
340 1930 3454 2174 Zieins. Er will die kaum haufentblößten Schade
3756 2014 6819 2316 Bald höbl ich ich Thönnen in dem Aug gefühlt,
390 2073 3160 2367 Hin nach Carguini zur Nachzeit tragen
3756 2195 6534 2518 Zu groß ist wie ein Opfer für den Staat,
441 2266 2849 2556 Und sie in fünstrer, mitternächtiger Stunde
3760 2379 6689 2677 Und was, - sind meinen Söhne, - meine Sohne,
441 2417 3311 2744 Vor des Superbus Wohnung dröhnend schleudern -.
2757 2597 3130 2753 horn.
1842 2606 2035 2744 seid
3735 2572 5904 2870 Ein Brütus sollte solche Söhnehaben,
466 2656 2862 2916 Wie wird wir wollen der erregter Stolz,
3785 2736 6899 2984 Verräter an dem eignen Vaterland. —?
483 2782 3500 3084 Wie wird sein Stolz in Wüt und glut sich sträuden,
3798 2921 5984 3231 Verbilger will ich die Erinnerung
407 2975 3386 3265 Und endlich, - endlich kommt der offne Krieg
3806 3084 6542 3361 die sie zurückruft vor das geist an Augen
407 3143 3571 3412 das Tener wird, das jetzt an verborgen kommt
638 3315 881 3433 Wird
3772 3252 6269 3500 Auslöschen ihr Andenken in der Brust
478 3315 3391 3613 Nun endlich frei zum hinauf zum Himmel lodern;
3819 3424 7012 3777 Ich will sie für vorge her. Sie sein vergessen, - Brutus
491 3500 3428 3777 Wird nicht heimtück ist im Verborgen baarn
5971 3617 6894 3894 ermanne die
462 3676 2728 3898 Weil in die Lüfte steigt die rote Gut
4595 3785 7041 4129 (Volk) zum ülkung ver Hintergründe.)
407 3865 3269 4138 Und wird Und bis zu Auführe kennte Sverstes Stamm
323 4024 2807 4322 Fux erbusten versengt. sich selbst zur Asche¬
