7176 4616
232 327 916 626 Schrekbildt
257 460 2710 775 Wie kommst du aus Am Grabe her zu mir?!
311 675 2739 986 Was willst du, - todes bleiches fahles Amtlitz
215 878 2627 1156 Was fast du mich so gläsern angestert
298 1065 3137 1334 Und hast in Ers die Seele nur gewandelt?
1919 1231 2851 1438 s kalte Grab.
294 1251 974 1438 O gch zurück
1106 1268 1827 1434 zurück
373 1338 2760 1488 woher du kamst, woran die auferhand¬
286 1450 2582 1687 du fürchterlich gespensterhaftes Wesen
298 1558 3385 1861 Bin ich erwacht - -? Beid ihr es, meine Freude¬
323 1749 3385 2035 Habt ihr ihn auch gesehen? Nun ich hab' geträum
273 1968 3535 2217 Ihr habt ihn nicht gesehn? Es war nur Traum -?
580 2088 2316 2383 (Streichl sich die Stirne)
311 2275 2134 2536 Es war nicht s. Nein, - nichts!
294 2437 3555 2681 Aulus. Aber Freund, was war das -?
294 2669 874 2884 Cienro.
957 2619 3203 2950 Nachrich bereit zum Kampfe, Cassius.
419 2818 1935 3087 Er will ihn erstechen
381 2979 2383 3257 Lucilias Geist (erscheint wieder)
443 3170 3555 3427 Halt ein, halt ein! Ein kord wergt schwer im Ortes!
456 3323 1156 3601 Verschwindet.
365 3518 804 3792 Ciero
974 3506 2532 3800 Zu Viel, zu viel (Sakl um).
352 3684 1044 3953 Marellus.
1566 3584 3588 3970 So stirb von meiner Pfarrk Zahl damalte,
700 3850 3472 4082 P. Valerino, Collatiens, Spurius, mais Collas
750 4036 3568 4380 Fullius, Luems schnell für eine (alle entblöste Thever)
5263 0 5449 319 47
3663 286 6986 642 Collater Béiuk (mit entblöstem Schwert, schlug 2 den
3651 510 6054 800 karellus die doch aus der Pand.)
3717 692 5548 965 Valerius. Zu rechter Zeit
4914 845 7044 1131 Weh und! Was wird das werden?
3746 870 4243 1082 Aulug
3763 1028 5801 1285 Kalaxius. Geb/auch gefangen:
4898 1185 6618 1483 kehret auf, genossen!
3779 1231 4409 1413 Marullus.
3800 1367 6986 1658 Talle ziehen die Schwerten,### erhebt sich, und
3862 1550 5006 1782 zicht das Schwert.
3754 1720 7024 2030 Anw. (E. J.) du sollst mich nicht mehr schrecken lehres
5681 1914 6423 2159 Wehrbld:
3841 2080 6792 2350 (bei dem ersten Schwesterklirren kommt
3829 2242 6464 2515 Brutus. Bleibt bei der Thüre stehen.)
3754 2424 7028 2756 Buntus. Entblößte Swester! - Aufe, ich befehl' es
3763 2627 5080 2921 Was ist geschehen?
4251 2780 5996 3033 Ecclas mit Erwaffneten.
4732 2959 6481 3249 Hier zur Verstärkung.
3746 2971 4202 3166 Alles.
3721 3129 7024 3348 Brutus. Die Schwärter in die Scheide! Ich beschlies.
3717 3311 7003 3601 genug nach auf in haben wir der Zwistracht
6278 3477 6531 3617 any
3734 3485 7044 3800 Somöge immer T. Soll denn unserm Juni kein Friedefäll
3787 3667 5623 3908 (die Schwerten in die Schäde.)
3754 3796 6995 4152 Walterius. Wir machten die Verschwörung für zu Äuften
3754 4011 5930 4318 Euch euere Söhne sind gefangene!
