7320 4872
5031 369 5250 551 J G
1970 450 2132 616 P.S
3721 486 6429 790 Brulus. Ich komme! Usschät auch in das gefacht!
320 527 3247 940 Und jetzt:- o unerbittlich hartes Schicksal¬
4001 673 6778 1013 Ich folg auch gleich! (Hor-loeles u. Uneinsab.)
336 754 3158 1001 kein Rind mehr! Todt! Ja beide, - beide todt.
4869 872 6968 1147 Chr siemt ihr starrt hinaus ins Weite.
3774 932 4139 1127 Valerius
353 896 3588 1188 Valerius. Du reißt dir eig in Wunden wieder auf¬
3798 1009 6843 1358 das Weite Und ferne sie schweift der Gedanken Flug,
251 1147 3482 1423 Seit Last das Vergangen ruhr in seinem Grab.
1816 1281 2015 1403 1910
3912 1196 6510 1496 Ihr wärt nie so. Se eures bussend Tufe,
284 1269 3478 1626 Laß es dort rühr für Wohl nicht in aber nie gehalten
2947 1411 3571 1565 Wunden, –
3936 1374 6839 1686 Ging mächtiges vor mit der verflossen Stunde
413 1500 3502 1771 die selbst der Lethe nicht vergessen macht.
3985 1540 6600 1881 Und nicht denselben Brutusverpficht dies Nacht,
426 1678 2311 1930 Brutus. kannst du verzeihn?
3952 1719 6677 2027 den sie noch soh vor vier und zwanzig Stunden.
1966 1808 3584 2084 Das kann ich niemals, immals
304 1853 746 2112 Sp. Lucr
3806 1873 7062 2136 Brutus (gedankenvoll.) Nicht mehr derselbe, - nicht der selbe Bur¬
397 2015 3186 2307 Gib mir des Collatiens Leben wieder
3806 2116 7041 2367 Salernis Rommt! Komt! Och eile mitzustreiten kommt? (A)
426 2148 3531 2497 Gib wieder, was der Tartares verschlagen
430 2355 3584 2667 Und - mach mich glücklig! - Jetzt zum Schlacht, zur Schlacht
4913 2392 6121 2671 Buitus (allein.)
442 2521 3575 2797 Heutwillich schwelgie in dem Blut der Feinde!
3786 2594 6587 2886 Nein nicht derselbe Beutus bin ich mehr
462 2675 3486 2984 Mit ihrem Tod! - Heut werde ich zum Tiper.
3839 2785 7033 3093 Was stimmt mir plötzlich nicht und werden keine Herze
413 2915 3397 3162 (Ab.) (kan trägt Cobletinus" Leichnam weg.)
3794 2939 6960 3288 Was lässt mich immer an Versöhnung derken?
474 3044 3498 3348 Valerius. Der Arme, Gräßlich wühlt in der Schmerzi¬
3843 3125 6656 3393 Ists eine Ahnung von dem nahen Todt
527 3267 2688 3506 Ouenheilvolle Zeiten der Empörung,
3847 3288 7070 3620 Ich fühl' es, morgen werd’ ich nichtmehr sein.
1536 3393 2088 3539 Aufruhrs
531 3385 3361 3701 des wilden Zährung in dem Staate selbst!
5258 3474 7094 3754 könne an dem Himmel aufgeh
3904 3527 4824 3758 rend wenn
507 3559 3324 3924 und alles zugeschah durch ein Verbrechen.
4783 3502 5448 3798 sie leuchten
3859 3648 7086 3952 Dann wird ihr Scheib in etwa über viele Todten¬
868 3746 3547 4038 alles durch des Saxbus Treveltäts
503 3798 803 4005 diet
3871 3843 6316 4204 Und unter diesen Todten liege ich!
677 3936 1196 4078 Mneins
442 3932 3677 4232 Jor-Cieles (tzt) Uren lonfel! Immer näher rückt die Schlag
701 4102 3636 4415 In heißem kampfe liegen beide Herrd
636 4273 3648 4617 Und unentschieden wohl das Gück des kriegs
2761 4410 3555 4682 Schlachtenglück
608 4552 807 4735 P.S.
