7208 4712
5199 192 5485 368 7 8
3572 237 5355 670 Arrens (vom Pferde)
237 409 3405 777 Ampts. Du nicht verwächts, und wicht etwas auch
3789 409 6589 736 schschenke Dir der Freiheit, edles Ross.-
2281 576 3376 891 nicht schaden.
3801 662 6871 948 Wirst mich. nimmermehr zu tragen haben.
225 781 3511 1116 Grens. Gar mancher, der nicht nicht schwer als Freund,
3765 854 6871 1165 Ich werde sterben. (Sein Nohs läuft fort)
258 903 3536 1320 Kann beim geworden gar gefährlich werden
3658 1014 5882 1353 Brulas (auch vom 3ferd sprezen.)
282 1100 3409 1467 zupertus. o gehe, schließe dichdem kantus an.
4999 1177 6577 1472 Mache dich bereit!
253 1292 3528 1627 Ornes. Soll ich den Vater tödten, wieienstli¬
4235 1337 6495 1664 (Sie kämpfen, armes fällt.)
335 1472 3523 1749 Ich bleibe - doch ich weiß den Tod zufrieden.
4594 1508 6932 1819 dem Ohnung so Auf nicht getragen
3711 1512 4165 1807 Brutas.
335 1619 3523 1995 Superbus. Sie dringen aus dem Wald. der Kauf¬
4034 1590 4611 1848 Hochwele
5281 1704 5592 1815 konn
3773 1696 6912 2036 Ein Krager kommt) Obedr, was sahich, - o mann
2162 1803 3196 2023 rückt näher.
5567 1880 6066 2130 Consul
352 1913 3499 2260 Bereitet auch! Schon naht der Kömer Heer¬
5702 2052 6250 2269 Nun?!
3769 2036 4288 2297 Rentet
1071 2154 3552 2481 ab mit allen anderen außer
3957 2264 4284 2391 Toeb
3728 2207 6941 2575 Kreger. Targunnen Collatnurs todt gefunden,
3748 2375 6855 2755 Auf freiem Felde lag er bleich am Böders -
446 2440 1046 2641 Aruns.
462 2477 3483 2841 Arnes Tod! Vod! Der Tod nur kann den
3626 2587 6675 2878 An D Krächzend Flogen Neben schon u. unser
2166 2694 3454 2996 Zwiespalt lösen,
3662 2796 6863 3037 den Raub erspährend, an der oben aus der vor¬
5052 2935 6348 3164 der da offen lag,
401 2853 3552 3176 der mir im Busen gehrt, und ihr zerreistet.
3720 2984 5718 3250 Brutus. Auch einer Pause.
568 3070 2583 3389 Brutus (kommt geritten.)
3801 3119 6740 3376 O Collatinus! Kannst du mir derweise,
466 3217 3438 3597 Brestus. Spertus dachte ich zu finden, und
3801 3258 6986 3589 Dich frag ich, - der du jetzt in Chares Nachen
507 3425 1655 3765 Ich finde dich.
3814 3446 6757 3801 Hinüberschiffet in der Todten Reich!
1427 3540 3442 3883 Da darfst dich nicht beklagen, -
3871 3638 6695 3944 o kannst Du mir verzeihen, Collatini’s?!
462 3650 936 3863 Ärung.
523 3752 3564 4055 Ich wünsche nur den Tod wohlals mein stanz¬
3842 3805 6699 4145 Ich habe dich vertrieben aus der kennen
507 3924 3577 4263 Bentes“ du bist sein Sohn! Auch dich allleicht
3842 4002 6368 4345 Ich habe dahin die los hinein gesagt,
2743 4079 3548 4394 betensten.
