7192 4712
2130 249 2322 412 70.
677 363 2982 718 Arnes (allein mit einer Fackel.)
730 579 3244 885 (denn teichnam des Collatinus.)
1310 779 1926 1044 Sause.
339 934 2713 1257 Odreifach unglückselig Ehepaar!
306 1106 3313 1379 durch Schuld des Sohnes fand den Tod die Gattino,
330 1277 3174 1599 Und durch den Vater jetzt stirft der Gemahl.
314 1452 3362 1787 Ein Fraurig Dros, - ein unglückseelig Loos. -
326 1644 3268 1950 Ich bin sein Sohn, - mich tödtet der Gedanke,
1661 1795 3252 2020 erbrechen zu Verbrechen.
318 1836 1302 2134 Er schreitet of
698 1918 2921 2146 Er schreißet vorwärts, nimmer
335 2032 3452 2277 Mit Unkau fahrsam fürchterlich er Ein Fäll er ein
1624 2154 1803 2301 eo
335 2154 3023 2395 Schweiss keine Schmung sagt es mir
2603 2191 3529 2448 Strigkeuer auf.
388 2338 3431 2574 der Gatt der Güther weil es schrecklich rächen!
657 2489 3015 2656 die Gottes vorher fürchterlich u vorstreng
396 2566 2693 2827 O Collatini, edler, stolzer Bürger
416 2701 2999 2921 Ein achter Körner. - also die auch todt! -
424 2909 3435 3191 Nachwelchen Seite aber wend' ich mach - :
526 3072 1893 3354 Weh mir! Wehmür()
779 3203 3370 3537 (der kitter erscheint wieder im später¬
551 3427 1216 3680 gründe.
1681 3558 3386 3770 O Jugiten, was ist das!
506 3607 1032 3823 Aruns.
547 3741 3231 4060 Œr läßt die Fackel fallen. Sie verlöschte
645 3954 2097 4202 Superbus kommt
530 4125 3562 4402 Ritter. Verderben naht, es läßt sich einer hatten
5226 155 5459 408 P.
3725 294 6912 632 Verdarben preis gegeben ist dein ganzer Stamm.
3725 510 5863 828 Süperbus 1 du bist verloren. (Ab.)
3701 714 6769 1020 Aruns: Gast du 28 gehört, - die hast gehört, o Vater -?
3892 775 6956 1191 mich fasst ein Grausen! Mark und Beindurchjucktsner,
5814 1008 6259 1289 Cab.)
4631 1142 5920 1477 Superbus Callain.
3709 1371 6455 1652 Und bin ich auch verloren, - nun, so ist es berufs.
3701 1583 6797 1840 doch theuer will mein Leben ich verkaufen.
3770 1710 6189 2048 Noch manche Römer wälz an sich im Blick,
3790 1914 6161 2220 Bisfür Superbus seine Stunde schlägt.
3819 2003 6626 2342 das sind verbrechen, eines Königswürdig,
3872 2232 6626 2550 verbrechen solcher Art vergisstman nie.
3811 2424 6589 2746 Nur nicht vergessen, - nicht gerassen will ich sein
5039 2607 5235 2738 kaufe
3803 2570 6663 2897 daß einst nach und nachtausend Jahren.
3831 2766 6614 3117 kein Mensch mehr sicheruntert des Silperbus,
3860 2950 6393 3252 daß meine aschnejeder Wind verweht,
3896 3133 6912 3464 Nur daß in das Fürchterlichste ist der Vergessen sein
3843 3301 6295 3635 Sie sollen auch derfluchen, mich verdammend
5190 3403 6960 3721 das bey dem Blauge aus aus Namens
3864 3525 6230 3798 Sie sollen schaudern,  hören mit xxx,
3701 3643 6977 3913 101. Nur nicht vergessen, - - nicht der gessen will ich sind
3913 3831 6210 4141 (Dtsibt sinnendstehen.)
