7176 4600
5213 21 5414 332 59.
2059 131 2256 312 58
246 258 3519 623 Volk. Ihr Hauptgefe schon hingerichtet! Niederichtet die
3662 246 5758 554 Brutes. Ihr seld kein Consul mehr.
4979 361 6763 710 kein Consul, — Brutus!
394 513 3470 787 Verrässer! Sie sind todt. Ihr Haupt ist gefallen!
3679 468 4335 742 Ollotums.
857 644 3425 923 (Liktoren mit den blutigen Beilen.)
3728 636 6984 874 Spurius. Warum ist Collatiäusnichtmehr consul¬
299 820 3457 1124 Ein Liktor (tritt vor brutus) wie du befohlen, haben wir
3703 812 6960 1103 Brutet Er ist es nicht. - Erinnert doch an gestern
3724 993 7009 1255 Wir nicht das Feuerste der Wohl des Staates opfert
316 1021 894 1312 gethan
3769 1165 7030 1481 Verdient der Consul Roms zu sein -? Was glaubt ihr?
287 1198 1636 1501 Brutus. Gest! geht! —
582 1288 3252 1645 (die Eiktoren ab. das Volk in Hintergründe)
4680 1358 5241 1608 (Sause.)
3757 1517 7025 1755 Spurius, daß ist kein Grund. - Es war Verwandt lieber
562 1538 2219 1792 wirres durch einander:
3843 1698 4946 1940 Er hat ein Herz
377 1657 3494 2001 Brulat (die Augen auf das Volk gerichtet u Er
3769 1784 6865 2137 Brutas (Unterbricht ihn) Hab ich kein Herz vielleicht
455 1915 3511 2182 wendet sich wiederab und starrt auf die Erde.)
3769 2034 6726 2325 Hab ich kein Herz für vaterland und Staat.
500 2100 1157 2293 des Brutes
3790 2198 6935 2514 Will ich das Mohlnicht aller Römer an:
377 2116 2711 2506 Gerichtet als Verräter toutes Söhne,
5319 2362 5996 2489 ganz Roma
431 2407 3219 2670 Ihr Hauptgefallen unterm Verkurteil —?
3769 2379 7034 2695 Spurius- du willst das Ganze glücklich machen, trücken
513 2576 3178 2924 (Verhält das Haupt und eilt schnell ab.)
4040 2571 6513 2789 Und der vergiß 1 des einzelnen dabei!
3794 2748 6341 3023 Ich sage, - Collatiund bleibe Consul!
418 2797 599 3002 116
3781 2924 4848 3219 Drulus. Und ihr
1370 2945 2772 3240 Zweite Seeien.
373 3055 681 3281 30/9
4688 3101 5319 3343 (Saufe.)
1583 3113 3265 3416 der Senat versammelt.
4450 3269 7038 3564 So spracht, - ihr fürchtet den Tyrannen¬
3843 3277 4364 3552 Spurius.
312 3302 3609 3539 Tullius. Lucius. Brutus Collatinus. Macius.  Kb. Edes.
3859 3445 6878 3703 Er wirft den Überbüter frech zur Seite, -
377 3474 3515 3769 Valernis. Spurius. Cassius Videllius. - Senatoren¬
3835 3626 6997 3839 Er will allein sein, will dering zu herrschen,
361 3646 2744 3933 Valerius. Wir sind versammelt, Consuln.
3818 3806 6829 4085 O kömer, einen größeran Tybräumen
2313 3835 3158 4085 Collatums
365 3876 824 4015 Brutus
3831 4007 6788 4278 Gewimt ihr für den kleineren zurück.
361 3991 3556 4306 collatinus. Mich ruft ihr an Sprecht, was befehl Ihr, Brutus
