7176 4600
1992 107 2177 288 30
222 333 2610 609 O. Valerius. Ich binb! Wer liegt hier?
3692 272 5997 552 Sowie das wilde Meer das kleine Schö¬
4277 465 5071 622 Schifflen ist
3696 477 6755 770 Es ist er nahe die Nacht des Oberhauptes,
1585 469 3363 778 Er Dängt durch die Menge.)
2186 646 3421 881 Wor! Die Rönigin?
3680 650 5149 947 die Wellen, da ihn troa
3733 811 6615 1017 das Volk, das schützensoll, - es ist das Meer,
1153 762 3416 1116 Das Werk des Racheist geschehen
181 836 980 1103 2 Bürger.
3754 971 7014 1264 Die Wollend spielen mit dem Cichten dieser
1190 996 3437 1297 du da? Ich glaube dich zu können.
210 1025 1111 1260 6. Malerius.
3717 1148 6500 1461 Ein Spiel der Wellen ist der leichte Kehn
2630 1181 3429 1395 Ja, Herr
259 1202 963 1437 2 Bürger
3742 1338 6598 1651 dem Volke preisgegeben ist der König
276 1346 3429 1646 Ihr habt mich einmal gnädig unterstützt
3717 1453 6977 1844 der Sturm brachaus, – er nehme seinen Ertgang
1148 1515 3186 1819 Schweig, s ist der kad nicht werth!
226 1539 1033 1749 R Valerius.
4865 1708 5314 1918 (Ab.
1128 1688 3421 1968 (zu d. andern) Seht die Bescheid
288 1737 1054 1992 2 Bürger
3742 1745 7031 2206 1. Bürger. Was sprach er daß Pabt Prise wohl verstanden.
313 1898 2881 2075 O. Valerius. Wer war der Mörder?
3696 2038 6808 2334 2. Berger. Er hat die Worte nur zu sich gesprochen.
313 2054 3231 2293 2 Bürger. Kamer fast ist schuldlos.
4421 2202 6994 2515 (Alle unter Lumült zerstreuen sich.
3688 2215 4067 2462 Hier
325 2256 3449 2466 1. Wälerius. Der vollem Gange schon ist die
358 2420 1428 2696 Quyörung
3919 2400 4194 2680 26.
4631 2573 5676 2816 Vierte Seene.
354 2573 3429 2881 Das aufgeregte Volk lässt sich nicht halber
4631 2750 5610 2997 Der Senat
342 2762 3466 2988 Man kann dem Treiben nicht mehr gestellt thun.
3865 2770 4182 3038 20/8
3668 2943 6936 3178 L. Berutus, St Valerius, Szur. Lucretius, 7. Collatinus
321 2935 3462 3202 Es braust und wogt. als wäre ein wildes Meer;
3663 3095 6977 3338 Horbeles, Msciub, Tullius, tueurs u. Landatoren
325 3149 3437 3421 der Nurm des Freiheitsdranges geitscht die Wogen,
4660 3289 6150 3573 S. Valerius (kommt)
346 3281 3495 3598 die Brandend schäumen wider das Bestehnde
3668 3293 4285 3519 u andre.
370 3478 3363 3709 Und niederreister, was nicht stehen soll.
3680 3458 6763 3775 P. Valerius. Die Königin, - Dieziesge Königer
3989 3663 4746 3952 Ist todt 1
313 3635 3491 3956 Ja, einmal mußte es zum Ausbruch kommen!
1194 3791 1404 3894 war
4590 3828 5001 4042 Bdt?
272 3820 2659 4124 denn läger tragen dieses Jochs
3746 3828 4133 4055 Viele.
4746 4013 6504 4306 der a Volk hat sie getödtet
296 3976 3495 4314 Sie schütteles stolz an dem erhobnen Nacken, -
3766 3989 4380 4293 Malerius.
