7208 4856
4997 236 5204 509 77
2708 393 3225 625 jagt
1602 402 2430 696 in Den Tod
3610 501 6467 753 Und schwarzes Blut bedeckte rings den Boden.
265 530 3188 832 Ich bei es, der dich fort an Rom getrieben
3295 575 3482 753 1
3627 687 6392 998 Ich trat zu ihm. Da Herz erstarrte mir,
360 733 3151 1052 O Collatinus! Noch dort bei den Schatten,
3664 857 6429 1101 Drum Nalag Collatinus blid nur todt,
377 886 3502 1221 Fleh' ich dich an,- verzeiche mir! Oegeih' mir.
3701 1031 5792 1304 Und mit Oekrächz umkreifen.
364 1052 3122 1354 Nie hätte ich den Lebenden gebeten
2327 1138 3515 1428 bezug ich das meisten
3763 1234 6748 1532 Und auf Gekrächz um kreisten ihr die Raben.
352 1263 3258 1565 Nun bist du todt, - nun flehre zu der
3589 1387 6918 1660 Su. Lucr. Brütus! Das ist dem Werk, - du hastes gethan’
360 1466 592 1594 1418
406 1424 3395 1764 Wo ister, sprich.- wo ist sein kalter mich nam, -
3776 1519 6963 1851 (Mehrere Krieg er bringen der Leichnamdes Elletinus)
203 1615 2426 1954 daß ich noch einmal sehe jenes auslitz
3776 1702 6806 2016 Saurius (sind beim Kirchenen nieder.)
240 1793 2588 2149 das ich so unverzeihlich tief belüdigt!
3709 1904 5328 2207 Bratas (kamt bei ihm.)
658 1946 2757 2248 Sperms Ludretärs. Valerius
3734 2058 6827 2331 Spurius. Da wagst es, Märder, – fliehe dieser Todten.
265 2136 3482 2447 Nro Luerstius. So ist es wahr - ist Collatinus todt.
3759 2260 5705 2563 Du hast nicht Antheil an dem
368 2302 3420 2616 Zor. Coeles. Vorhe mir, daß ich der Trauerkund
3763 2409 6334 2732 an Collatinus, fast du keinen Antheil!
431 2480 2836 2811 Euch Bote war - ich unglückseliger.
3747 2600 6537 2894 Brutes-Ich hab ihn nie gemüht in seinem Leben
451 2645 3544 2956 Valerius. Wie warb! Wie sahst du seinen Leichnam.
3904 2712 6819 3097 Jedoch sein 700!- Sinn Tod ist einige Schuld:
385 2865 3461 3134 Hr. Cokles. Mit wenig Körpern war ich ausgehandt,
3788 2985 6396 3275 auf seine Aschenarne schreibt die Worte.
426 3039 3569 3349 zu forschen nach xx der Stellung des Superfän¬
3730 3113 6922 3457 "Im Todgeweiner er sich den letzten Freund.
464 3196 3569 3428 Wir schriftes auf der endlos weiten Fläche,
654 3353 3225 3507 Und aber ging die können strahlem auf
3763 3316 6065 3577 Ocollatmus, edler Collatinus.
497 3444 3544 3714 Da sah ich glötzlich schwarze Räben für
3788 3490 6612 3817 Wer dich auf dieser Erde auch gemordet,-
472 3560 3519 3858 Und durch die Luft schön furchtbar ihr Gekrächt
3817 3660 6516 4003 das größte Schuldbewußtsein trage ich!
455 3693 3449 4028 Und hin zur Erde wandten sie den Flug¬
4272 3854 5332 4128 Alle gerührt.
422 3912 3548 4186 dortunten lag ein bleicher, weißen auf vom
3825 4008 6520 4301 D kannest du auch Unglücksel per Vater¬
414 4078 3511 4359 Ein Theil statt in des Herzens Mette ihm,
3817 4177 7005 4554 vor kurzer Zeit so fücklich noch, so glückliche
381 4231 3515 4604 Der Heim war ihm herab dem Hauptserat gewollt
