7112 4568
234 304 3340 605 Szirub. Wassist dir Leutub, daß für Geist. erfasst doch?
1715 473 2254 617 szwömen
325 490 3225 773 Und welche Vors entstißen denen Rippen?
461 634 3464 946 Welch göttlich, Feuer hingt durch kommt im deines Sache
1070 823 2481 959 dering Aughen wieder
202 802 3476 1131 Antw. Wessel, Freunde,- nur Verstellung war’s
292 987 2744 1296 Ich seuchelte nur Wohnhinn vor Superbub,
313 1160 3048 1411 Smit er meynens noch am Leben lassen
362 1341 2818 1633 Von allen Theuern, die der mir geraubt!
313 1510 3386 1818 doch jetzt ihr Freunde, folgt, nur, daß der Rolle
317 1691 2699 1958 Die Bichnam zeigen dieser Königl.
358 1855 2616 2160 daß dieses ede unschuldvolle Opfer
358 2032 3221 2328 das Volk aufwiegte zu dem höchsten Zorn,
383 2209 2847 2518 Daß es vereint gern den Tyränmen stehe.
354 2390 3168 2641 Ihn zu darbaum aus Romas Gebiete:
370 2567 3410 2843 Fluch dem Geschlechte, das Superbus zeugtei¬
181 2732 3131 3036 9 dem Unheil tringt es über unser Volk!
169 2999 440 3324 Bresse
4830 239 5903 555 Ereite Seme.
4599 465 5628 728 Freie Straße.
3756 691 6923 876 brutus mit dem Leichnam der Leuretia, Collatnus
3772 806 6405 1094 Spurms duorhuis. St. Valerreib. Volk.
3674 983 5591 1279 durch einander. Das ist geschehen?
5023 1144 6973 1448 Was für ein Leichnam ist as¬
3731 1321 5920 1629 Brutus. So höre Volk der Römer!
5011 1510 6409 1802 Brutes spricht!
3776 1514 4414 1703 Mehrere
3781 1691 6854 1979 Brutub. Ja Brutus spricht, denn ihr den
5377 1864 6430 2102 Diemen nämmtet
3698 1966 6121 2332 die heuchlerische Hülle Preiffer ab
3715 2205 6397 2509 Und steht nun da in wirklicher Gestalt!
3686 2390 6923 2612 daß hier den Leichnam, stolzes Volk der Könner
3731 2575 6730 2822 Rest diese edlen, und schulds einen Züge,
3731 2719 7010 2974 Wißt, wer zum selbstmord sie hat angetrieben
4056 2904 5475 3036 des oder Collesmals
3690 2896 6997 3213 Es war das Weige Sohn, der Gehtin von Romaskönig
5179 3077 5529 3217 was
3690 3102 6858 3427 der Sohn des Königl Sohn, der uns beharrscht!
3744 3279 6261 3488 Gewalbthätig hat er das edle Weib
3731 3517 6997 3723 Zu böser findenmaler Frevelthat anzwungen
3715 3620 6759 3855 doch diese Schmach wollt' sie nicht überleben,
3727 3793 6923 4122 Und einen dolch zog sie aus ihrem Besen¬
3727 3970 6771 4315 Stiefe ihn hinein in die unschuldige Brüft
