7160 4600
1956 113 2120 357 48
306 290 3194 575 Frutus (kalt.) Gelt auch gefangen, durch Schwester her!
273 495 2921 802 (die Verschwörer xxx die Gwerter aus.
323 672 2137 986 Marullus Es das war verdammt!
1780 827 3450 1138 Genügende Bedenkung!
340 860 588 1033 Brücke
571 894 869 1108 te ist
323 1016 588 1163 the
222 1024 2976 1335 (In meh eren) Ihr haftetrifür sie, bewacht sie gut?
298 1184 3497 1461 (se seinen Söhnen) Noch einmal sprechen wir vor. aus zur Tode.
676 1368 3157 1662 (die Gefangenen, von Gewäffnere geleitet ab.)
806 1524 3559 1851 In den andern.) Und ihr bezahlt der Nacht den wol¬
239 1461 718 1847 Brutes
1977 1713 3035 1994 verdienten Zoll,
306 1939 2598 2187 Und plegt der Ruhe. Morgen ist Gericht.
294 2069 3568 2376 Über die Freoller Gerichte Strafe wird dem Fredel folgen.
928 2246 1612 2514 (as ob.)
1356 2414 2359 2703 Brutus (allein)
298 2598 2959 2909 Und doch.- und doch, - es sind ja meine Söhne, -
294 2783 3572 3039 Ja meine Kinder seis, Vermeinem Blutr sind' in ja entstammt,
285 2976 3287 3253 Todoch ich muß, — ich mussig, — wie nein, schwill!
273 3131 2766 3421 Nicht unbestraft darf solcher Frevel bleiben;
285 3308 2934 3606 Zu schreckend beiße seien sie der Möge,
294 3497 3173 3765 Sie sollen sterben, - müssen sieren ohne Gnade;
340 3698 3530 3891 Was sollte sonst denn aus dem Staate werden!
982 3828 1364 3950 Frnoul.
327 3858 3497 4109 Viel andre zeugt im ande, einziger größer Frevel
336 4021 3467 4273 Im Bunde mit des Volkes Undesstand.
3706 281 5986 596 Ich wills vergessen, daß ich Vater bin, —
3698 487 6745 768 Beschlossen ist ihr Tod, und sie müssen sterben,
3744 659 6154 957 Mit ihren alle übrigen Verschworenen.
3765 827 6972 1075 Ich bin kein Vater jetzt, - jetzd bin ich Richter.
5696 995 6137 1242 (ab)
3652 1003 3887 1268 6 C
4857 1062 5125 1289 Achte
4634 1184 5763 1473 zweite Seren¬
4655 1360 5629 1654 Fiestre Nacht.
4218 1545 6888 1830 Ein langes, aber rages Gemach. Fenster offen.
4101 1708 4919 1939 Surinwind,
3954 1876 6603 2183 die Verschwörer. Wochen (schlimmen). Leises Gespröd.
3690 2065 5247 2288 Cienro. Marullus, Trebrinns!
3656 2229 4500 2489 karullus (fiester)
5121 2220 5952 2472 Was willst du.
3685 2393 6519 2707 lienso. Die finstes Miena wettet nicht vom Tode.
3652 2607 7031 2900 Marullus: kannst du von Deinem bittere Jahr nicht lassen?
3727 2766 6145 3073 Du scherzest selbst vor deinen Tode noch.
3669 2934 7022 3253 Cisero (Pötzlich ernst.) Vor einer Stunde hab’ und nicht geschärt
3694 3123 6410 3425 Marais. Unendlich lange dünkt wir dieser Zeit.
4189 3295 6917 3585 Wenn du das Richtbeil sichst, wird sie gar
3690 3362 4059 3547 lehro.
5658 3455 7035 3786 kurz dir scheinen.
4168 3652 4869 3950 kühsgrauß!
3639 3673 4059 3866 Aulus
4449 3761 6817 4126 bei allen Schrecken, die der Verlösburgt:
3648 3828 4017 4067 Aenro¬
4462 3988 6196 4294 das gewesen noch gekonnt.
3715 3996 4386 4269 Ich habe nie
