<?xml version="1.0" encoding="UTF-8" standalone="yes"?>
<PcGts xmlns="http://schema.primaresearch.org/PAGE/gts/pagecontent/2013-07-15" xmlns:xsi="http://www.w3.org/2001/XMLSchema-instance" xsi:schemaLocation="http://schema.primaresearch.org/PAGE/gts/pagecontent/2013-07-15 http://schema.primaresearch.org/PAGE/gts/pagecontent/2013-07-15/pagecontent.xsd">
    <Metadata>
        <Creator>prov=READ-COOP:name=TrHtr:version=2.1.0:model_id=51170:date=24_07_2023_16:46</Creator>
        <Created>2023-05-10T11:34:21.080+02:00</Created>
        <LastChange>2023-07-24T16:46:23.624+02:00</LastChange>
        <TranskribusMetadata docId="1428162" pageId="55388477" pageNr="30" tsid="130545985" status="IN_PROGRESS" userId="64420" imgUrl="https://files.transkribus.eu/Get?id=KSFCIBQFQNGZAOUXIZBWGJYY&amp;fileType=view" xmlUrl="https://files.transkribus.eu/Get?id=TUETHQYHLNZIZPDZQKBTTZQA" imageId="44663369"/>
    </Metadata>
    <Page imageFilename="1428162_0030.jpg" imageWidth="7176" imageHeight="4600">
        <ReadingOrder>
            <OrderedGroup id="ro_1711818918187" caption="Regions reading order">
                <RegionRefIndexed index="0" regionRef="tr_3"/>
                <RegionRefIndexed index="1" regionRef="tr_2"/>
                <RegionRefIndexed index="2" regionRef="tr_1"/>
            </OrderedGroup>
        </ReadingOrder>
        <TextRegion id="tr_3" custom="readingOrder {index:0;}">
            <Coords points="292,433 3482,433 3482,2100 292,2100"/>
            <TextLine id="tr_3_tl_1" custom="readingOrder {index:0;}">
                <Coords points="268,557 813,536 1105,638 1483,536 1926,666 2259,565 2544,618 2548,423 2357,329 2097,427 1857,362 1560,439 1418,333 272,382"/>
                <Baseline points="292,531 316,525 406,525 495,525 585,531 675,525 764,525 854,519 943,519 1033,525 1123,519 1212,519 1302,519 1391,519 1481,519 1571,519 1660,525 1750,525 1840,519 1929,513 2019,507 2108,507 2198,507 2288,501 2377,495 2467,489 2556,483"/>
                <TextEquiv>
                    <Unicode>Die letzte Stunde hat es mich gelehrte¬</Unicode>
                </TextEquiv>
            </TextLine>
            <TextLine id="tr_3_tl_2" custom="readingOrder {index:1;}">
                <Coords points="321,784 370,805 475,740 532,792 699,707 740,736 817,695 890,748 931,711 959,719 963,569 931,581 796,536 695,565 626,565 589,536 532,565 508,540 398,573 325,565"/>
                <Baseline points="346,681 436,687 525,687 615,687 704,687 794,681 884,675 973,663"/>
                <TextEquiv>
                    <Unicode>Ich fliehe!</Unicode>
                </TextEquiv>
            </TextLine>
            <TextLine id="tr_3_tl_3" custom="readingOrder {index:2;}">
                <Coords points="857,943 1077,870 2593,906 2682,845 3162,951 3166,675 862,744"/>
                <Baseline points="878,860 931,860 1021,860 1111,860 1200,860 1290,860 1380,860 1469,860 1559,860 1648,854 1738,854 1828,848 1917,848 2007,842 2096,842 2186,842 2276,842 2365,842 2455,836 2544,830 2634,830 2724,830 2813,830 2903,830 2992,824 3082,824 3172,824"/>
                <TextEquiv>
                    <Unicode>Wie?! Was kommt Dir in den Sinn?!</Unicode>
                </TextEquiv>
            </TextLine>
            <TextLine id="tr_3_tl_4" custom="readingOrder {index:3;}">
                <Coords points="289,931 439,922 500,955 545,939 589,894 679,874 687,736 532,788 467,744 370,801 345,788 297,796"/>
                <Baseline points="316,872 328,878 418,872 507,866 597,860 687,860"/>
                <TextEquiv>
                    <Unicode>Aulas</Unicode>
                </TextEquiv>
            </TextLine>
            <TextLine id="tr_3_tl_5" custom="readingOrder {index:4;}">
                <Coords points="284,1134 484,1097 557,1158 792,1158 939,1101 1126,1150 1495,1032 1609,1089 1715,1036 1821,1109 2105,1024 2105,902 1869,862 1735,931 1589,870 1418,922 1187,870 927,955 618,890 500,955 289,935"/>
                <Baseline points="310,1033 322,1033 412,1033 501,1033 591,1033 681,1033 770,1027 860,1033 949,1027 1039,1033 1129,1027 1218,1033 1308,1027 1397,1033 1487,1027 1577,1033 1666,1027 1756,1027 1845,1021 1935,1015 2025,1015 2114,1009"/>
                <TextEquiv>
                    <Unicode>Trebonius. Wie willst die fliehen?</Unicode>
                </TextEquiv>
            </TextLine>
            <TextLine id="tr_3_tl_6" custom="readingOrder {index:5;}">
                <Coords points="1219,1227 1865,1248 2089,1195 2231,1304 2357,1239 2520,1300 2727,1187 2841,1227 2946,1183 2950,1028 2426,1016 1971,1113 1808,1113 1711,1040 1223,1077"/>
                <Baseline points="1242,1206 1254,1206 1344,1200 1433,1200 1523,1200 1612,1206 1702,1206 1792,1206 1881,1194 1971,1188 2061,1188 2150,1188 2240,1182 2329,1182 2419,1176 2509,1176 2598,1176 2688,1170 2777,1164 2867,1164 2957,1164"/>
                <TextEquiv>
                    <Unicode>Durch das Fenster her.</Unicode>
                </TextEquiv>
            </TextLine>
            <TextLine id="tr_3_tl_7" custom="readingOrder {index:6;}">
                <Coords points="293,1264 374,1276 423,1260 455,1284 480,1284 512,1276 532,1256 557,1256 557,1048 293,1101"/>
                <Baseline points="316,1206 406,1206 495,1206 567,1206"/>
                <TextEquiv>
                    <Unicode>Cicasto</Unicode>
                </TextEquiv>
            </TextLine>
            <TextLine id="tr_3_tl_8" custom="readingOrder {index:7;}">
                <Coords points="788,1402 1118,1487 1264,1414 1394,1508 2532,1374 3097,1430 3251,1386 3255,1227 2605,1235 2385,1321 1942,1203 788,1317"/>
                <Baseline points="812,1380 842,1374 931,1380 1021,1380 1111,1380 1200,1380 1290,1380 1380,1380 1469,1380 1559,1380 1648,1380 1738,1374 1828,1374 1917,1374 2007,1368 2096,1368 2186,1362 2276,1362 2365,1362 2455,1362 2544,1356 2634,1356 2724,1356 2813,1356 2903,1350 2992,1344 3082,1344 3172,1344 3261,1344"/>
                <TextEquiv>
                    <Unicode>Von dieser Höhe willst du springen? - Toller!</Unicode>
                </TextEquiv>
            </TextLine>
            <TextLine id="tr_3_tl_9" custom="readingOrder {index:8;}">
                <Coords points="276,1443 398,1439 431,1406 451,1406 492,1414 553,1455 610,1426 638,1459 658,1459 662,1317 626,1313 569,1256 545,1252 480,1284 419,1264 329,1333 280,1341"/>
                <Baseline points="298,1391 310,1391 400,1391 489,1385 579,1385 669,1385"/>
                <TextEquiv>
                    <Unicode>Aulus</Unicode>
                </TextEquiv>
            </TextLine>
            <TextLine id="tr_3_tl_10" custom="readingOrder {index:9;}">
                <Coords points="305,1613 3007,1601 3288,1548 3292,1418 2792,1487 2536,1369 2268,1487 1686,1422 1402,1508 309,1422"/>
                <Baseline points="328,1565 340,1565 430,1565 519,1559 609,1559 698,1559 788,1559 878,1553 967,1553 1057,1553 1147,1559 1236,1553 1326,1553 1415,1553 1505,1553 1595,1553 1684,1547 1774,1547 1863,1547 1953,1547 2043,1547 2132,1547 2222,1547 2311,1547 2401,1541 2491,1541 2580,1535 2670,1535 2760,1535 2849,1529 2939,1529 3028,1523 3118,1511 3208,1511 3297,1505"/>
                <TextEquiv>
                    <Unicode>Morillus. Du scherzt noch immer! Wirst du nimmer ernst!</Unicode>
                </TextEquiv>
            </TextLine>
            <TextLine id="tr_3_tl_11" custom="readingOrder {index:10;}">
                <Coords points="264,1756 1183,1841 1500,1743 1764,1853 2333,1723 3475,1751 3475,1617 2857,1548 2511,1658 1756,1560 1345,1670 1077,1556 862,1682 268,1646"/>
                <Baseline points="292,1738 346,1738 436,1732 525,1732 615,1732 704,1732 794,1726 884,1726 973,1732 1063,1726 1152,1726 1242,1726 1332,1726 1421,1726 1511,1726 1601,1726 1690,1720 1780,1714 1869,1714 1959,1714 2049,1720 2138,1720 2228,1714 2317,1714 2407,1714 2497,1714 2586,1708 2676,1702 2765,1702 2855,1702 2945,1702 3034,1696 3124,1696 3214,1696 3303,1702 3393,1702 3482,1696"/>
                <TextEquiv>
                    <Unicode>Cizero. Ichsserze nicht. Es ist nun aller Ernst!</Unicode>
                </TextEquiv>
            </TextLine>
            <TextLine id="tr_3_tl_12" custom="readingOrder {index:11;}">
                <Coords points="280,1975 736,1947 927,2048 1402,1922 1890,2003 2398,1902 2609,2003 3202,1983 3206,1735 2211,1743 1670,1861 1443,1751 910,1890 642,1735 284,1751"/>
                <Baseline points="304,1917 334,1917 424,1911 513,1911 603,1911 692,1917 782,1917 872,1917 961,1923 1051,1917 1141,1911 1230,1911 1320,1911 1409,1911 1499,1911 1589,1905 1678,1905 1768,1899 1857,1905 1919,1909 1953,1923 2043,1917 2132,1911 2222,1899 2311,1899 2401,1893 2491,1887 2580,1887 2670,1881 2760,1887 2849,1887 2939,1887 3028,1887 3118,1887 3208,1881"/>
                <TextEquiv>
                    <Unicode>Mir ist es gleich, ob ich nur jetzt den Kopf zerschmettert,</Unicode>
                </TextEquiv>
            </TextLine>
            <TextLine id="tr_3_tl_13" custom="readingOrder {index:12;}">
                <Coords points="341,2142 488,2097 752,2178 890,2097 1085,2211 1304,2142 1406,2211 1670,2085 2068,2170 2154,2097 2552,2101 2552,1898 1910,1999 1764,1914 1536,1930 1321,2028 918,2048 740,1955 341,1959"/>
                <Baseline points="364,2067 412,2072 501,2078 591,2084 681,2084 770,2090 860,2084 949,2084 1039,2084 1129,2084 1218,2078 1308,2084 1397,2084 1487,2078 1577,2078 1666,2078 1756,2078 1845,2078 1935,2072 2025,2067 2114,2067 2204,2067 2294,2067 2383,2067 2473,2061 2562,2049"/>
                <TextEquiv>
                    <Unicode>Ob er erst morgen auf die Staub Erde vollt</Unicode>
                </TextEquiv>
            </TextLine>
        </TextRegion>
        <TextRegion id="tr_2" custom="readingOrder {index:1;}">
            <Coords points="286,2196 3578,2196 3578,4430 286,4430"/>
            <TextLine id="tr_2_tl_1" custom="readingOrder {index:0;}">
                <Coords points="325,2312 370,2316 435,2264 484,2292 549,2259 646,2259 727,2333 878,2272 943,2304 971,2296 971,2138 862,2101 744,2178 630,2121 496,2109 439,2158 390,2125 325,2154"/>
                <Baseline points="346,2252 352,2252 442,2252 531,2252 621,2246 710,2252 800,2252 890,2252 979,2246"/>
                <TextEquiv>
                    <Unicode>Lebt wohl!</Unicode>
                </TextEquiv>
            </TextLine>
            <TextLine id="tr_2_tl_2" custom="readingOrder {index:1;}">
                <Coords points="313,2495 3385,2479 3422,2280 2125,2255 1642,2361 1512,2272 1166,2353 658,2268 313,2357"/>
                <Baseline points="334,2431 376,2443 465,2437 555,2437 645,2431 734,2437 824,2443 914,2437 1003,2431 1093,2431 1182,2431 1272,2431 1362,2425 1451,2419 1541,2419 1630,2419 1720,2425 1810,2425 1899,2419 1989,2419 2078,2413 2168,2407 2258,2413 2347,2419 2437,2419 2527,2419 2616,2419 2706,2413 2795,2419 2885,2413 2975,2407 3064,2413 3154,2413 3243,2413 3333,2413 3423,2407"/>
                <TextEquiv>
                    <Unicode>Ausl. s. (alt ihn zurück.) was Guist du? &amp; M du Toll!</Unicode>
                </TextEquiv>
            </TextLine>
            <TextLine id="tr_2_tl_3" custom="readingOrder {index:2;}">
                <Coords points="293,2646 642,2625 768,2739 1138,2613 1699,2613 2178,2759 2329,2625 3349,2650 3349,2479 2995,2426 2036,2568 1463,2544 1292,2438 882,2572 293,2515"/>
                <Baseline points="316,2622 400,2628 489,2622 579,2622 669,2616 758,2616 848,2610 937,2604 1027,2604 1117,2604 1206,2604 1296,2598 1385,2598 1475,2598 1565,2598 1654,2604 1744,2604 1834,2604 1923,2610 2013,2610 2102,2604 2192,2598 2282,2598 2371,2598 2461,2598 2550,2598 2640,2598 2730,2592 2819,2592 2909,2592 2998,2592 3088,2592 3178,2592 3267,2592 3357,2586"/>
                <TextEquiv>
                    <Unicode>liers: ich Sie bei Sinnen, mehr groß als ihr.</Unicode>
                </TextEquiv>
            </TextLine>
            <TextLine id="tr_2_tl_4" custom="readingOrder {index:3;}">
                <Coords points="325,2897 646,2804 1272,2902 1654,2796 2715,2918 3572,2865 3572,2719 3166,2633 2308,2654 2178,2755 1402,2617 1093,2731 325,2654"/>
                <Baseline points="346,2795 436,2795 525,2795 615,2795 704,2795 794,2795 884,2795 973,2789 1063,2789 1152,2789 1242,2789 1332,2789 1421,2789 1511,2789 1601,2789 1690,2789 1780,2789 1869,2789 1959,2789 2049,2783 2138,2783 2228,2783 2317,2783 2407,2777 2497,2783 2586,2783 2676,2783 2765,2783 2855,2783 2945,2783 3034,2783 3124,2783 3214,2789 3303,2789 3393,2795 3482,2795 3572,2801 3578,2801"/>
                <TextEquiv>
                    <Unicode>The könnt mir folgen denn sicher tod harrt Euerwährich.</Unicode>
                </TextEquiv>
            </TextLine>
            <TextLine id="tr_2_tl_5" custom="readingOrder {index:4;}">
                <Coords points="313,3060 528,2995 646,3060 719,2987 833,3097 1162,2975 2219,2995 2219,2873 1410,2828 1276,2897 1044,2836 898,2897 801,2824 610,2906 447,2828 313,2922"/>
                <Baseline points="334,2975 346,2975 436,2975 525,2975 615,2969 704,2969 794,2969 884,2969 973,2969 1063,2969 1152,2969 1242,2963 1332,2969 1421,2963 1511,2963 1601,2963 1690,2957 1780,2963 1869,2963 1959,2957 2049,2957 2138,2951 2228,2957"/>
                <TextEquiv>
                    <Unicode>Er steigt auf das Fenster</Unicode>
                </TextEquiv>
            </TextLine>
            <TextLine id="tr_2_tl_6" custom="readingOrder {index:5;}">
                <Coords points="264,3259 731,3158 3056,3166 3097,3019 1751,2971 866,3101 723,2987 264,3036"/>
                <Baseline points="286,3154 328,3148 418,3148 507,3148 597,3142 687,3142 776,3142 866,3142 955,3142 1045,3148 1135,3148 1224,3148 1314,3142 1403,3142 1493,3142 1583,3136 1672,3136 1762,3136 1851,3136 1941,3136 2031,3130 2120,3130 2210,3130 2300,3130 2389,3130 2479,3130 2568,3130 2658,3130 2748,3130 2837,3130 2927,3130 3016,3130 3106,3136"/>
                <TextEquiv>
                    <Unicode>Mich kann ein Gott noch vor dem Tode drtte!</Unicode>
                </TextEquiv>
            </TextLine>
            <TextLine id="tr_2_tl_7" custom="readingOrder {index:6;}">
                <Coords points="378,3385 719,3328 1500,3454 1630,3369 1955,3462 2239,3336 3105,3466 3422,3401 3422,3186 1118,3153 378,3279"/>
                <Baseline points="400,3333 471,3327 561,3327 651,3321 740,3315 830,3315 920,3297 1009,3309 1099,3315 1188,3315 1278,3315 1368,3315 1457,3315 1547,3315 1636,3315 1726,3315 1816,3315 1905,3315 1995,3315 2084,3315 2174,3315 2264,3315 2353,3315 2443,3315 2532,3315 2622,3315 2712,3315 2801,3309 2891,3315 2981,3309 3070,3315 3160,3315 3249,3315 3339,3321 3429,3327"/>
                <TextEquiv>
                    <Unicode>Wie er sie ausspringtewil, steht durchaus Geist riefen¬</Unicode>
                </TextEquiv>
            </TextLine>
            <TextLine id="tr_2_tl_8" custom="readingOrder {index:7;}">
                <Coords points="313,3637 715,3499 813,3544 890,3503 1422,3495 1605,3576 1703,3535 1707,3377 1504,3454 1174,3442 1028,3353 963,3393 719,3328 605,3385 512,3344 415,3405 321,3369"/>
                <Baseline points="340,3524 370,3524 460,3512 549,3500 639,3500 728,3494 818,3488 908,3488 997,3488 1087,3488 1176,3488 1266,3482 1356,3482 1445,3482 1535,3482 1624,3488 1714,3482"/>
                <TextEquiv>
                    <Unicode>Groß vor dem bei der)</Unicode>
                </TextEquiv>
            </TextLine>
            <TextLine id="tr_2_tl_9" custom="readingOrder {index:8;}">
                <Coords points="305,3718 3450,3763 3572,3710 3572,3548 1008,3503 305,3645"/>
                <Baseline points="328,3697 352,3691 442,3685 531,3680 621,3680 710,3680 800,3680 890,3674 979,3674 1069,3674 1158,3674 1248,3668 1338,3668 1427,3668 1517,3668 1607,3668 1696,3662 1786,3668 1875,3668 1965,3662 2055,3662 2144,3662 2234,3662 2323,3662 2413,3662 2503,3662 2592,3668 2682,3674 2771,3668 2861,3668 2951,3674 3040,3674 3130,3674 3220,3674 3309,3674 3399,3674 3488,3674 3578,3674"/>
                <TextEquiv>
                    <Unicode>Lucilius Geist. Ovingos' Tiedler Götter rettem keine Tardier</Unicode>
                </TextEquiv>
            </TextLine>
            <TextLine id="tr_2_tl_10" custom="readingOrder {index:9;}">
                <Coords points="289,3987 480,3922 626,3966 796,3856 1426,3848 1800,3848 2138,3966 2264,3852 2446,3897 2450,3726 1467,3670 1016,3816 853,3714 293,3722"/>
                <Baseline points="310,3853 394,3859 483,3859 573,3853 663,3853 752,3847 842,3847 931,3847 1021,3841 1111,3841 1200,3841 1290,3835 1380,3835 1469,3835 1559,3835 1648,3835 1738,3841 1828,3835 1917,3835 2007,3835 2096,3829 2186,3841 2276,3841 2365,3835 2455,3823"/>
                <TextEquiv>
                    <Unicode>Schleigteschst dazu der dunkeln Orkos Thor.</Unicode>
                </TextEquiv>
            </TextLine>
            <TextLine id="tr_2_tl_11" custom="readingOrder {index:10;}">
                <Coords points="516,4084 2007,4019 2601,4121 2739,4027 3186,4092 3186,3917 2556,3865 2129,3982 1796,3852 979,3852 516,3950"/>
                <Baseline points="537,4026 597,4026 687,4026 776,4020 866,4014 955,4008 1045,4014 1135,4014 1224,4014 1314,4008 1403,4008 1493,4002 1583,4002 1672,4008 1762,4002 1851,4008 1941,4008 2031,4008 2120,4008 2210,4008 2300,4008 2389,4008 2479,4014 2568,4014 2658,4014 2748,4014 2837,4014 2927,4014 3016,4014 3106,4014 3196,4014"/>
                <TextEquiv>
                    <Unicode>(Er schleudert ihm hinaus. Verschwindet.)</Unicode>
                </TextEquiv>
            </TextLine>
            <TextLine id="tr_2_tl_12" custom="readingOrder {index:11;}">
                <Coords points="264,4263 3418,4226 3515,4214 3515,4047 2589,4117 1788,4019 1105,4129 902,4035 634,4137 264,4052"/>
                <Baseline points="286,4187 298,4187 388,4193 477,4187 567,4187 657,4187 746,4181 836,4181 925,4181 1015,4181 1105,4175 1194,4175 1284,4175 1374,4175 1463,4175 1553,4175 1642,4175 1732,4175 1822,4175 1911,4175 2001,4169 2090,4169 2180,4181 2270,4181 2359,4181 2449,4181 2538,4181 2628,4181 2718,4181 2807,4181 2897,4187 2987,4193 3076,4193 3166,4187 3255,4187 3345,4187 3435,4187 3524,4181"/>
                <TextEquiv>
                    <Unicode>Lewös Wienne verhaltend.) Wehmir. (Dampfer Fall.)</Unicode>
                </TextEquiv>
            </TextLine>
            <TextLine id="tr_2_tl_13" custom="readingOrder {index:12;}">
                <Coords points="935,4360 1105,4393 1329,4344 1402,4385 1491,4344 1621,4336 1682,4360 1686,4214 1646,4226 1532,4186 1333,4283 1235,4214 1191,4234 1101,4190 939,4194"/>
                <Baseline points="955,4349 973,4349 1063,4349 1152,4343 1242,4337 1332,4337 1421,4337 1511,4337 1601,4337 1690,4331"/>
                <TextEquiv>
                    <Unicode>Sturmwend.</Unicode>
                </TextEquiv>
            </TextLine>
            <TextLine id="tr_2_tl_14" custom="readingOrder {index:13;}">
                <Coords points="2048,4421 2316,4409 2410,4478 2560,4434 2637,4478 2698,4442 2804,4482 2861,4429 3019,4421 3032,4210 2877,4194 2585,4308 2422,4206 2320,4190 2207,4291 2056,4206"/>
                <Baseline points="2072,4414 2138,4402 2228,4396 2317,4396 2407,4390 2497,4384 2586,4372 2676,4378 2765,4378 2855,4372 2945,4361 3034,4343"/>
                <TextEquiv>
                    <Unicode>Verhang fällt.</Unicode>
                </TextEquiv>
            </TextLine>
            <TextLine id="tr_2_tl_15" custom="readingOrder {index:14;}">
                <Coords points="597,4462 666,4446 744,4454 764,4434 796,4434 796,4312 727,4295 671,4344 650,4332 622,4360 597,4356"/>
                <Baseline points="621,4420 710,4420 800,4420 806,4420"/>
                <TextEquiv>
                    <Unicode>40a</Unicode>
                </TextEquiv>
            </TextLine>
        </TextRegion>
        <TextRegion id="tr_1" custom="readingOrder {index:2;}">
            <Coords points="3763,415 7049,415 7049,4191 3763,4191"/>
            <TextLine id="tr_1_tl_1" custom="readingOrder {index:0;}">
                <Coords points="4462,492 4560,475 4600,512 4645,512 4734,553 4775,553 4811,520 4868,512 4868,293 4832,284 4787,309 4726,293 4629,366 4519,309 4507,321 4462,309"/>
                <Baseline points="4486,471 4522,471 4611,471 4701,477 4791,477 4880,465"/>
                <TextEquiv>
                    <Unicode>FJ</Unicode>
                </TextEquiv>
            </TextLine>
            <TextLine id="tr_1_tl_2" custom="readingOrder {index:1;}">
                <Coords points="4665,695 5063,654 5124,699 5193,650 5510,796 6035,736 6031,480 5840,516 5718,480 5628,540 5482,484 5210,549 5059,480 4832,597 4665,581"/>
                <Baseline points="4689,621 4779,633 4868,639 4958,639 5048,639 5137,645 5227,639 5316,639 5406,645 5496,645 5585,639 5675,639 5764,639 5854,645 5944,657 6033,663 6039,663"/>
                <TextEquiv>
                    <Unicode>Sritter Aufzug.</Unicode>
                </TextEquiv>
            </TextLine>
            <TextLine id="tr_1_tl_3" custom="readingOrder {index:2;}">
                <Coords points="4905,1085 4986,1109 5080,1061 5112,1077 5206,1004 5348,1028 5856,1004 5856,870 5791,849 5726,837 5616,882 5543,853 5429,914 5344,886 5303,910 5088,768 4905,748"/>
                <Baseline points="4928,973 5018,973 5107,973 5197,979 5287,985 5376,979 5466,979 5555,979 5645,973 5735,973 5824,973 5860,973"/>
                <TextEquiv>
                    <Unicode>Erste Scene</Unicode>
                </TextEquiv>
            </TextLine>
            <TextLine id="tr_1_tl_4" custom="readingOrder {index:3;}">
                <Coords points="3735,1219 3775,1244 3844,1227 3881,1264 3950,1264 3991,1235 4076,1268 4108,1248 4173,1264 4190,935 4035,894 3934,927 3751,886"/>
                <Baseline points="3763,1129 3829,1129 3918,1129 4008,1123 4098,1117 4187,1111"/>
                <TextEquiv>
                    <Unicode>23/9</Unicode>
                </TextEquiv>
            </TextLine>
            <TextLine id="tr_1_tl_5" custom="readingOrder {index:4;}">
                <Coords points="4527,1268 4807,1268 5011,1174 5234,1235 5722,1150 5803,1211 6425,1170 6425,1032 6144,1000 5722,1081 5214,1004 4986,1105 4531,1089"/>
                <Baseline points="4552,1158 4641,1164 4731,1170 4821,1164 4910,1158 5000,1164 5089,1164 5179,1158 5269,1152 5358,1152 5448,1152 5537,1147 5627,1152 5717,1147 5806,1147 5896,1147 5985,1141 6075,1147 6165,1147 6254,1141 6344,1135 6434,1141"/>
                <TextEquiv>
                    <Unicode>Das Form zu Rom.</Unicode>
                </TextEquiv>
            </TextLine>
            <TextLine id="tr_1_tl_6" custom="readingOrder {index:5;}">
                <Coords points="5116,1475 5315,1365 5425,1426 5498,1353 5649,1402 5827,1353 5933,1406 6047,1378 6051,1260 6002,1276 5840,1191 5803,1211 5722,1150 5620,1191 5567,1162 5466,1223 5413,1183 5299,1191 5120,1276"/>
                <Baseline points="5137,1344 5227,1344 5316,1344 5406,1338 5496,1338 5585,1332 5675,1332 5764,1332 5854,1332 5944,1332 6033,1338 6051,1344"/>
                <TextEquiv>
                    <Unicode>Gerichtsfenen.</Unicode>
                </TextEquiv>
            </TextLine>
            <TextLine id="tr_1_tl_7" custom="readingOrder {index:6;}">
                <Coords points="4600,1520 6941,1540 6876,1341 6148,1345 5909,1435 5498,1353 5275,1422 4600,1256"/>
                <Baseline points="4623,1493 4713,1499 4803,1499 4892,1505 4982,1511 5071,1517 5161,1523 5251,1523 5340,1517 5430,1517 5520,1511 5609,1511 5699,1511 5788,1511 5878,1511 5968,1511 6057,1511 6147,1511 6236,1511 6326,1511 6416,1511 6505,1511 6595,1511 6684,1505 6774,1505 6864,1505 6953,1505"/>
                <TextEquiv>
                    <Unicode>Brechts, Collatinus auf der Erhöhung</Unicode>
                </TextEquiv>
            </TextLine>
            <TextLine id="tr_1_tl_8" custom="readingOrder {index:7;}">
                <Coords points="3783,1756 6795,1719 6868,1512 3783,1597"/>
                <Baseline points="3805,1696 3829,1696 3918,1696 4008,1690 4098,1690 4187,1690 4277,1684 4367,1684 4456,1678 4546,1678 4635,1684 4725,1684 4815,1684 4904,1684 4994,1684 5083,1684 5173,1684 5263,1684 5352,1678 5442,1684 5531,1678 5621,1678 5711,1678 5800,1678 5890,1678 5980,1678 6069,1672 6159,1672 6248,1672 6338,1672 6428,1666 6517,1666 6607,1672 6696,1666 6786,1666 6876,1666"/>
                <TextEquiv>
                    <Unicode>als Richter. Ihnen zunächst Valerius, Sperius,</Unicode>
                </TextEquiv>
            </TextLine>
            <TextLine id="tr_1_tl_9" custom="readingOrder {index:8;}">
                <Coords points="3771,1886 5880,1865 6461,1967 6734,1922 6734,1731 6018,1682 5510,1796 5344,1699 4734,1821 4348,1682 3771,1792"/>
                <Baseline points="3793,1875 3871,1875 3960,1869 4050,1863 4140,1869 4229,1863 4319,1863 4408,1857 4498,1857 4588,1863 4677,1863 4767,1863 4856,1863 4946,1857 5036,1857 5125,1857 5215,1857 5304,1857 5394,1857 5484,1851 5573,1845 5663,1851 5752,1851 5842,1851 5932,1857 6021,1857 6111,1857 6201,1857 6290,1857 6380,1857 6469,1851 6559,1857 6649,1857 6738,1857"/>
                <TextEquiv>
                    <Unicode>Cocles, huems. Cassus Titellius, Tullus, Luciers.</Unicode>
                </TextEquiv>
            </TextLine>
            <TextLine id="tr_1_tl_10" custom="readingOrder {index:9;}">
                <Coords points="3783,2085 4580,2052 4998,2129 5267,2044 5669,2060 5669,1951 5222,1873 4742,1959 4551,1873 4397,1926 3783,1894"/>
                <Baseline points="3805,2037 3883,2037 3972,2043 4062,2043 4151,2037 4241,2037 4331,2037 4420,2037 4510,2037 4600,2037 4689,2043 4779,2037 4868,2037 4958,2037 5048,2037 5137,2037 5227,2037 5316,2037 5406,2031 5496,2031 5585,2031 5675,2031"/>
                <TextEquiv>
                    <Unicode>Viel Volk; auch Vindicius</Unicode>
                </TextEquiv>
            </TextLine>
            <TextLine id="tr_1_tl_11" custom="readingOrder {index:10;}">
                <Coords points="3808,2280 4279,2223 4576,2349 4864,2215 5124,2345 5368,2211 5746,2357 6189,2349 6486,2207 6856,2268 6856,1975 4925,2146 3808,2085"/>
                <Baseline points="3829,2210 3918,2216 4008,2216 4098,2216 4187,2216 4277,2216 4367,2216 4456,2210 4546,2204 4635,2210 4725,2204 4815,2210 4904,2204 4994,2204 5083,2204 5173,2198 5263,2204 5352,2204 5442,2204 5531,2210 5621,2210 5711,2204 5800,2204 5890,2204 5980,2198 6069,2198 6159,2198 6248,2198 6338,2198 6428,2198 6517,2198 6607,2198 6696,2204 6786,2204 6864,2210"/>
                <TextEquiv>
                    <Unicode>Prutus. Ich sch erwartungsoll auch alle hier</Unicode>
                </TextEquiv>
            </TextLine>
            <TextLine id="tr_1_tl_12" custom="readingOrder {index:11;}">
                <Coords points="3739,2503 3865,2426 3987,2402 4084,2463 4133,2414 4182,2430 4247,2398 4377,2426 4381,2235 4214,2219 4092,2247 3954,2223 3743,2288"/>
                <Baseline points="3763,2395 3853,2395 3942,2389 4032,2395 4122,2395 4211,2389 4301,2383 4390,2377"/>
                <TextEquiv>
                    <Unicode>samelt.</Unicode>
                </TextEquiv>
            </TextLine>
            <TextLine id="tr_1_tl_13" custom="readingOrder {index:12;}">
                <Coords points="3787,2633 4060,2686 4702,2568 5011,2589 5169,2719 5384,2568 5563,2690 5714,2572 6112,2641 6323,2597 6323,2385 6128,2495 5970,2385 5681,2450 4840,2394 4348,2507 4141,2406 3787,2459"/>
                <Baseline points="3811,2580 3817,2580 3907,2574 3996,2574 4086,2574 4175,2568 4265,2568 4355,2568 4444,2568 4534,2568 4623,2568 4713,2568 4803,2562 4892,2562 4982,2562 5071,2568 5161,2574 5251,2568 5340,2568 5430,2568 5520,2568 5609,2568 5699,2568 5788,2562 5878,2562 5968,2562 6057,2556 6147,2550 6236,2544 6330,2536"/>
                <TextEquiv>
                    <Unicode>Dieses Gerichtes Ursach wisslicher nicht</Unicode>
                </TextEquiv>
            </TextLine>
            <TextLine id="tr_1_tl_14" custom="readingOrder {index:13;}">
                <Coords points="3796,2885 4068,2763 5108,2836 5897,2751 5986,2832 6453,2751 6457,2568 6104,2646 5718,2572 5575,2694 5429,2572 5185,2719 4954,2593 4637,2580 3796,2670"/>
                <Baseline points="3817,2760 3865,2760 3954,2760 4044,2754 4134,2754 4223,2754 4313,2754 4402,2748 4492,2754 4582,2754 4671,2754 4761,2760 4850,2754 4940,2754 5030,2754 5119,2760 5209,2760 5298,2754 5388,2754 5478,2754 5567,2754 5657,2748 5747,2754 5836,2748 5926,2748 6015,2748 6105,2748 6195,2742 6284,2736 6374,2730 6463,2718"/>
                <TextEquiv>
                    <Unicode>Ihr sollt es wissen; aber sagt zuerst</Unicode>
                </TextEquiv>
            </TextLine>
            <TextLine id="tr_1_tl_15" custom="readingOrder {index:14;}">
                <Coords points="3804,2987 4840,2946 4966,3064 5389,3088 6181,3064 6526,2926 6644,3032 7034,2954 7034,2674 5986,2828 4072,2763 3808,2885"/>
                <Baseline points="3829,2945 3907,2945 3996,2945 4086,2939 4175,2933 4265,2933 4355,2933 4444,2939 4534,2939 4623,2939 4713,2945 4803,2939 4892,2939 4982,2939 5071,2933 5161,2933 5251,2927 5340,2921 5430,2921 5520,2927 5609,2927 5699,2927 5788,2921 5878,2921 5968,2927 6057,2927 6147,2927 6236,2921 6326,2921 6416,2921 6505,2921 6595,2921 6684,2915 6774,2915 6864,2915 6953,2915 7043,2915"/>
                <TextEquiv>
                    <Unicode>Was der Verbrechen größtes auch zu sein denklt</Unicode>
                </TextEquiv>
            </TextLine>
            <TextLine id="tr_1_tl_16" custom="readingOrder {index:15;}">
                <Coords points="3747,3243 4328,3117 4677,3149 4917,3109 5015,3158 5019,2975 4710,2967 4572,3027 4446,2971 4275,3023 4104,3027 4031,2983 3751,3011"/>
                <Baseline points="3769,3106 3775,3112 3865,3118 3954,3118 4044,3112 4134,3112 4223,3112 4313,3112 4402,3112 4492,3112 4582,3112 4671,3106 4761,3100 4850,3094 4940,3094 5030,3100"/>
                <TextEquiv>
                    <Unicode>Mehrere. der Morz!</Unicode>
                </TextEquiv>
            </TextLine>
            <TextLine id="tr_1_tl_17" custom="readingOrder {index:16;}">
                <Coords points="4799,3308 4860,3340 4946,3292 5084,3308 5222,3414 5356,3349 5515,3353 5628,3279 5933,3312 5937,3158 5795,3105 5612,3145 5311,3105 5222,3158 5055,3113 5002,3145 4803,3121"/>
                <Baseline points="4821,3279 4868,3279 4958,3279 5048,3279 5137,3273 5227,3273 5316,3273 5406,3273 5496,3273 5585,3273 5675,3267 5764,3267 5854,3267 5944,3267"/>
                <TextEquiv>
                    <Unicode>Und nach für Mord.</Unicode>
                </TextEquiv>
            </TextLine>
            <TextLine id="tr_1_tl_18" custom="readingOrder {index:17;}">
                <Coords points="3759,3300 3861,3316 3897,3296 4141,3296 4190,3344 4218,3324 4279,3377 4308,3373 4308,3186 4275,3178 4230,3190 4157,3153 4100,3190 4047,3162 3942,3223 3909,3190 3816,3251 3759,3243"/>
                <Baseline points="3781,3279 3871,3285 3960,3285 4050,3285 4140,3285 4229,3285 4319,3285 4325,3279"/>
                <TextEquiv>
                    <Unicode>Brutes</Unicode>
                </TextEquiv>
            </TextLine>
            <TextLine id="tr_1_tl_19" custom="readingOrder {index:18;}">
                <Coords points="5466,3499 5714,3450 5872,3475 6047,3584 6169,3483 6327,3458 6811,3470 6815,3296 6681,3385 6404,3373 6258,3284 5966,3328 5836,3288 5714,3353 5612,3284 5470,3357"/>
                <Baseline points="5490,3458 5567,3447 5657,3447 5747,3447 5836,3447 5926,3447 6015,3452 6105,3452 6195,3452 6284,3452 6374,3452 6463,3441 6553,3435 6643,3435 6732,3429 6822,3429"/>
                <TextEquiv>
                    <Unicode>der Menschmori!</Unicode>
                </TextEquiv>
            </TextLine>
            <TextLine id="tr_1_tl_20" custom="readingOrder {index:19;}">
                <Coords points="3800,3462 3913,3483 3938,3462 3958,3483 4007,3466 4072,3479 4088,3462 4133,3483 4198,3462 4279,3479 4356,3466 4360,3377 4304,3389 4218,3365 4173,3393 4060,3328 3974,3381 3917,3344 3889,3373 3804,3389"/>
                <Baseline points="3823,3458 3829,3464 3918,3458 4008,3458 4098,3452 4187,3452 4277,3447 4367,3447"/>
                <TextEquiv>
                    <Unicode>kehrere.</Unicode>
                </TextEquiv>
            </TextLine>
            <TextLine id="tr_1_tl_21" custom="readingOrder {index:20;}">
                <Coords points="3783,3653 4901,3743 5246,3641 6075,3718 6665,3633 6799,3747 7034,3645 7038,3503 6323,3462 6039,3588 4547,3462 3787,3588"/>
                <Baseline points="3805,3644 3817,3644 3907,3644 3996,3638 4086,3638 4175,3638 4265,3638 4355,3644 4444,3638 4534,3632 4623,3632 4713,3632 4803,3632 4892,3632 4982,3632 5071,3632 5161,3632 5251,3632 5340,3626 5430,3626 5520,3626 5609,3626 5699,3626 5788,3626 5878,3626 5968,3626 6057,3632 6147,3632 6236,3632 6326,3632 6416,3626 6505,3626 6595,3620 6684,3626 6774,3626 6864,3620 6953,3626 7043,3632"/>
                <TextEquiv>
                    <Unicode>Bretus. Jetzt saget mir, woraus der Staatsbesteht.</Unicode>
                </TextEquiv>
            </TextLine>
            <TextLine id="tr_1_tl_22" custom="readingOrder {index:21;}">
                <Coords points="3840,3885 7038,3828 6961,3637 6803,3743 6656,3637 6116,3747 5710,3661 5425,3751 5263,3645 4872,3755 4702,3666 3844,3735"/>
                <Baseline points="3865,3817 3912,3817 4002,3823 4092,3817 4181,3817 4271,3817 4361,3817 4450,3817 4540,3811 4629,3811 4719,3817 4809,3817 4898,3817 4988,3811 5077,3811 5167,3811 5257,3811 5346,3811 5436,3817 5525,3811 5615,3811 5705,3805 5794,3805 5884,3805 5974,3811 6063,3811 6153,3811 6242,3799 6332,3799 6422,3799 6511,3799 6601,3799 6690,3793 6780,3793 6870,3787 6959,3787 7049,3793"/>
                <TextEquiv>
                    <Unicode>2. Bürger. Woraus denn anders, als aus Menschen</Unicode>
                </TextEquiv>
            </TextLine>
            <TextLine id="tr_1_tl_23" custom="readingOrder {index:22;}">
                <Coords points="6120,4019 6230,4011 6291,3962 6429,4027 6539,4007 6762,4072 6847,3995 6884,4019 6933,3982 7014,3987 7014,3816 6884,3812 6795,3901 6665,3812 6620,3844 6547,3808 6380,3852 6319,3808 6189,3861 6120,3836"/>
                <Baseline points="6141,3966 6230,3966 6320,3960 6410,3960 6499,3960 6589,3954 6678,3954 6768,3948 6858,3954 6947,3960 7025,3972"/>
                <TextEquiv>
                    <Unicode>denk’ ich?</Unicode>
                </TextEquiv>
            </TextLine>
            <TextLine id="tr_1_tl_24" custom="readingOrder {index:23;}">
                <Coords points="4328,4230 5222,4161 5596,4299 5909,4165 6437,4182 6441,4023 6295,3966 5966,4047 4332,3995"/>
                <Baseline points="4349,4181 4384,4181 4474,4181 4564,4169 4653,4163 4743,4151 4832,4140 4922,4140 5012,4140 5101,4140 5191,4140 5281,4140 5370,4140 5460,4140 5549,4140 5639,4140 5729,4140 5818,4140 5908,4134 5997,4134 6087,4128 6177,4122 6266,4122 6356,4116 6445,4098"/>
                <TextEquiv>
                    <Unicode>Und wer den Karl gewordet,</Unicode>
                </TextEquiv>
            </TextLine>
            <TextLine id="tr_1_tl_25" custom="readingOrder {index:24;}">
                <Coords points="3755,4275 3869,4247 3930,4267 3974,4238 4092,4279 4145,4234 4218,4234 4230,3991 4165,4015 4092,3987 4060,4007 4039,3991 3974,3999 3922,3954 3767,3962"/>
                <Baseline points="3781,4169 3871,4163 3960,4157 4050,4151 4140,4151 4229,4151"/>
                <TextEquiv>
                    <Unicode>Brutus.</Unicode>
                </TextEquiv>
            </TextLine>
        </TextRegion>
    </Page>
</PcGts>
