7096 4584
193 288 2475 637 Schuriu 6. Was müß ich hören! Textus 21.
197 518 1928 789 Collatums. O ihr Götter.
465 547 3322 958 Osts möglich! Das hat er sich frech erkühnt?
271 822 3264 1098 Sparius. Und wär er Herrscher selbst der ganzen Welt,
2056 987 2483 1135 auch in
288 1020 3412 1246 Und möcht das Schicksal selbsteren xxx römmen,
300 1233 3301 1406 Und könnt das Chaus aus den Angeln geben
358 1361 2479 1603 In die ein ewiges Naturgesetz¬
2064 1414 3371 1723 des Dauphr aller Reiter
941 1513 2010 1686 einzwängl für
2208 1570 3421 1764 of zahl erkühnen,
386 1554 2101 1838 das der ist selbst Suplier
407 1702 2771 1945 daß eine Körmerin er freih entehrt.
181 1788 3458 2183 Dientia. Nim, - nicht ertragen kann ich diese Schande.
835 2052 3347 2368 Und daß ein Weib in späten Zeiten nicht
843 2224 3207 2459 Sieh auf Lucretia nicht frech beruft
1957 2401 2471 2533 will geh
872 2401 2718 2685 Wird sie der Wollust, Opfer wird
884 2594 3367 2841 Drum bringe ich den Tartaros mich dar.
937 2759 3421 2981 drum wech' ich mich der grausen Unterwelt.
921 2944 3474 3231 Verschlinget mich, ihr dunkeln, finstern Mächte,
933 3112 3038 3408 Ihr aber, ihr rächende zu menden
937 3297 3207 3589 Heftestem Räuber Euch auf die Spur¬
991 3466 2734 3758 Kacht mich, ja rächst mus¬
1044 3634 3141 3934 Ich folglich ihr Geister, die mich riefen,
1052 3803 1673 4107 Offent Eich
543 3930 736 4239 47
1106 3984 3133 4317 Schkurz Pfei, Unterwalt deren Unnd
3647 271 5990 617 Empfange mich die grautiger Schländ
3655 485 6714 781 Und Verschlingt mich, ihr schaurigen Tiefen
3943 645 6586 937 Regnist einen dolch aus ihrem Besen
3922 822 4790 1089 und ersucht sich.)
3684 991 5682 1258 Collatinus. Lüxretia! Halt im!
4929 1168 6183 1377 Zu spät 1/2 die stirbst
3589 1205 4276 1418 S. Walerius
4424 1237 6455 1472 dogar die Unschuld ich jetzt nicht mehr sicher¬
3733 1336 6895 1599 Collatinus. Dierstia, geliebte Gattm. - Ich, - todt!
3799 1513 6356 1805 der Freiler/dextus, Sextus, nicht ereilt
3737 1723 6907 1973 Spurius. Sa, -todt ist Sie,- Sextus entricht sie uns
3725 1862 6927 2163 Brutus. Fluch dem Tyrannen, - ihm und seinem Dank
3671 2039 6866 2343 Jetzt hilft das Klagen nichts, jetzt gilt es rächen;
3659 2224 6475 2524 Gering schon haben wir der Schmach erduldet,
3721 2397 6401 2672 Ja Kache, blieb'ge Kache den Tyramen.
3577 2578 6882 2824 Lastt uns die Fesseln schütteln vom gebeugter Nacken
3671 2742 6035 3022 Erseben wir und gegen dieses doch
3684 2935 6578 3236 das wir seit Jahrer schon mit Unsch tragen,
3684 3108 6775 3433 verbrecht die Retken, die der König schmiedet
3700 3285 6895 3581 der dürst nach Rache und der durf nach Freiheit
3684 3445 6541 3762 Mög unsre Herzen alle frisch beseelen
3667 3626 6784 3914 Gegen Superbus stüret und seine Föhne
3733 3807 6923 4091 und reißt den Freihen von dem Thron herunter¬
3708 3959 6792 4296 daß Endlich Freiheit herrsche, Freiheits¬
