7128 4584
4023 267 6387 591 Die beiden Brutub und beiden et quilius
287 312 2960 640 Als meine Schwester einst von Jahren Krankner,
267 501 3210 829 damals, - du weiß verstands mit uns sehr schlechte
4622 509 5632 817 begegnen sich.
3559 427 3859 751 G.H.
484 718 944 833 kamer.
312 698 2804 1030 da, xxx weiß, nicht, wer davon gehört,
3719 751 5546 1149 Marallus. Haftt ihres gehört?
394 792 3378 1154 Zu uns recht und war uns oft im treuen Helfer.
5168 1006 6560 1248 Sawohl, wir wisse's.
419 1006 3465 1314 thut das ein andereraub dem Ritterstande¬
3740 1030 4208 1268 Slavinb.
3690 1182 6416 1490 Marilus. Ihr geht wohl auf die Mauer?
390 1199 2857 1519 das thut eines Bibliub Valerius
5595 1363 6810 1638 Auf die Mauer!!
353 1293 3383 1683 drein, sind'st die überall, wo du auch fragst
3690 1367 5189 1638 beidexx. Flaaub.
3625 1535 6720 1831 Laßa, wie wir nicht bei diesen währen wohl¬
341 1531 2964 1868 die Herzen aller ihm recht zugethan.
3658 1716 6950 1983 Marilus. Da Karius, meine Hand, die bist mein Freund¬
271 1654 3473 1975 Und er ist, braucht niemand sich schienen
3707 1933 6584 2192 Trebonial. Lücilius, reich' mir die deine!
291 1892 3481 2229 komm Freund, - und hilf die Vaterstadt befreien.
6162 2057 6601 2258 Herr.
226 2073 3481 2406 1. Bürger, doch staientest, du mahl über Brutesgez,
3678 2073 4253 2360 Liebstück
5940 2098 6535 2360 Erachten die
842 2270 1059 2385 Vous
3719 2225 6765 2549 Marilles. Du hegst dieselbe Meinung wohl wie ich.
234 2258 3177 2557 Wie erst klug, wie er so feurig sprach
3727 2430 6597 2730 doch bist in Collatimus Schwestersohn!?
213 2434 3399 2660 das hätte niemand wohl von ihm erwartete
3695 2590 6609 2804 daß du von ihn ich wendest, sollte mich wundern
283 2598 3514 2906 2. Bürger. Ich Freund, hatt er so denn sich nicht gestellt
2167 2767 3292 2915 viel andere haucht.
743 2779 1568 2956 war in todte
3719 2767 6942 3099 Haus Was mir das Herpräth, nur das Preich¬
349 2804 3489 3120 Solle er, längst, wie schon bei seiner Verwandte
3731 2939 6621 3177 Wenn nicht die Herrn aneinander fesseln
304 2964 3526 3247 Ich sag' Dir, dieser Zlag kann ins grad recht,
3678 3124 6839 3448 Verwandtschaftliche Bande, dann N°S nichts
271 3132 3432 3465 den Fär nicht da der schlaue Sumus Bretus,
3682 3309 6954 3629 das Jura, Freund, wir macht den Menschen aus
213 3321 3112 3633 wurde will nach kaum verflossene Jahr
3653 3493 5841 3760 Marultus. Du denkst, wie ich!
283 3506 3235 3805 dir fassers Mauer keiner mehr noch leben
3711 3645 6071 3945 Flavick. Mög dem Targeinius
250 3670 3210 3924 Aus Weibens Tod, der ist im Wederpunkt
3670 3723 6970 4142 Fortuna, sold sein, daß erwieder Herrscheid¬
271 3846 3161 4158 Für ewige Zeiten in Romas Geschichte.
3772 4056 6979 4318 strebniub. das wird jetzt eine schöne Herrschaft werde
1273 4011 2028 4343 (Beide ab.)
