7176 4648
5246 13 5468 256 65.
2141 115 2341 363 64.
354 324 2922 670 Ich bleibe für das Vaterland erhalten,
4414 213 5702 550 Vierte Scene.
3890 354 4248 695 4/10
354 499 3502 836 dem Freund,: krutus, - werd’ ich nimmer mehr
4585 486 5050 712 Nacht.
290 665 3595 1088 Brutus. Glaubt ihr, ich werd auch bitte, alter
4205 644 6888 874 der schloß des Pompilius Haus in Targnini.
3681 857 6939 1100 Es steht vereinsamt da. Weithinaus erstreckt sich eine
2926 819 3583 1071 Starrkopf.
324 1024 3506 1314 Wenn ihr nicht wollt. Ich bitt sich nicht krum. (Eb,
3664 1032 6986 1288 Ebene.-  Mondschein.- Nachtwolken, vereinzelte Sterne
3561 1177 6990 1420 ¬fimmern heraus. - Sause. Licht schimmert aus einem
371 1194 2256 1552 Spurius (tritt zum Trester:)
3604 1352 5455 1642 Fenster Lucius (kommt geritten)
414 1365 3284 1732 da jagt er in die schwarze Nacht hinaus.
3655 1518 7007 1830 Luoms. Last kam mir jetzt ein Grauman. Fürwahr,
435 1557 3327 1919 da sagt er durch die weite, andlosweite Fläche,
1757 1646 3566 1864 Wohn fahre ich das Schicksal ist
3698 1680 6956 1906 Als ich so rett bei mattem Sternenplatz, -
503 1779 3642 2043 Wohne, - wohin -? Wie rast sind schaumt
3702 1860 6709 2154 Alsprell der sond beschen die weite Fläche,
520 1885 3621 2214 Leb wohl! Lebwohl! Schon ist er ganz verschwerden
3698 2043 6551 2320 die weißen Schädel schienen sich zu regen,
529 2128 3416 2423 Auf Augen blijke taucht er nur hervor,
3715 2201 6508 2491 und dieses Tööfelde lieb nur durch den Körge
5937 2273 6820 2521 dert sich wahrlich
546 2260 2973 2589 Wenn mit des Weides lindem, leisem Wehre
3762 2393 6892 2695 Was schaut sich denn das Leben vor dem Toden?
537 2431 2755 2759 der A nächtige Nebel in die Höhe steige
2798 2486 3263 2730 Ichwarz
3813 2572 6734 2879 daß liegt um Menschen, - in der Menschenseele,
537 2614 3305 2934 Ich seh' ihn nicht mehr? Schonfalls Nachb.
3804 2759 6888 3003 daß bösst es teil. - und steigt in stiller Nacht.
550 2806 3194 3109 Mit den kalm Schleier hüllend ihr angeben. -
3745 2943 6815 3237 Was war was mich also zittern machte,
580 2977 2951 3284 O mögen dir die Sterne, so wie heute
3775 3118 6990 3378 Mar's das Alleinsen, - wars die Einsamkeit,
503 3148 3224 3467 Für immer leuchten auf dem finstern Weg
3817 3280 7012 3591 War's das geheimnisvolle Frfr Schweigen
559 3305 3361 3608 Ziellos hinaus irrst du inweite Ferien
3834 3459 6943 3770 das rings umher die stiller Nacht verbreitet,
597 3497 3092 3843 Mögen die Götter weg dich beschicken.
5758 3634 6956 3949 daß was es nicht.
3856 3647 5587 3877 das wäre es nicht, - seine
397 3672 3578 4030 „. Fahrwohl“ fahr wohl? (Er bleibt sinnend stehen)
5753 3804 6594 3958 herrliche Tod
5114 3804 5587 3920 deren
3868 3813 6577 4082 Es war der Tod, die Todtenschädel warens
3885 3971 6619 4282 die kahlen, - schauerlichen Todterschädel,
