7064 4584
5264 70 5466 306 23
1952 174 2125 335 22
3697 269 6525 509 Und meine Mutter! Ich ja, meine Nutter
930 265 2274 575 Superbus Callim).
3726 484 6926 765 Sie ist die Rom, der Muitaufgeregten Volle zweisgegeben
145 649 3105 951 Ja, es muß sein, wie auch wie Stolz sich präubt.
3730 645 6174 922 Und auf; nicht lieben kann ich sie.
157 831 2804 1108 der höchste selbst fängt ab vom Augenblick
3713 819 6244 1075 Sie mordete den unschuldswoller Fruns; —
1009 1005 3019 1257 nichts der Macht der Zeit sich brügen
4238 988 6446 1228 der körperlich mein Vater ist,
3701 984 4255 1257 Und er
116 1009 893 1278 der Größte
3924 1150 4424 1265 im Geiste
4412 1145 5107 1290 bin als mehr
2729 1092 3250 1290 größte be¬
1315 1170 2220 1315 Zeit mußt
5115 1141 5992 1286 verbunden, —
575 1174 1224 1327 Mayt 13
186 1212 3420 1472 Es gibt ein Schicksal, das die Welt beherrsche M.
3730 1191 5442 1439 Er todtete die Jüllen Tullen;
4664 1340 5007 1435 Altre
3709 1336 6686 1617 Und schloß die xxx in die mörderischen Handarnen
240 1348 3403 1637 dagegen kaum kein sterblich Wesen wenden.
6699 1398 6905 1633 30/10
4445 1501 4937 1679 junge,
3709 1542 6732 1749 Vermählte sich mit ihr; mit meiner Mutter
227 1509 3325 1757 Es wendet nicht der Monsch des Schicksal ab.
3713 1683 6678 1906 Kann Glück entstehe aus eines solchen Ehe?
174 1691 3498 1997 doch wendet sich das Schicksal nach dem Meyherr -
3701 1857 6674 2138 Gebildet durch einzörn der Doppelmord?!
232 1890 3411 2163 Und wenn man tagfer kämpfl u. unütig streitet;
5239 2001 5839 2142 hndwill
3672 2026 5822 2320 In gebrecherischem Bett gezeugt
232 2055 2903 2349 So ändert sich danach auch das Geschicke -
3664 2216 6103 2506 Gezeugt; oh grästlicher Gedanke!
232 2225 3188 2460 So will ich danken. — Daß ist das Rechte¬
3717 2419 5694 2679 Wir beide, ich u. Sextus!
252 2415 3184 2651 Faß soll'l' ich die Gesandten abgewiesen,
3784 2584 6951 2853 And docht N.A. E winden kann if my oon from,
244 2589 3486 2820 So daß ich kämpfen konnte! Nun; es wird sich eigen¬
364 2746 3325 2915 Sich müsseln Xölbichs zurück mir geben die Gemahls¬
203 2816 3308 3039 Gewiss Sextus, lebwehl. Sobald ich kam besingt
3734 2742 6587 3047 Wenn ich nicht ein Verrätter heißen will.
1637 2890 3407 3163 haer auf demer kalten den
554 2923 1336 3076 das schwor
968 2932 2932 3172 Aufge Nach einem
256 2990 897 3155 dann wil
4458 2923 6616 3209 (Qd betrachtet den bei Zram.)
455 3089 2283 3341 Will ich dich gütig rächen!
3647 3097 6293 3370 Und sich! Gestorben ohn jederde Wunde?
1166 3159 1617 3333 Cb.
426 3205 3258 3461 Und tausende von können sollen deinen
3697 3283 6918 3531 Rats hat der Blitzstrahleines Gotts getroffen?
1886 3382 3205 3585 rod bezahlet. (ob)
3659 3461 6562 3717 Ist er getödtet wohl von unsterblicher Hand!
980 3457 2572 3759 Frans kommt allein
3659 3618 6645 3899 So ist es! Eine iure Stimme sagt es mir
198 3585 3486 3945 da liegt mein Bruder! O er ist mein Bruckert
3610 3792 6690 4069 Und tiefes Graun umdüstert meine Seele!
95 3796 2179 4077 18/7 Unglückholge Conseelvolle Ehe!
3602 3970 6492 4263 Herrnieder vom Olynex stieg eine Gottheit,
128 3961 2990 4276 Aus der mein Brüder, auf der ich entsprang u
