7176 4600
1171 404 2464 788 Dritter Aufzug.
1513 717 1938 959 Siebente.
409 880 667 1113 15/9
1430 884 2180 1071 Koste Scene.
1155 946 2943 1321 Im Hause des Brutus. Nacht.
938 1405 3527 1659 die beiden brutus, beide Vitellius, slav. Ägnilius,
375 1542 1893 1776 Aulus, Cicero kommen.
375 1709 3393 2018 Nerellus. Es ist beschlossen. Höret meinen Rath!
304 1888 3573 2184 Cass. Vitellius. Nachweis ich nicht, was wir berathen sollen,
342 2068 3477 2360 Warum ihr auch in Fürstrer Nachtversamelt¬
384 2230 3306 2539 Was mich dazu treibt in so später Stunde
334 2414 1968 2710 Eich hier kath zu halten.
329 2635 809 2810 Ciero.
1459 2597 3064 2918 Nun, du sollst es assen.
346 2776 3389 3106 Nicht lange bleibt's ja ein Geheimnis mehr.
471 2947 3039 3268 Wir wol'en wieder einen König haben
233 3122 3543 3423 cass. Das muß ich sagen, ihr Stadtatz, sehr kurz gewesen:
288 3306 2856 3614 doch in der Kürze liegt nicht stets das Recht¬
359 3477 3377 3819 Sowollt ihr einen Aufstand wollegeben.
359 3685 1617 3873 lichwo. Mas anders?
354 3852 709 4119 Cass.
1288 3756 3498 4156 Nun, so will denn ich auch kurz sine.
275 3994 3443 4356 Schwill nicht, könne, und ihr dürf nicht wollen.
5136 196 5319 442 45
3748 229 4127 425 Auluß
3652 308 5198 617 Marens. Bei allen Göttern!
3694 479 5840 763 Krebonius. Cassius, — zu mußt’ h
3677 654 6512 955 Cassius. Ich ein augenblicks, euch zu verrathen.
3794 838 5294 1101 (Er soll zur Thüre.)
3673 988 6441 1280 Cicere. (ihn zurückhaltend, vor der Thüre.)
3656 1159 6582 1472 Nicht einen Schritt mehr, wenn duleben willst,
3673 1401 4252 1592 Churaut.
3748 1530 4961 1797 Aulub. O Götter Be
3735 1718 6974 1972 Aulub. Bei allen Goldern! Mensch, - Du bist verwegen.
3656 1859 6845 2176 Cassius. Bei solchen Thaten ruft die Götter nicht
4210 2051 6295 2339 C Wird von den übrigen umzugelt
4140 2230 5724 2526 sucht sich zu befreien.)
3652 2393 5715 2681 Äsere (ziehl sein Schwert.)
3668 2568 6620 2893 Auf dieser Stelle bleibst du oder sterbst!)
3748 2760 7041 3089 des ermordeten Lualius Geist (erschmet hinter Einvo¬
3769 2935 7016 3247 Willst du noch einen Mord auf dem Gewessen
6161 3102 6878 3331 Eaden?
3706 3110 4085 3352 lach
3739 3277 7033 3573 Schwer wegt auch einer für die Ewigkeit! (Verschändet)
3723 3464 6858 3794 licero (in fürchterlichem Schrecken, & droht zu finken.)
3777 3656 5549 3939 Weh mir, was war das!
4927 3723 6507 4048 Ariavo was off Mr I
3710 3860 4260 4077 Marans
3685 3977 7037 4306 Cicero (greift sich an den Kopf.) bist du verschwunden, furfürliches
