7128 4616
3626 260 6907 621 Vergißes nicht, daß Septus, vor Dir steht
1204 357 2514 697 Dritte Steuer.
3655 495 6706 789 der Lohn oom Romas mächtigen König
6181 667 6622 919 Einst
3626 701 4179 881 Brulus.
1276 713 2979 1020 Vor Deinem Thore Roms
3743 751 6945 1154 Letzt seid ihr beide feimathlose bester
550 873 1905 1192 Auf der Mauer.
3626 995 6966 1326 Superbus. Ou verhörte, grievenlose Freiheits¬
323 999 3391 1318 Brutus, Sp. Lucretius, Collatinus, Valerius
3621 1192 6945 1448 des einem König ins Gesicht zu werfen.
252 1209 3391 1582 Cassins Vitellius, Hor. Coeles, Mucius, omli
3659 1376 6945 1674 Brutus. Ha, grauwoll werdet Ihr mirs
214 1469 2102 1691 andre. - Lueilung éguilers
5984 1506 6852 1771 büßen!
365 1607 3495 1872 Farquinius, Superbus, Sestus, Aruns. Aulus
3693 1637 6601 2023 Ich. Euer König ich befehl ab Euch,
285 1792 1620 2090 Cicero, mit Krieger.
3701 1867 6928 2199 daß ihr den Berufes und den Allatinus
6269 2052 6605 2186 man
617 2027 1343 2287 Süxerbus
3714 2056 6899 2392 Und auch den Eheweis war ausliefert.
323 2136 3437 2451 Fürgemeins. Ihr wagt es! Über muthres Volk
3714 2232 6974 2547 dann will ich gnädig sein, und Eucht der ein¬
2484 2287 3374 2526 der Römer
3676 2404 6991 2719 brutus. Verzeche, o dunkelhaften, stolzen König
290 2459 3252 2782 Öffne deine Thorz, dein König befiehlt’s Fr.
3701 2614 5761 2879 dexfus. Zum Kampfe!
323 2606 3344 2950 Brutas. Wir haben keinen Königmehr
4926 2761 6970 3042 Nun sowisse, einstigend Rang
3680 2820 4335 3046 Brutes
2409 2820 3361 3126 Kom ist Frei!
332 2853 1104 3114 Oblatinus.
3726 2921 6987 3273 das, was sein Sohn in Erwelhafter nicht darüber
281 2963 3533 3277 Fextub. Ha lesen muß man über diese Surmerk
3680 3122 6978 3424 des Collatiens Frau xx beschimpft¬
248 3214 3470 3483 Spurius. O deine Stimme schneidet durch meine
3697 3311 6584 3613 Und sie in grenzenlosen Jammer hat
2253 3370 2891 3621 Jurns
3676 3483 6999 3793 Sich selbst getödtet. Bexfus war der Freoler¬
306 3462 3512 3785 Fluch über dich, die Mörder meiner Tochter
3672 3642 6903 3974 Und sie die Unschuld treue hat gebüßt!
256 3718 3449 4012 Collatinus. Ha meine Gattin, fund fast der
3651 3819 7020 4129 BJurius. Vorme Tochter. Graunuvolle Theile
2501 3903 3370 4184 getadtet.
3638 3991 7008 4326 Brutus. Und xxx errat hast nicht, - schamloser Thater
294 3982 3386 4393 dextus. Wer wagt's, - mich Elum zu
2518 4276 3114 4435 wenden
2614 4263 3550 4515 undtsger aber.
