7208 4744
1808 240 2011 476 68.
265 399 3412 729 Wo bei dem wilden Runzeln denen Stirner
224 619 3147 932 Auch schon in Leben auch gefährdet war.
265 749 3530 1111 du irrst dich! Sieh! - Ich kann dich leicht hier todten.
289 932 3501 1278 doch fass ich Neuchelmord. Im öffnen Kampf¬
330 1144 2821 1478 Will ich mit dir bald tapfer streiten.
2337 1270 3155 1543 Weh dir!
313 1352 1022 1649 Superbus.
615 1515 1966 1767 (Pompilius. Arunt.)
334 1665 2760 1958 Pompilius. Was ist, - was ist!
2076 1816 3412 2129 Nun erleich nach Rom.
419 1881 953 2089 Lucins.
383 2023 2174 2317 Die Nacht ist schön Ich habe mein
379 2166 3013 2508 Es ist beendet, was geschen sollte,
391 2353 3102 2687 de Nacht ist schön, - euch wünst ich gute Ruhe!
427 2553 1832 2858 (Er springt davon)
432 2683 3554 3029 Liperbus. Mein Roß! Mein Bogen! Meine Theile' Schule
480 2895 3314 3229 Ich muß ihm nach! die Frechen Übermüthgen. -
415 3131 1437 3404 Sie wagen ob!
436 3224 3432 3550 (Arnns kommt zurück mildem bogen.)
456 3440 2300 3693 Pompuliers mit dem koss.
1433 3599 3513 3896 Nun will labet wohl, Er Freunde!
436 3644 1140 3855 Superbus.
452 3746 3603 4096 (E. S.) Ihr neue ich Freund.  Praeplicis mein Freund!
480 3941 3505 4275 Er ist auf das Roß gestiegen kommt
456 4124 3461 4511 den Bogen, sammt Roch er mit Seelen
5244 98 5451 383 79.
3599 375 4849 655 u u. d sprengt davon)
3652 509 6889 774 Arnnt. Volgt mir, Kugiläub, - wir brennen Tacksbe au¬
3640 717 4466 997 (beide ab.)
4442 875 5818 1148 (Sause. Tiefe Stille.)
3664 1071 6946 1323 Collatinut (in der Ferne auf einem Ropdahinspaar
3652 1168 6758 1559 gend. Plötzlich wird er von einem Theil ins
3705 1417 6925 1698 Herz getroffen und siekt lautlos vom Sferd. Das
3790 1535 6758 1893 Berl springt fort. Gleich darauf sieht
3705 1722 6966 1987 man Superbus. Jetzt kommen Aruns, Pomp¬
3754 1938 6750 2223 lius und Krieger mit tackeln. bei
3766 2068 6966 2349 deren Scheine erkannt man das Antlitz des
5362 2231 5916 2378 erblickt ihn.
3741 2272 5911 2573 Collatium s. Superbus (f)
3758 2439 6990 2724 Superbus. Was seh' ich, – welches Antlitz, Collatenug.
3807 2614 6815 2931 (Welch gott hat den mir in den Arm geliefert,-
3843 2789 6990 3143 und welcher Teufel ließ den anderen entflichte?
3786 2968 6986 3277 Oruns (und andere nähren sich seit Fackeln.) Wie Collationen
4914 3131 6530 3428 Was fast Dugebsau!?
3782 3306 7007 3636 Superbus. du freust dich nicht, - er war uns sehr gefählig
3794 3489 6082 3831 kruns. Und meuchlerisch gemordet!
5610 3668 6860 3912 Schweige Arunt!
3855 3717 4474 3933 Superbers.
4010 3884 7027 4136 Erwar ein Römer, — und hiefs Collatinus!
3758 4006 6852 4344 Ergeht ins Haus. Krieger mit Fackeln folgen
3803 4210 5073 4491 auch Pmpilius.
