7080 4568
1911 146 2095 334 20
962 272 2898 610 (N°) Ein schwarz verhangenen Bahre
928 502 2622 765 wird freingetragen.)
205 669 2442 924 Ausüb (f.) Wer wird das sein?!
289 824 3508 1108 Einer J. Kräger. Der Leichnam wurde in dem Wald
2174 983 2952 1296 gefunden.
205 1183 2250 1459 Fuperbus (Hebt das Tuch auf)
790 1330 3370 1585 Weh mir, welch grauenvoller Anblick!
824 1509 2689 1815 Mein Sohn! Wie Sextus!
2258 1693 3458 1961 Sehe mir, mein Bruder¬
276 1706 820 1936 trüns.
1585 1710 2187 1990 Mause.
280 1894 2475 2162 Superbus. Das that ein können
1810 2036 3299 2325 doch dieb einzge Leben
573 2212 3441 2459 Wird ihnen tausende von andern kosten —
569 2404 3011 2697 die Lache leidig keinen Aufschub
205 2584 3341 2873 5/6 Pompilius, rüstet, - sorgt, daß eure Krieger
569 2743 3500 3052 In kurzer seit gewäffnet stehn zum Kampfe¬
594 2923 3487 3224 dann meine Haud sollig diese Hunde fühlen,
2120 3098 2312 3207 &c. &c
560 3123 3278 3395 die edelsten von ihnen will ich morden,
544 3291 3374 3588 tusrotten, will ich dieses hündische Geschlecht.
585 3445 3533 3751 Noch fasse dich mein Herz, - bald wirdt gescheht
569 3642 3512 3935 Und mir zu Füßer sieken sie als Knechte,
560 3792 3504 4119 Und mir zu Fußen vollt Er blut'es Haupt¬
226 3960 3412 4319 Pomptäus. O fasst nach, Beig, fasste auf, Eifer 1 Brug,
3721 259 6749 581 Versucht zuerst noch gütlich einen Ausgleich
3914 456 6159 748 Mozd so viele Menschenleben opferer,
3935 677 6736 924 Wenn noch der Frieden möglich ist
3617 807 3901 1024 Sod
5536 803 6289 1066 Schweigt.
3780 928 6556 1271 durch eines Mannes unheilvolle That
3771 1154 6845 1434 Ehe Königreich und einen Sohnarlieren,
3742 1305 6736 1543 das ist zu viel für einen Sterblichen
3822 1493 6958 1748 Sie göttlich außerurkam das unvertragen
3784 1660 4211 1777 lieur
3625 1673 6414 1948 Feleb. Lueius Tarquinius Supertus,
4938 1840 6849 2107 (mit Nachdruck) Superbus!
4039 2015 6933 2316 Ihr habt der Sohn verloren, nicht das Königung
3721 2103 4127 2312 tulus
3608 2191 6933 2496 Ceiro. Wir sind noch da, das Königtum zu schützen,
3588 2375 6949 2684 Früns (E f) Viel spricht der Mund, was nicht des That
5632 2567 6485 2831 vollbringe.
3680 2718 6866 3031 Pompilius. Hill, steht ihr, König da, und sienet.
4131 2898 6874 3111 Folgt min O schikt Gesandte ab nachkom¬
3872 3073 6912 3370 Nicht lang seine Unterthan mit König streiten.
3642 3266 5908 3554 Superbus. Ich muß es thun, - wie auch
5595 3437 6498 3730 iffolge Euch. -
4068 3429 5239 3730 Nun. es soll sein.
5674 3613 6765 3905 verlaßt mich.
4390 3692 5486 4081 (Alle ab.)
