7192 4728
5044 183 5269 358 43
1920 242 2107 400 72
3553 296 6102 654 die ihn gewißen von der schönen Erde,
1295 367 2178 650 Tünfte Treue.
3565 546 6327 870 Er lebte nur im Sünden zu begeßen,
237 500 421 800 19/10
954 587 2841 829 beim Wald von Arria.
3599 683 6547 1012 der Tod ist besser.- Sextus ist gestorben.
933 746 3415 1050 Superbus. Arn n.s. - Eine Abtheilung
3628 866 6577 1162 Superbat. Es war ein jugendlicher Testar nur.
450 966 1104 1187 Krieg er.
3603 1054 6335 1324 Nur eine Laune wars von Übermuth,
275 1075 3469 1387 Superbus. Compibus ist im Kampf-Wir eilen ihm zu
3636 1195 6268 1504 die ihn zu voreiligem Thür gerissen, -
2820 1254 3357 1491 Hülfe!
3694 1366 6889 1716 Massag ich! Nein, - kein Fehlerwar es selbst -
358 1412 3499 1741 Arans. Die Brustwills mir zersprengen, sich kann's nicht
3707 1591 6914 1887 War er nicht eines Königs Töse, - mein Sohn? -
346 1604 3486 1945 Ich kanns nicht länger dem vor dir verterzte,
3719 1737 6972 2016 durft' er nicht thun, was keinem sonst erlaubt ist,
371 1820 1433 2120 Es muß herau
3682 1912 6789 2137 Annt. Gab denn ein Gott der Königl. Das Nacht,
412 1962 3453 2266 Imperbus. Was willst do, Orruns syssichte
3719 2128 6806 2424 verbrechen zu begehren, die Tod Ferdienen - :
400 2141 3444 2474 Arme's. Ich will, - ich kann -ich das haus
4865 2270 5556 2507 (Pause.)
1849 2303 3290 2591 für dich streiten.
3640 2432 6985 2741 Saarbes. Werbist des. Freiher, daß du künf es wohl
812 2495 3474 2832 mehr's selber ein - wir haben Unrecht,
387 2520 891 2749 Du sieht
3744 2636 6893 2874 So kack und stolz dem Vater zu erwidern.
416 2661 3270 2924 das Recht ist auf der andere Seite
3669 2795 6831 3170 Arans. Ich bin ein Mensch und fahle inenschlich. - Ich
437 2799 3486 3078 Ist bei den Römern, die - die dich verbannt,
3757 2999 4761 3324 Weiß auch, daß
408 3024 3532 3336 die dir die konn festen Thore Roms verschloßen,
3661 3070 7001 3432 Superbus. Ich bin im König. Fürstbrief denke königlich¬
412 3199 3524 3478 Und dich verwiesen aus der eigene Stadt.
3553 3315 6664 3649 Dr. Es wandeln in der Unterwell die Schatten
346 3394 3432 3669 bei ihnen ist das Recht. Ein Blauder siefts¬
3665 3507 6614 3765 des Königs xxx des Bettlers zum Weg,-
342 3557 2695 3894 Superbus Was fällt drein, -!
3719 3682 6697 4007 Und genies Sohn setzt sie zusammen über.
1833 3740 3519 4044 Hat Sextes nicht gefredert,
379 3761 908 4003 Amet.
3728 3740 7018 4094 Superbus. Nun dann, der last mich, - geh zu Krutz 6 über,
450 3886 3444 4232 wars nicht der Güter allgerechte Kache.
3857 4044 6926 4390 Und stürme dann verräthrisch gegen uns.
358 4082 3486 4394 Die ihn geschlendert in des Ortes tiefent¬
