7400 4936
311 736 2706 1100 die Worte, die ihn in den Tod geneigte
336 951 2900 1262 der Heimal Segen wünschend, wie im Leben, -
384 1125 3200 1412 So starb der Consul Brutes, unser Brutus¬
441 1323 2949 1622 möge Rom oel solche Männerzeugen,
465 1485 2973 1695 Die immer wirken für die Vaterstadt.
461 1662 3325 1946 Ihr ganzes Leben Romas Wohl nur wehre.
473 1808 3289 2103 Letzt wandelt Brutus in Elysiums Feldern,
546 1986 3382 2294 Vorgesst ihn nie, dem ihr so viel verdankt.
510 2160 3406 2431 Noch im Lasehunderten ertön sein könne,
477 2338 3349 2621 Die in die Ernsten ellerfraften Zeiten
2006 2512 2184 2613 ste
522 2500 3503 2718 Solang nach Koma nimmt, hierunter auff
2783 2658 3616 2815 vergessen.
510 2694 3361 2989 Mit dir nur Roma, - mögst du lang noch blühe.
1424 2856 1861 2989 manne
526 2876 2508 3155 Geh' dieses Polzer Name unter
2431 2957 2714 3111 auch
1679 3026 2010 3163 das ist
522 3026 2925 3272 Und das Roma.  (Brutus auf die Götter.)
550 3216 3604 3511 Gros sollst du werden, mächtig und gewaltig,
522 3386 3090 3673 2/10 Ihr Freunde! Folget mir in den Senat,
1108 3564 1598 3697 beschließen
574 3580 3082 3810 daß wir daraten, was denn jetzt zu thun sei¬
538 3770 2811 3996 Bratend über unsres Volkes Wöhl!
785 3891 3754 4166 (Ab seit allen Und diesen Aufnam bringt uns in der Stadt
1897 4069 2743 4223 so nicht der Leben
566 4077 3725 4373 der Leichnam bleib dortsell er sein Ede als Consul mich,
1416 4259 3333 4547 dort steh der Todte als Erinnerung!
4712 587 6917 1007 (Alle ab. die Bahn wird fortgetragen.
4793 870 6897 1145 Volk (Olubt zurück) xxx hveins.
3964 942 4373 1205 Lucins
3936 1060 6682 1363 1. Bürger. Obrutus, Prenger und gerechter Brutub,
3960 1189 6872 1553 dich auch begang des Todes fürstere Macht. (Alf.)
3988 1355 7245 1739 1. Bürger. Glaubt ihr man wird jetzt neue ansulei wählen.
4025 1549 6876 1869 Glaubt ihr, u. Brusus starb der letzte Consul?
4433 1711 7164 1998 (der 2. Bürger kommt, in Kriegen schon Rüstung)
3887 1946 5109 2257 1. Bürg. Wasseh ich!
4729 2107 5307 2362 Roseus!
3932 2164 4518 2387 3. Fürger.
4979 2265 6027 2560 Daja, ich dies!
3976 2314 4482 2581 2. Lüßer.
4001 2476 5161 2775 Erkennt ihr nicht
4826 2601 6731 2876 Wie, Rosenus, - du ein Krieger!
4033 2658 4324 2888 3. t.
3960 2787 6881 3103 2. Bürger. Ich hielte nicht länger in der Heimalaub,
5525 2937 6112 3086 forsperzen
3984 2989 6205 3256 Mit unserm Herrn bin ich xxx
5716 3107 6108 3256 mit
3996 3135 6452 3426 Eine Wald von Ursia hab' auch ich gefochten
5881 3264 6108 3430 jou
3988 3216 6925 3584 Und mit dem Herrn kaum durch zurück. Auch ich
3948 3475 7010 3806 1. Bürger. Hat man von Collatiens nichts erfahren?
4001 3669 5987 3980 2. Bürger. Ihr wisst noch nichts?!
5230 3798 7277 4122 Nein, gar nichts, sprech, was ist?
4001 3932 4389 4081 Viele.
4037 3972 6974 4288 2. Bey.. Getödtet ist ihm er von Superbus worden.
4033 4166 6678 4502 der Sohn Ässertus fiel von kretub Hand!
