7384 4936
3823 659 6671 1025 4. Bg. Valerius ziehen. Auf schwarzer Bahre
1558 712 2404 1025 tutus todt!
4950 895 5178 1041 Herrn
370 814 781 1037 Viele.
3864 903 6248 1212 diegl unsees Gesells bleicher Leichnam,
830 960 3478 1216 Im Zweikampf mit Targunius gefallen
338 1058 691 1241 Bote.
3884 1021 6585 1367 steher zum Form wendet sich der karsch!
342 1070 3254 1383 Mehrere. Superbös hat die Consul uns getödtet!
4039 1253 5162 1477 (Trauertremmeln.)
338 1273 3421 1586 1. März. And unser Heer blieb dennoch sie preich¬
3872 1354 6829 1725 1. Be(2) und in nahen sich. Valerius schreitet langsam
334 1436 3453 1818 bot. Ein Rott vom Himmel stieg zu uns herab
3929 1517 6911 1908 Und zur Erde wendet er die Dußern blick!
289 1631 3282 1952 Und in die Flucht trieb er die stolten Feinde
6789 1802 7025 1952 amme
325 1790 3185 2205 Durch seiner Worte mächtige Gewalt.
3962 1920 6756 2266 (Valerius, Spurius, die anderen Anseiger,
907 2026 1737 2331 Ein Gott!
325 2046 834 2249 illehrern.
4019 2083 6142 2371 Brutus auf d. Jahre Soldaten
1391 2127 3535 2400 Dein uns war es, koma's Schützer.
3917 2233 7191 2558 Valerius. Vor eines Freundesbahre steh' ich hier!
403 2225 809 2461 Botz.
378 2310 3457 2607 Auch dieses Mal verließ er nicht sein Roen
3978 2412 6398 2737 Er ist gefallen für das Vaterland.
366 2457 3482 2774 Auf das mal sagten wir mit seiner Hilfe.
3958 2558 6915 2864 Sux erbes. Schwert hat ihn zum Tod getroffen!
366 2668 2514 3018 1. Rüg. So ist der Krieg beendet!
3962 2737 7187 3051 Weintsrunde's Novemb mehr als Papler jebelt.
2323 2697 3307 3063 Wir sind frei!
378 2977 781 3124 S. F.
4023 2941 6614 3262 viel größer als die Freude ist der Schmerz,
378 2994 3514 3380 bok. Frei sind wie - - das der König ist nicht
4006 3075 6638 3400 denn dieser Mann, der Herr als todter liegt
2571 3169 3445 3453 brandet.
4068 3246 7167 3628 hat unser. Waterland, - hat Rom gerettet!
390 3388 3295 3726 Ein neues Heer wird sich Sigerbus sammeln
6667 3461 7281 3632 O Brütel strenger
4068 3453 6423 3722 Bewinnt ihn, beweint sein traurig Loos,
464 3539 3616 3840 Er ist der Mann nicht der sich jetzt zurücknicht.
6911 3571 7281 3791 und zusamsterte
4035 3620 6658 3929 Und demnach - abzutraurig war es nicht,
431 3714 3600 4023 Vom Ort des Könighes, - und die Schlachten flecht
6728 3762 7281 4011 Dich auch tzwar
4043 3823 6646 4153 Er ist ja für sein Waterland gefallen;
480 3860 3522 4161 mit größeren Heere wird er wiederkeiten
6785 3937 7269 4206 J. b. 2o d. Geführen
4120 3966 6288 4279 Beherig seinen letzten Segens auf
439 4080 3705 4413 Und nochmals streiten auf dem Teld der Eßen
6809 4116 7187 4397 Macht.
4100 4177 6374 4507 Die letzten Worte, die sein Mund gesprochen,
1444 4259 3030 4531 4. Bürger kommt.
