7384 4936
253 754 2113 1089 1. b. Melch fürchterlich schlacht!
1462 866 3169 1226 Langst schön der Mank schon
228 965 634 1218 F.T.S.
348 1098 2941 1437 Als endlich durch des Gottes mächtige Worte
398 1288 3123 1570 Zur Flucht sich wandte unserer Feinde Heer!
348 1495 3003 1785 doch jetzt, folgt schnell mir zum Rzate hin¬
356 1649 3016 1947 daß wir befahren, was geschehen wird,
232 1835 3567 2142 Wer nun zur Hand nimmt dieses Staates Zugel
1313 2022 2167 2287 (alle ab.)
1193 2519 2498 2829 Zweite Serne
783 2722 1408 2966 Senat.
915 2858 2386 3169 Brutus auf der Bahre.
2353 2962 2610 3136 gings
961 3041 2842 3343 Männer mit Fackeln herum.
812 3219 2009 3438 Valernis, die andern -
307 3418 3181 3691 Follius. Ich hab gesonnen, was zu thun wäre
418 3571 746 3687 Seurius
369 3583 3123 3803 Könnig. Nun, Zullind, was wäre der Bat?
365 3737 3389 4014 Tallius! Wir wollen immer für die Zeit der Not
340 3919 3368 4196 uns einen wählen, der uns ganz Rherrscht,
365 4097 2978 4379 darüber geben, über tod verfügt,
423 4246 3049 4573 jedoch nur für die Dauer eilles Jahres
3969 592 7258 961 Daß draus Gefahr nicht für den Staaterwächsel
3894 882 5431 1164 Cass. Etellus. Wortrefflich.
4793 1027 6806 1326 Eines Rath gefällt mir wohl.
3952 1069 4246 1251 Verl.
3969 1201 6350 1512 Ist einer, der Bewider waszusagen.
3981 1350 5746 1682 Hr. Cocbs. Nein, niemand!
5033 1533 7092 1848 Alle sind wir einverstanden:
3993 1607 4507 1785 Lucurs.
3998 1736 5932 2055 Val. Der Rath ist angenommen!
5588 1877 6607 2133 Undals ersten
3894 1926 4325 2133 Tullins
4085 2055 6698 2370 dem solches hohes Amt verliehen wird,
4014 2262 6015 2514 Schlag ich den Seblins Valerius vor.
3998 2403 6413 2697 Wer ist dabei? Valerius dictator!
3906 2560 6649 2842 Passins. Waterms, ja Pötlius Walerius.
3969 2767 6338 2987 alle. Ja Subliu Valerius - erseits!
4006 2933 6889 3239 Valerius - Ich will mich mit bescheidenheit nicht zieren,
4006 3107 6446 3401 Und nehme dieses Amt mit Freuden an
4022 3181 6893 3575 Ich werde streben, hier an Brutes leicht schwöricht
4031 3430 6462 3728 Das Roma, dessen Bürger war ja sind,
4039 3563 7274 3989 zu Gärt, zu Nacht, zum Glück zu Macht, zur Rechte u Ehre führen,
4064 3770 6698 4114 Willuste Roma groß und glüklich machen
4043 3923 7245 4258 Es sei mein Wahlspruch eines Beutus war,
4085 4122 7220 4499 der mühem Nichts, fürs Waterland mein Alles!
