7112 4584
204 291 3176 619 Und Im Reich der Schatten weilet ihre Seele!
241 528 3235 773 Und Septeb wars, der sie dazu getrieben
270 657 3006 952 Sa Sextuswar es unsres Königs dohn.
241 844 2707 1131 Und solche Dinge sollen wir ertragen
316 1014 3401 1330 And schweigend dulden: Wein das der nicht sein.
324 1177 3359 1405 Reitet Eure rostigen Schwester aus der Scheide,
328 1368 3010 1667 Und sperret dem Eyrauen Eure Thore.
341 1542 3368 1796 daß er nicht dringe in die Stadt hinein.
362 1709 2919 1958 Wir wollen xxx sein f frei sein allen wir!
324 1863 3417 2199 Laßt Euch den Müth nicht fehlen. Die Römere
337 2062 3380 2316 Bleibt es nur an, dies erschuldsoolle Antlitz
358 2237 2939 2524 Und diese edeln, angenommen Zige
337 2411 3110 2677 Inzeugen lauter, als die Rede kann,
1355 2582 1605 2715 agen
353 2586 3301 2894 Als stumme Sprecher wider den Verbrecher.
366 2781 3397 3085 Soweit ists schon gekommen! Ich verhabt auch,
270 2948 2898 3247 Gegen Tärquinins, seinehre Lösung
295 3089 3230 3363 Gegen Targniums und sein Geschlecht
316 3255 3422 3588 alle. Gegen Targnimus und sein Geschlechte
324 3467 3318 3792 Brutus. Das wir die goldene Trücheit
1879 3650 3002 3933 aus erwerben
574 3812 3459 4120 In Frei sein wolle er alle aus storben!
944 3987 2316 4274 Freiheit treiheit.
378 3929 703 4216 Alle
3621 337 6964 632 tritus von diesem Augenblick an hat koma keines kurz
3696 507 6565 777 der Naum könig ist im leerer Schall nur,
3659 669 6523 960 Aus Freiheit herrschet. in dem Polien kom¬
3708 840 5471 1039 Alle. Brecheit Freiheit!
3708 1006 6698 1285 Brutes. Setzt liegt Cargen eius vor Ardea.
6353 1118 6864 1301 Erisnus
4116 1189 6864 1455 Wenn er zurückkehrt, wird er in anders,
5995 1360 6598 1626 Frieden!
3821 1384 4091 1642 FJ
4070 1472 6864 1858 das schwere doch der Knechtschaft abgeschüttelt
4124 1692 6947 2004 Und frei. Jetz Bürger geht wedertheilt Euch
4029 1871 6689 2187 Reigs auf die Mauer insbesetzt die Thore!
4178 2066 6773 2366 Es lebe Brutes, lang was zwey wäre die Freiheit!
3767 2091 4058 2324 Alle-
3941 2266 5297 2457 (Unter Tumult ab)
4083 2478 4328 2665 9/7
4727 2391 6436 2736 zwei Berger bleiben.
3629 2544 5646 2906 1. Bürger. Sag Freund, gehst die?
5026 2752 6852 3081 Was sollte ich nicht gehen
3613 2831 4274 2993 2. Bürger
3617 2973 6619 3251 War doch der Kribbus Valerius dabei.
3654 3126 6985 3434 Wenn der dabei ist, lanns nichts schlechtes sein.
3621 3301 6482 3629 Der ist ein guter, leutseliger Mann
3696 3484 6968 3783 Sa fragen, kannst du, Freund, weduer willst,
3634 3646 6552 3979 Man wird dir überall von ihm erzählen
3684 3821 6207 4124 Wie er uns zugethanigst und gewogen
3684 3991 6914 4320 Er ist ein liebreich edler Freund des Volles
