7176 4888
5101 289 5352 563 O.
1922 382 2097 563 60.
4069 464 5379 786 Bratus (will: han nach.)
268 508 3517 956 Valerius. O Spurius, - vergeßt ihr auch denn ganz?
3708 683 6777 978 Volerius.  Lass ist bß ich ein Wahrfinn wird sich legen; -
317 694 3539 1109 Spurms. Seid ihr denn alle Frig, - wagt gar nichts zu
3965 857 6635 1136 Es ist die Wallung eines Augenbicks¬
2796 879 3583 1076 erwidern.
3757 1005 7029 1267 Bruders. So soll er gehn. - Und hab ich denn nicht recht¬
530 1070 3419 1398 Tyrani, - warum ziehst du nicht deinen dolch,
3790 1234 7007 1436 Cullius. Ja, ihr habt Recht, - das war kein rechterliefig
502 1158 3572 1600 Und stöhlt ihn mir verrätheisch in die Obrist 21.
3812 1360 6963 1660 Valerius. Wer an des Sta Vaterlandts Spitze steht!
486 1409 3189 1753 Wenn Collatinus du zu Boden werfst
3856 1573 6963 1851 der darf nur an das Wohl des Staates f denken.
481 1693 1376 1911 Will ich auch
3850 1698 6433 2032 Brulus. Ich geh noch heute hin zu Spurius
300 1709 2168 2141 Brutus (ihn zurückhaltend)
3899 1868 7018 2201 Vielleicht ist er versöhnlicher bis abend. (Alle ab)
1300 1879 3468 2266 Spiub was fällt dir ein!
552 2114 3621 2414 Was für ein Wahrheim blitzt aus diesen Augen¬
1748 2299 2234 2474 Prüssend
4833 2152 5942 2474 Dritte Senne.
584 2283 3539 2605 Wie Funken Kastrond in der Asche, glimmen,
2430 2441 2867 2594 Das jetzt
4768 2408 6433 2692 Ein Zimmer bei Spurius.
612 2474 3484 2873 So leuchtet unheimlich dein Aug. jetzt. Und spricht
3725 2452 3976 2731 2/10
4156 2589 5975 2818 Sparius Secrétius. Collatinus
623 2692 1999 3009 Was ist dir - spricht
3599 2687 6985 3026 Ollatinus. Greifert auch doch nicht. Ich weiß nurselbst jn sehen
1655 2884 3058 3151 zurück, die Schlange
459 2922 983 3124 Spurins
3686 2955 5265 3277 Ich bleibe nicht in Rom
535 3009 3419 3348 Brutus. So aufgeregt - du reutheſt, Haus mit
4844 3124 6592 3359 was! Nicht in Rom!
3621 3146 4003 3381 Gurins.
524 3217 2671 3506 Spurins. Und Collatius bleibt.
2228 3315 6624 3632 Er wird nicht bleiben? Soll ich mich weiter noch gemüthigen lassen,
557 3435 1098 3719 Brutus.
3692 3473 6341 3779 Sch bin kein Consul Mehr, bin abgesetzt.
535 3506 3643 3850 Collatinus - kaum Spurius.  Du sollst den W. Elenhaben
3725 3637 6248 3970 Zu Boden hat mich Brutus stolz gesseudert
688 3708 3572 3987 Lebt alle wohl! Brutus, - die herrscht allein
2365 3877 6706 4112 das Eilzitl keinen meine Jurins. Nun so ersebe dich, - bist du ein Weib?
508 3921 2245 4260 Spurius die fast 6 erreicht.
3692 4003 6887 4293 Coll. Kann ist ertragen, noch in Rom zu weilen,
2294 4069 3621 4325 Du bisl Tyraum
486 4107 2206 4435 beutes, du hast's erreicht
3675 4178 6641 4451 Wo jeder Stein nicht spattend dran erinnert,
1081 4216 3462 4582 1. Mik. Collaticus ab 1. 2.
