7112 4584
178 306 3502 616 Dextub. Das stolzer brutus, sollte ich eröthe
343 509 3329 753 Osts ein Verbrecher Nr. das ich verübt.
178 674 3391 959 Das ist ein Vorrecht ja der Herrschender
174 844 3420 1075 daß sie das thun dürfen was ande nicht
480 1034 3473 1162 Berichtes. Doch mir, was reicht ist, übermögen Röstling
157 1092 3370 1356 Mürfe. Es Dorf kam Mensch am Longe
2163 1203 3151 1451 verbieten.
294 1377 1881 1666 Zum Kampfe den!
1522 1497 3399 1861 Es sei! Wir werden siegen
347 1546 1112 1766 Brutes
244 1749 1418 1968 Dr. Gegen
215 1873 2340 2225 Brutes u. seine behänger
269 2146 3498 2398 Gegen Kargeizyn und sein Geschlecht
294 2249 3486 2580 xx) Mein Herz Hiehl mich zur andere Fechtung
360 2436 3478 2733 Doch für den Vater muß ich kämpfen
298 2597 3172 2940 Ichkämpf für ihn und nicht für's xxx
2498 2799 3469 3081 meine Meinung.
1116 2969 3101 3271 (Rampf. Süperbus wird)
604 3114 3337 3453 zurückgeschlagen mit Sextus und
715 3325 3420 3643 Arms u. seinem ganzen Herr.
786 3506 1232 3792 Alle
323 3589 2200 3953 kom Freitub u. Anhänger
211 3779 3238 4156 9. Gegen Targnionersi sein Geschlecht.
1989 3974 3420 4350 Trechen: Freiheit
4110 430 4400 748 11 h
4764 385 5574 724 Vierte Seme.
4945 674 5322 951 Wald
4201 711 6943 1125 Pertus. Ein rätselhafter, gespensterhafter
3643 984 6872 1340 in seine schwarze Süstung vollst eingehellter
3697 1195 4222 1447 Ritter.
3676 1385 6827 1633 Sextub. Wer bist du, sprich! Du, rath selbstes Wosen
3701 1526 6765 1840 Von meines Vaters Herr leckst du mich fort
3697 1724 6351 1931 Sr diesen düstere, unwegsam Wold
3709 1869 6298 2146 Wer bist du und was willstde! Sprich!
3684 1985 6848 2369 Ritter. So wisse xxx, es wegt ein tiefer Abschau
5260 2229 6798 2551 späch. in meiner Seele,
3755 2394 6947 2721 Wann meine Algern dich erblicken, Schimpf
3755 2605 6480 2878 Mit 9 kal wegde ud any weg von dir.
3767 2758 6641 3081 Elender Schänder des Königthum 9.
3821 2932 6314 3267 Ja, da hap Muth wohl, eine schwachte Frau
3767 3130 6703 3453 Gewaltthätiger Weise zu beschimpfen.
3775 3308 6951 3614 Jetz zeigt: was du gegen mich dermagt
3779 3449 6848 3775 Ein Wesen jener unsichtbaren Welt,
3755 3581 7013 3928 Ihm sich nur vermögen in der Marscheit Fürber
3821 3779 6984 4073 Wammas die Zeit, die Krängende erforderte
3792 3994 6620 4209 konnte die zum Kampf und zum Tode
3726 4185 4230 4338 sich dort der
4449 4197 6872 4429 Wiederschein der untergnaden sammen Hauslauchtet blutig rot.
3688 4271 5839 4429 da düßere Köl oglüßen ihre letzten Strassen
6037 4280 6703 4408 xyz xyz
