7160 4600
5342 0 5540 248 4 3
3689 240 6978 620 Spurius. Die Mitternacht ist es noch eine kunde.
347 256 3516 525 Euch dieses Bild verschwand, und - ich erwachter -
335 492 3516 801 Tullins. Sohn, - ich ausstehe, Fräume oft zu deuten,
3706 487 7019 777 S. Halerius. die zeit ist da, macht auf bereitet sich durch das
293 640 3503 971 doch dieses kraumes Lösung ist morschwer.
3710 673 4929 971 Ihr werdet hören
3846 868 6292 1115 die Zeit ist da, macht auch bereit,
264 839 3532 1128 Querius. Das ist frirage ein wunderbarer Trau¬
372 991 3041 1289 Und einer tiefe Ahnung liegt in ihm
3854 1041 6883 1285 Und folgt mir in das Haus des Juniusseutub.
3722 1190 6879 1400 Lullius. Was sind ihr, was habt ihr vor, Valerius?
376 1165 3503 1392 Von Dingen, die in Merz ein kommen werden
289 1405 3495 1648 du eius. ob wunderbar hat mich noch nie getrömmt
3731 1339 7019 1644 S. Valerius selbst die Erinnerung dran, wirkl schon bedrückend.
322 1537 3375 1834 das haben Euch die Götter eingegeben
3830 1520 6928 1855 Kurz will ich sprechen. — Denn die Zeit ist kurz.
3817 1698 5879 1929 die Söhne Brutes, die Vitellier¬
318 1710 3586 2012 Gewiss. es deutel sicher unsere Glück möge Freiher
347 1867 3549 2190 Jullius. Wir werden leiden, aber werde siegen
3850 1896 6329 2157 Slavius Aquilius und die Gesandten,
310 2049 3590 2363 Suerus. Durch Kämpf und Schlacht erwerben wer das Tage
3850 2070 6722 2347 Im Haus des Brutus kommen sie zusammen.
330 2223 3557 2454 P. Valerius. Im Fraume ist es eine eigne 14
3838 2227 6358 2528 Um eintere Verfassung unzustiegen.
368 2388 3330 2727 die sich dem Schläfer unbegreiflich aufschub.
3747 2409 5784 2718 den Lücilius aquilius hat Cienro
322 2566 3383 2867 Se wirren Vanze gautelt sie vorüber
3792 2586 6763 2830 Getödtet, weil er sie verraten wollte.
302 2760 3255 3090 Sie deutel flüchtig, es die Zukunft bergt,
3681 2789 5280 2983 Collatienb. O Götter!
273 2929 2714 3169 Verschwimmend mal't sie auch der Seite
3726 2933 6974 3239 P. Valmus. kommt, jetzt gilt kein langes Fum
2879 2983 3264 3156 Folge
397 3107 2632 3260 Utzleicht und schnell dahingeworfenen
2694 3086 3297 3243 Farben
277 3156 3524 3388 Stadt verschwindet in ein leeres Nuhts,
3764 3111 6292 3404 dass wir die Flammer nicht entstehen lassen,
587 3276 1434 3417 könne bicker
364 3342 3450 3582 Vegenkommen in das Lethe schwarze Plüten stellt
3772 3293 6767 3582 Dienstern Staate mit Verderben drohne,-
372 3483 3346 3768 Und die Erinnerung mahnne Euch zurücklösst.
3607 3487 6837 3776 o. Lastums beim Rath die Treoler überraschen
240 3660 3549 3974 Tjurius. So ists die Zukunft wird die Deutung offenbare
4470 3648 5371 3945 C. Alla ab.
326 3817 3569 4177 Volwiub (plötzlich&bbrechend) doch jetzt genug davon
4131 3838 4387 4044 38
4875 3842 6118 4263 Vorhang fällt.
2004 3999 3578 4280 Wedel ihts an der seit¬
