7224 4664
1864 158 2026 370 66.
303 353 2658 627 die ich bei mir trug - ja - es war der Tod
2554 498 2736 639 No 7
648 556 955 731 alles
295 519 3509 847 Was lebt, ja alles, was noch xxx, an Luft des hat,
299 714 3235 984 Mit vollen Zügen freudig abhmen kann.
328 826 3492 1159 was noch die Augen auf den Himmel wendet.
349 1092 3077 1374 das hat ein tiefes Grausenvor dem Todn¬
357 1237 3343 1474 daß schreckt zurück von allem, was nicht lebt - kr.
361 1391 2724 1686 Brief in des Menschen Seele liegtsbegründet,
336 1595 2388 1840 dies unbegreiflich düstere Gefühl, –
382 1773 3422 2022 Und wenn die Nacht den schwarzen Scheier leicht, -
370 1943 3368 2213 Und wenn die Einsamkeit in Still und Schweigen.
394 2114 2969 2417 Sich auf die Erde trauernd niederhenkt.
390 2280 3442 2591 Dann tritt es aus der kenschen Ernst heraus.-
407 2454 3426 2770 dies Etwas, - das kam Mensch vermag zu deuten
424 2633 3060 2957 Malt die Schreckensbildervor das Auge hin
440 2861 3571 3135 da faßt den Tapfern Attesten selbst gebieterisch der Schrecken¬
465 2998 3260 3272 Vor den gemalt'gen Mächten der Natur
453 3202 3588 3471 Und schon wird beugt er sich dem Ansichtbaren,
390 3351 2932 3638 das im gemäth libt jeden Erdensches.
407 3563 3534 3854 dem Unbegreifliches, - dem Ewig - wahrens
228 3704 3418 3999 Außwas ist dir, Lucien,  auf, nach auf¬
448 3866 3550 4152 Weißt du nicht mehr - weshalb du hergevitten.
432 4040 3442 4410 Krege wirft die Todtenschädel der Quarauf
5178 145 5369 345 67.
3642 245 6980 635 den Boden. Sie werden schauerlich beleuchtet durch
3667 511 5016 718 Mond und Sberne.
3712 660 5157 938 Luems (laut rufend.)
3870 839 6968 1100 Heraub, xxx ihr Schlafer, wohnt auf, nachläng¬
3829 972 6602 1329 da habt ihr sie zurück, da hat ihr alle,
3812 1175 6976 1466 Hier habt ihr sie wachbauf, wach auf, was auf.
4655 1354 6009 1607 (Superdus kommt.)
3733 1536 6968 1802 Superbut. Was seh ich, – Trecher, was für Todtenschädel,
3791 1727 6677 1997 Wer ist, - welche Ahnung steigt mir auf
3775 1864 7001 2209 Luems. Sie sind es! Staatsverwäbter sind gewesen.
3783 2039 6154 2354 Ha freundich. Superbus -freue dich!
3787 2209 6997 2570 Erkennst durch den Schädel, etwas Auslus
3787 2400 7009 2674 Superbus. Ha, 2 Frecher, - wagst des, - 'Weiß (die war
6088 2587 6740 2815 ich bin?
3687 2724 6723 3052 Luems. Zu gut nur kann ich dich, - dir wäre wohl,
3758 2944 6860 3264 Wenn du nicht der wacht, der du wirklich bist'
3721 3148 6860 3384 Sargninius, - du warst in Romenst König,
3762 3285 7030 3600 Superbus. Ich bin es noch, - ich will es bald auch sigen.
3758 3434 6627 3766 Lucois. (Erweist auf die Todtenschick.)
3791 3633 6951 3957 hier sich ist das -! Das ist deine lacht in kom¬
3783 3833 5797 4140 Superhus. Magst du es. - stirb!
5083 3878 7022 4285 Glaubst Du, die Zeiten sind noch,
3754 4057 4236 4285 Queurs.
