7160 4600
726 239 2230 511 Heil! Collatinus!
2370 264 2564 470 l
256 214 594 482 Alle.
2201 388 2552 528 Oestim
251 445 3042 713 Collatius Nichtschlams aufs sagen, ob die
932 598 3582 928 Ich kanns bestimmt nicht sagen, ob die Krast¬
519 787 3162 1080 Ich füge mich an Ihrem Verlangen, könne
433 965 3018 1183 Und trete an des edlen Brutes Seite.
289 1117 3310 1398 Alle. Heil Brutus, Heil! Heil S Allatinus.
800 1472 3282 1793 tulus. Cicero. xxx Gesandte.
264 1645 2061 1962 telus. Feid uns gegrüßt!
260 1814 899 2032 Brutus.
1620 1847 2593 2131 Wer seid ihr?
326 1995 808 2210 Aulus.
2164 2024 2766 2296 Römer.
247 2185 3100 2428 Und dener des Targeineus Juperbus
251 2337 3080 2597 gutes.  Du bist das eine ader bist der andre.
367 2511 3463 2845 kein Romas ist nicht deiner des Superbubl
251 2700 3496 3063 Arbeis. Und das sagst du? So wisst, warum ich komme,
247 2882 2931 3166 Tarquinus Superbus sindet uns,
190 3034 3059 3294 tergeinmal Superbus, dann König.
264 3273 3484 3599 Ihr sollt auch unterwerfen; das befiehlt er,
276 3405 3310 3731 den Summs Brutus, Spurius, Lucretius,
247 3574 3228 3842 Targeimus bollatinus, sollt ihr ihm
202 3739 3446 4098 Ausliefern. Ihm die Thore sollt ihr öffere,
247 3912 3282 4263 Und auch vor eurem Herrscher bergen, das
3661 218 6551 602 8/1 sein Befehl. Der Tullia thut kein Leid!
3669 507 6909 779 Er wird auch den Verbrecher wohl zu finden wissen,
3653 676 5104 923 der Textes tödtete. W
4630 833 6035 1117 Was! Soxtus todt?
3661 841 4015 1027 Allies,
3694 936 6930 1299 Aflus. Verstellt auch nicht! Geschehen ist geschehn.
3727 1171 6707 1476 und Oblige hofe wird der König übers¬
3673 1348 5145 1657 Also ergebt ihr euch?
4906 1525 6687 1818 bei allen Göttern, nein:
3706 1546 4205 1736 höretus.
3751 1703 6266 1954 Und Jullia, das melde seinem König.
3760 1867 6662 2168 Wält in dem düstere Reich der Schotten.
3710 2069 6860 2354 Geht in mein Haus: Ihnehm auch gäßlich auf. —
3714 2255 5302 2535 dann bei ich nehme dich u
3706 2403 6930 2713 da In einger tagen macht auch auf den Mag.
3706 2585 7004 2906 Und bringt die finstere Botschaft unerm König.
3653 2799 3900 3038 63.
4320 2774 5809 3067 C die trennen sich."
4679 3121 5809 3422 Fünft Seene.
4617 3298 7074 3554 Im Hause des Leutus.  Viederich darstellt
3896 3471 4197 3706 Dt
4250 3463 6625 3710 Maraus Vitellius. Die beiden Brütus¬
3805 3657 6439 3925 Folius u. Flayius Agnilius. Aulub. Cicero.
3644 3834 6959 4044 "Marullus". Nun seid ihr wieder da! Anlüs und Cinvo.
3751 3986 6171 4300 würde aus. Supf. Aus wieder herrschen.
