7192 4616
1888 172 2086 382 32
3680 231 6450 592 Wer hat dawider etwas einzuwenden
269 294 3017 608 Die starb durchbohrt von unzähligen Dolchen,
3655 470 5615 734 Alle: Niemand, niemand
235 499 2887 776 Und in derselben Gasse sauk sie hin
3651 621 7016 948 Spurius. Da ihr verdiente am meisten, edler Brutus,
264 676 3005 974 Wo sie die kosse trieb in wilder Flucht,
3751 822 6177 1116 Ihr seid es, durch uns heraus gerissen.
277 835 3454 1078 zu stürmen über ihres Vaters Leichnam.
3697 965 6777 1292 Aus diesem trägen, lässig feigen Nichtstun¬
252 995 3445 1292 Brutus. Das ist der Götter unausbleibliche
3571 1167 6005 1490 Ist seit er uns die blöden sogar öffnete.
2656 1204 3470 1469 Vergeltung
3651 1313 6924 1645 Und uns antreib zu offründigem Empönung
264 1355 3248 1653 Lastt es geschehn. - bald hört das Treiben auf.
3714 1502 7012 1830 Sonst lägen wir noch heut in Sumpfen Frau
264 1536 3332 1825 der Tod von Sullia war Eins durchaus nöthig,
3651 1699 6735 1993 Und die Tyrannen wurden triumphren
243 1725 1637 2014 doch jetzt zum Rath.-
3726 1842 6978 2086 Drum ruh' ich aus! „Heil. Steildern“ oder Brutus!
1313 1859 3470 2178 Was denkt Ihr, meine Träunde?
3630 2035 6391 2333 alle. Heil! Heiß tausendfahrs Heil¬
239 2056 2963 2346 Spurius. Zwei Männer, also hab ich überlegt.
3626 2207 6735 2551 Britus. Die hohe Stelle erste ich dankbar an,
285 2228 3458 2497 Soller stehen an des Spitze unsres Staates,
3961 2371 7004 2711 Zu xxx Nutzen will ich sie verwalten.
306 2392 3516 2732 Und sich bei sich beraten stets mit dem Senaten
3936 2593 5493 2828 der zweite Consul aber?
281 2593 3302 2845 Und Was nützlich ist im Staate u. was sich &.
3861 2728 4456 2916 Bolweis
5170 2749 6223 2988 Collatinus!
222 2795 3533 3025 Und nach dem Worte raten sollte sie heißen
3701 2807 4209 3034 Stellark.
3940 2921 6391 3206 denn seine Frau war die Suerntia,
256 2971 525 3151 den
621 2967 3428 3252 Namen consul schlag’ ich deshalb vor
3932 3105 7066 3412 Und er allein versteht der Schmerz zu würdigen,
235 3114 2396 3336 Was denkt der edle Brutes?
3873 3290 6999 3550 und wird als Krieger uns das beste leisten,
218 3315 684 3554 Brutus
1704 3298 3034 3605 daß Er recht habt.
3882 3441 7004 3747 der Schmerzwird seiner Fich Tapferkeië en kümmer
390 3466 2027 3768 Wer billigt dieser Plan?
3928 3634 6206 3923 und an die Seite der Behörerheit
239 3689 596 3844 alle.
1809 3651 2442 3898 Wir alle!
3949 3814 6542 4112 Letzen wir sodan übrig stolzen Mut;
227 3823 801 4112 Sparäus.
2174 3831 2568 4117 Gnt.
3953 3915 7037 4293 Und also wirken größes sie zusammen.
252 3940 2711 4301 der eine Consul möge Bruts sein.
3701 4150 6332 4423 den nur vereinigt wirken beide Größe
