7160 4600
3730 135 6545 371 Vindiciub. D dank den Göttern: - lebet ewig wohl.
1933 97 2135 291 52.
4385 177 6971 435 zur Heimat kehr ich, - Roma, - lebe wohl! (Ab)
1924 241 3363 557 Mordet Maschen.
3608 312 5089 582 Auszug wo ist Cicere? -
211 329 857 616 1. Bürger.
270 477 2819 751 Brutus. Wer ist des Staates vorder:
4216 464 6684 764 Ein Bürger bricht sich Bahn durch die
4034 650 4701 916 Menge.)
2199 650 3127 878 der Verröst er¬
316 688 802 874 Manche.
3655 747 6735 1017 Der (3.) Bürger. Erlaubet, edle laaßeln.
329 798 3524 1123 Brutus. Und der Vertrafen größtes ist Verräth
3726 983 6993 1304 Schwill Euch sonell beruhen, was ich sehr grosse
279 1017 3026 1266 und des Verrathes ziehe wir jene dort!
3844 1131 6959 1414 Zerschmettert lag ein Leichnam auf der Hause,
515 1160 3570 1464 (die beiden Breitus, Mare Vitellius, slav. Oguilius)
3811 1346 6849 1549 vor einem Hause lager, edler Beutub!
181 1355 3579 1633 Aulus kommer gebunden unter starker Bedeckung.)
3811 1507 6672 1781 Zuschallt den Schädel in vielkaufend Splitter.
270 1553 3034 1869 Bewegung des Erstaunens unterm volk.
3819 1675 6959 2009 die beim und Ginder lager wirr umher,
844 1713 2722 2013 (Nachleiner laufen Sause.)
3891 1853 7035 2135 Fürwahr, den Onblick flaßt' mir Grauen an.
342 1882 3532 2190 Brutus. Ihr sind gegangen. - W.ßt ist auch warum
3861 2034 7001 2291 Wicht mußt ich, was ich davon denken sollte,
321 2064 2452 2372 Marollus. das weiß ich nicht!
3882 2190 6571 2494 Und als das besten hab' ich es erachtet
1941 2228 3545 2494 Du sollft's ins Bälde rassen.
329 2245 844 2473 Frutus
3882 2367 6811 2675 Eisch dies, zu hinterbringen, edle Consula,
460 2418 3477 2726 Riedieus! tritt vor, und sage, was du weisst.
3849 2553 6959 2886 Und auch zu überlassen der Entscheidung. Frage
342 2604 3566 2895 Vindiens. Ich kam durch zu fall in ein Zimmer ein
3794 2743 5849 3060 ardus. denn Vimmel, Cicero!
439 2773 3515 3026 Im Haus des Consuls. Dort sah ich versammelt,
5132 2908 6971 3203 Da jagfast x lisso t.
287 2920 3258 3254 dieselben, - die nun hier gefangen stehn.
3764 2929 4292 3131 kretes.
3781 3127 6313 3393 Aulus. Er war es ohne Zweifel..
316 3127 2570 3414 Ich hörte, wie sie sich beredeten.
5984 3262 7039 3549 Wollt er sehn?
3747 3287 4271 3498 Brutes
329 3313 3591 3604 Um Mitternacht, sich wieder zu versammeln¬
5170 3439 6980 3722 — daher ist bestraft!
3866 3444 5068 3688 Von dieser Höhe
418 3477 3022 3790 das hinterbrachtigkeit als Wirus
3777 3612 6925 3903 jetzt will ich tresler, die am Leben, richten.
464 3667 1705 3958 Sowiel weiß ich
3840 3798 7043 4022 das Volk will euern Tod – Ich bin das Vol.k. –
1477 3718 3384 4102 Wir aber herraschten.
380 3840 962 4110 Brutas.
3798 3971 7026 4275 bereitet auch zum Sterben vor Verbrese
245 3946 3524 4313 bei der Beratung eben die Perschwörer
316 4161 1988 4397 Viedieus, von heut an bist
2279 4195 2486 4368 e e
354 4224 3334 4473 darlaat ist dir zu großem dank derpflichtet.
