2024 1848
585 34 1127 136 welche Ihr Degründe
335 118 1329 203 Uhr bereits um halb 5 Uhr nachmittags.
180 90 331 211 um 5
459 156 1506 267 Die Aerzte am Kaiserjubiläumsspital.
309 229 1792 315 Dr. Oskar Hein verweist in einer Interpellation aus eine
180 285 1786 371 Aeußerung, die Vizebürgermeister Hierhammer nach den Berichten
186 347 1792 425 christlichsozialer Blätter in einer Versammlung der Wähler des ersten
180 409 1782 469 Wahlkörpers der Josefstadt getan hat und deren Tenor dahin ging,
182 465 1776 523 daß an dem Kaiserjubiläumsspital nur „Aerzte arischer Abstammung'
186 519 1790 593 angestellt werden sollen, und fragt: Ist der Herr Bürgermeister
180 579 1784 648 geneigt, erstens über die obzitierte Aciißerung des Herrn Vizebürger¬
186 628 1792 688 meisters Hier Hammer, welche mit dem von ihm geleisteten Diensteide
186 682 1788 744 in offenkundigem Widerspruche steht, seine Mißbilligung auszusprechen,
186 722 1790 802 zweitens dahin zu wirken, daß in Zukunft im Sinne des Artikels 3
186 782 1792 852 des Staatsgrundgesetzes vom 21. Dezember 1867, R. G. Bl. Nr. 142,
186 826 1790 902 über die allgemeinen Rechte der Staatsbürger die Aemter bei der
192 886 1790 994 Gemeinde Wien für alle Staatsbürger gleich zugänglich gemacht
186 952 405 1025 werden?
315 996 1788 1063 Dr. Neumayer erwidert: Ich habe schon bei anderen Ge¬
186 1041 1794 1111 legenheiten, allerdings nicht in einem ähnlichen Falle, die Ehre
194 1105 1778 1181 gehabt, zu bemerken, daß ich auf Reden, die außerhalb dieses Saales
186 1151 1790 1227 gehalten werden, keinen Einfluß üben, noch dieselben nachträglich
192 1211 1788 1275 von hier aus einer Kritik unterziehen daif. Aber es ist andererseits
194 1267 1800 1347 selbstverständlich, daß eine derartige Entscheidung über
192 1325 1794 1385 die Ernennung von Beamten nicht einer ein¬
188 1363 1790 1450 zelnen Person, sondern dem Stadtrate zukommt. Es ist
194 1420 1660 1504 daher gar kein Anlaß, über die Einhaltung des Eides irgend
1688 1414 1792 1506 eine
192 1488 690 1572 Erklärung abzugeben.
1740 1472 1847 1570 V.S.
541 1494 1536 1614 Die Vorgänge in der Volksoper.
311 1600 1476 1712 Reumann stellt eine Interpellation in Anas
235 1654 439 1732 olksoper.
