5901 3954
4323 288 5037 420 Sie aus den bisherigen
4161 348 5271 456 ###ogen haben, daß der Weg, den sie
2071 408 3656 534 versehlte Beengang einer neuen Regierung Verbündete
3704 444 5259 540 so lange mit der Regierung gegangen sind, nicht der
1189 468 2041 600 Augenblick den Mut auf¬
3698 504 5253 588 ist, der im Interesse der Volksvertretung zum Ziel
2083 510 3644 612 zu, auf die sie niemals hätten rechnen können. So
919 582 5265 666 selbst zu opfern, um Größeres und / bedauerlich es ist, und so sehr die destruktige Tätigkeit | führt. Vieles ist wohl versäumt, aber noch ist nicht alles
480 558 756 666 brachten,
2089 690 3656 805 Brüdern des Stiftes ihnen selbst vielleicht nicht durchaus
3704 690 5277 792 meiner dichtesten Nähe, was für ein himmelweiter Unter¬
3716 780 5259 853 schied zwischen jenem damaligen „Fanatismus" und der
2071 798 3662 883 „bequem" durch den streitbaren Eifer, der von der sachten
973 756 1573 889 Feuilleton.
2077 847 3662 913 und sanften Gemessenheit der anderen schon als ein Über¬
3704 841 5259 937 heute zur Regel gewordenen Gewohnheirsordnung be
847 877 1669 991 Katecheten von ehedem.
2071 913 3662 979 mäß abstach. Die damals nah und weit darüber hinaus
3704 913 3968 1003 stand.
3824 937 5247 1057 Es war bald nach Beginn des Schuljahres 1848/49
2077 973 3638 1045 frisch lebendige Tradition der Benediktiner des Wiener
504 961 1987 1069 Ein paar Wiener Schulbilder ans der Vergangenheit.
3704 1009 5265 1099 mit welchem die neue Organisation der Gymnasien mit
2083 1045 3668 1117 Ordenshauses ließ sie ja förmlich als einen geistlichen
594 1063 2029 1147 Der häßliche Streit um den Religionsunterricht, der
2083 1087 5265 1159 „Hort des liberalismus“, als die „Josefiner in der 1 der Anfügung einer siebenten und achten Klasse, an Stelle
468 1117 2023 1201 von den Zeloten mit und ohne Kutte — und die letzteren
2083 1147 3650 1231 Kutte“ erscheinen, wie wenn das zu ihren Ordensgelübden
3704 1153 5265 1219 der frühere### Übergangsstation vom Gymnasium zur Uni¬
468 1201 2029 1273 sind nicht selten die ärgeren und unduldsameren — in
2071 1225 3644 1291 gehört hätte — die Äbte Othmar Helferstorfer
3704 1213 5271 1297 versität, des zweijährigen „Lyzeums“, ins Leben trat.
474 1267 2029 1339 die Schule getragen wird, ihre Freiheit unterzukriegen,
3704 1273 5271 1345 Noch brauste in den Köpfen der jungen Leute, die sich
2071 1285 3656 1363 und sein nachheriger Gesinnungsgenosse und Nachfolger
474 1327 2029 1417 zwingt förmlich, zurückzudenken an Zeiten, die gewiß
2077 1345 3662 1411 auf dem Landmarschallsitze von Niederösterreich, der
3704 1333 5271 1411 schon „universitätsfähig" fühlten, der Nachhall der kaum
468 1387 2011 1465 weniger vorgeschritten waren und ärmer gewiß an Wohl
3704 1405 5271 1477 ausgetobten März= und Oktoberstürme von 1848 und des
2071 1393 3656 1471 Benediktinerabt Karl von Melk waren ja auch im poli¬
468 1441 2023 1525 fahrtsresultaten der menschlichen Forschung, die aber, bei
2089 1459 3656 1531 tischen Parteimeldezettel ausdrücklich als „liberale“ ver¬
3698 1465 5259 1537 vorangegangenen, höchst fragwürdigen Schuljahres, das
474 1507 2035 1579 aller sonstigen Rückständigkeit, dem humanistischen Geiste
2083 1519 3644 1603 zeichnet — und das Wiener Schottengymnasium übte in
3716 1525 5247 1591 in allen Wiener Schulen überhaupt, speziell bei der
474 1567 2029 1639 der Duldung auf dem heikelsten Gebiete der menschlichen
2089 1591 3650 1663 der Behandlung seiner Schule, lange vor der vom Revo¬
3704 1579 5259 1651 Schotten aber, eine Art von Schülerautonomie etabliert
474 1627 2029 1705 Meinungsdivergenzen, auf dem religiösen, näher standen
3704 1645 5265 1711 hatte. In der „Sechsten" gar, der zurzeit noch höchsten
2089 1639 3650 1711 lutionsjahr „proklamierten“, das heißt vorläufig zu
474 1693 2029 1759 als die heutigen. Und in der Erinnerung steigen alsdann
2071 1705 3656 1777 Papier gebrachten „Gleichstellung der Religionsbekennt¬
3692 1699 5265 1777 Klaffe,- ### Befer autonome Geist durch den Klassenpro¬
468 1759 2029 1825 Priestergestalten auf, klug und milde schauende, fried¬
3716 1759 5253 1837 fessor, jenen nachherigen Abt Othmar Helfers
2089 1771 3650 1837 nisse“, eine Nichtbeachtung der konfessionellen Unter¬
474 1807 2035 1903 sam lächelnde, mitunter wohl auch herb und strenge
2083 1819 3650 1903 schiede, wie kaum eine andere Wiener Schule, nicht ein¬
3710 1831 5253 1897 torfer eben, am ausgiebigsten favorisiert worden; der
456 1873 2035 1945 blickende, doch nicht mit dem verdammenden Bannblitz
2089 1885 3644 1981 mal das, doch immer auf einen oberen Rang vorurteils
3704 1891 5259 1963 feinkluge Professor hatte sich ein paar „Vertrauens
462 1945 2023 2011 im Auge, die niemals vom Katheder herab Bangnis und
3704 1957 5259 2029 männer", das heißt „Vertrauensjungen" aus den Reihe
2083 1957 3638 2023 loser Geistigkeit aspirierende „akademische Gymnasium“
474 1999 2041 2077 Verwirrung in die kindlichen Gemüter warfen und, wo
2083 2005 3650 2095 Ergab sich ja doch „bei den Schotten" zu meiner Schulzeit
3704 2011 5265 2089 der Schüler beigesellt und mit ihnen eine Art parla¬
468 2059 2023 2137 sich irgendwie äußere oder innere Zwiespältigkeiten er¬
2083 2065 5259 2149 einmal das, bei idealster Toleranzpraxis noch immer l mentarischen Klassenregimes konstituiert, mit dem er ein
474 2119 2029 2197 gaben, ihre Mission nicht darin suchten, dieselben
3698 2137 5253 2203 bißchen Schulreform auf eigene Faust einführte — er
2071 2137 3656 2203 wunderliche Kuriosum, für eine von katholischen Geist¬
462 2191 2029 2257 durch ungestüme Eingriffe zu erweitern und noch klaffen¬
3692 2191 5253 2269 dozierte zum Beispiel, zur höchlichen Befriedigung der
2089 2191 3650 2263 lichen unterhaltene Lehranstalt wenigstens, daß bei der
456 2251 2023 2329 der zu machen, sondern die feine Diplomatik einsichts¬
3704 2263 5259 2347 Gymnasiasten natürlich, das Griechische nunmehr in dem
2083 2245 3650 2335 Klassifizierung der Schüler am Schlusse des Schuljahres
462 2299 1873 2389 voller Toleranz darüber deckend gleiten zu lassen.
2089 2329 3650 2408 und der damals noch statuierten feierlichen „Prämienver¬
3716 2317 5277 2395 „geliebten Deutsch“, während es bis dahin normalgemäß
564 2353 2029 2462 Gewiß keiner von den milde blickenden, ein wohl
2083 2383 3644 2456 teilung“ ein Jude als „erster Prämiant“, ein Pro¬
3698 2383 5283 2456 lateinisch vorgetragen worden war, eine Doppelbelastung
462 2408 2023 2504 Strenggearteter war in der Zeit, woher meine persön¬
2083 2444 3650 2516 testant, der Sohn des protestantischen Universitäts¬
3692 2450 5277 2522 also — er erreichte auch wirklich durch diese Politik des
456 2492 2023 2570 lichen Schulerinnerungen datieren, in den Jahren um
2083 2516 3650 2582 professors Remboldt, als „zweiter“ hervorging, und
3698 2504 5265 2576 Opportunismus, daß seine Klasse die einzige war, in
462 2558 2035 2624 1848 herum, der Religionsprofessor Pater Ernest des
3698 2564 5271 2636 welcher der Unterricht verhältnismäßig ungestört fortge¬
2083 2564 3644 2642 den dritten Platz erst ein Katholik zugewiesen bekam.
462 2618 2029 2696 Wiener Schottengymnasiums, der spätere Abt Ernst
2089 2624 3650 2702 Unter den heutigen Verhältnissen dürfte ein ähnlicher
3704 2630 5271 2702 führt werden konnte. Kirchengang und Beichte allerdings
462 2678 2017 2756 Hauswirth. Er gehörte zwar nicht entschieden zu
2083 2690 3638 2756 Fall in einer geistlichen Schule kaum vorkommen können
3704 2690 5259 2762 in der obligatorischen Regelmäßigkeit vermochte auch er
462 2744 2029 2816 den, von Anastasius Grün scharf gezeichneten und mit
3704 2756 5265 2828 nicht aufrecht zu erhalten, was ihm übrigens nicht das
2083 2750 3638 2828 Man mag sich also leicht vorstellen können, wie sehr sich
468 2804 2023 2876 Warnungstafeln behangenen „Dünnen“, noch weniger
2095 2810 3650 2882 von der freundlich linden Temperatur dieser geistlichen
3710 2810 5265 2888 schlimmste Herzbeschwernis zu bereiten schien, ihm nicht
462 2876 2023 2942 aber zu den vom Dichter sympathisch angerufenen, gut¬
2083 2876 3644 2942 Atmosphäre die Hochgradigkeit des Paters Ernest ab¬
3692 2882 5277 2960 und selbst nicht dem ihm zur Seite stehenden Religions¬
462 2930 2029 3002 mütigen „Dicken“, er war ein wohlgesetzter, kräftiger
2083 2942 3644 3020 hob. Er mußte in solchem Milieu einigermaßen schon als
3692 2936 5277 3014 Professor Pater Leander, einem körperlich äußerst
462 2990 2005 3068 Gottesmann von streitbarem, kampfentschlossenen Aus¬
2095 3002 3650 3074 „Franatiker“ figurieren. Und doch erwies sich an einem
3686 2996 5277 3092 „Dünnen“, aber keinen von den seelisch unheimlich
462 3050 5289 3158 sehen und galt als der schier eiservollste unter den überaus drostischen, buchstäblich einem „Schulbeispiel“ in „Dännen“ Anastasius Grüns. Der brave Mann ließ, der
