3201 8781
1645 509 1977 603 Portvorseud
2224 512 2412 685 16.
1502 518 1654 646 26, Viert
1936 668 2356 800 défaut d
1509 674 1940 791 Abonnement rue
2055 730 2213 913 vrouwe
1771 804 1983 997 H. F.
2230 917 2406 993 and (b.d.
1610 926 1821 1066 Girkei F.
1756 969 1897 1129 mais le
1871 958 2189 1155 re à l'Italien.
2100 1058 2352 1309 H.F.
1814 1153 2031 1374 G.C.F.S
1587 1242 1799 1335 5e, 2e, rue
2061 1305 2217 1407 Ordent
2181 1322 2358 1493 P.S.
2073 1357 2205 1532 G.H.F.P
2191 1504 2324 1584 derschied
1446 1513 1816 1589 Für die an Agenten
1918 1643 2339 1762 1908.
600 1840 785 1933 ### kauf¬
1077 1838 2131 1994 Die Erlebnisse Wahrmunds.
587 1912 756 2001 erung
611 1979 767 2068 welche
1225 1949 2048 2083 Von informierter Seite.
947 2044 2421 2163 Eine kleine Indiskretion, die allen mehr oder minder
624 2109 778 2207 gesetzt
830 2131 2421 2241 Beleiligten im ersten Augenblick ein bißchen peinlich ge¬
605 2176 785 2263 ates
830 2230 2445 2319 wesen sein dürfte, hat inmitten der politischen Sommer¬
609 2246 776 2330 frusen,
845 2272 2425 2380 stille die wirkliche Lösung der Wahrmund=Affaire auf¬
620 2315 772 2402 ###erung
834 2363 2447 2462 gedeckt, jene „Lösung“, die, von den Beleuchtungseffekten
622 2378 793 2473 hmen.
834 2434 2430 2503 einer parlamentarischen Regiekunst losgelöst, dem März,
616 2447 785 2532 tsche
841 2493 2443 2586 Ultimatum des Fürsten Granito di Belmonte so ähnelt
607 2508 778 2605 nister¬
845 2562 2441 2638 wie ein Ei dem anderen. Möglicherweise war auch nur
635 2577 787 2657 einer
845 2605 2441 2703 der Vorlesekatalog der Prager Universität so indiskret, um
637 2647 787 2731 „daß
856 2694 2428 2768 in lapidaren Worten die „Berufung“ des Innsbrucker
626 2707 804 2807 der
830 2757 2436 2848 Kirchenrechtslehrers nach der böhmischen Landeshauptstadt
626 2779 787 2868 ###terung
845 2820 2480 2911 zu kommentieren und so wohl auch einigermaßen zu
631 2846 804 2930 sten
852 2900 2464 2967 korrigieren. Von Wahrmund und dem kleinen Kreis um
635 2904 800 3006 ###lschen
856 2959 2458 3063 ihn ging diese Enthüllung nicht aus, und diese Feststellung
860 3017 2436 3130 scheint heute doppelt notwendig. Einerseits zum Ver¬
867 3084 2447 3171 ständnis der ganzen Angelegenheit überhaupt, anderer¬
856 3171 2447 3249 seits, was vielleicht wichtiger ist, um Wahrmund von ge¬
616 3152 802 3260 gehalten,
852 3212 2458 3310 wisser Seite nicht wieder die Rolle eines Agent
618 3240 800 3334 rariern
852 3290 2454 3390 provocateur zu imputieren. In Innsbruck hatte man sich
852 3377 2458 3440 Stillschweigen gelobt, und man wollte es halten, bis die
852 3425 2499 3524 Ereignisse selbst deutlich genug gesprochen hätten. Die
633 3438 817 3533 tessort¬
852 3490 2454 3576 wenigen Informierten wußten, daß die Ernennung
637 3507 811 3589 hat,
845 3559 2469 3648 Wahrmunds zum Kirchenrechtslehrer in Prag nur eine
622 3570 821 3663 d ihm
852 3615 2467 3730 Scheinernennung ist, daß damit eine Erfüllung der oft
843 3704 2462 3787 wiederholten Forderungen nach Lehrfreiheit nur vor¬
863 3784 2464 3849 getäuscht werden sollte, aber sie schwiegen, weil ihr Reden
635 3761 813 3856 Abge¬
852 3836 2467 3943 die Situation ja doch nicht gebessert und der Sache selbst
618 3839 811 3919 parla=
852 3904 2458 3980 nichts genützt hätte. Wer heute verblüfft vor der Tatsache
648 3899 826 3988 nahe¬
863 3971 2497 4058 steht, daß Wahrmund in Prag nicht Kirchenrecht lesen'
652 3969 826 4058 ihren
863 4047 2475 4112 wird, vergißt, daß an der Prager Karolina=Ferdinandea
618 4008 817 4133 Jtzt ihn
863 4090 2467 4183 der Vorlesekatalog für das Wintersemester längst fertig¬
622 4118 815 4194 Es ver¬
882 4185 2480 4253 gestellt war, als die „Wiener Zeitung" die Ernennung
635 4166 834 4270 Ich mit
863 4248 2467 4320 Wahrmunds publizierte, daß Professor Singer in Prag
874 4315 2473 4385 bereits sein übliches Kirchenrechtskolleg zu einer Zeit an¬
648 4292 821 4389 nahe
871 4363 2467 4467 gekündigt hatte, wo man in Wien noch darüber beriet,
626 4376 821 4465 jandels=
874 4448 2480 4515 ob eine „Berufung“ nach Graz oder Prag der bessere
635 4437 821 4534 gesetzt
878 4487 2490 4586 Ausweg wäre. Da aber eine Doppelvorlesung aus Kirchen-
626 4508 811 4602 wierig=
874 4576 2499 4673 recht „mit Rücksicht auf den älteren Kollegen“ nicht gut
626 4573 821 4667 instiger
878 4630 2484 4727 angeht, — diese Rücksicht war freilich schon im Monat
637 4645 832 4742 e, die
874 4693 2488 4799 Juni ein willkommenes Spekulationsobjekt — wird Pro¬
637 4706 839 4801 g des
893 4773 2510 4864 fessor Wahrmund in Prag nicht Kirchenrecht lesen, sondern
644 4775 826 4868 Verhand=
906 4834 2495 4933 sich mit einem „Spezialkolleg begnügen. So entstand
633 4847 826 4933 wird
893 4916 2473 4996 jenes Janusgebilde, das zwei von einander so sehr ver¬
674 4905 847 5016 Kraft
900 4955 2484 5063 schiedene Seiten hat und so beiden Parteien Rechnung
893 5044 2484 5117 trägt. Die Klerikalen haben heute mit dem Kirchenrechts¬
893 5089 2486 5187 lehrer ohne Lehrstuhl das Ziel ihrer Wünsche erreicht,
889 5172 2493 5252 und auf freiheitlicher Seite kann man mit einiger Mühe
624 5137 843 5267 e das
900 5222 2493 5310 noch immer die befriedigend klingende Tatsache kon¬
633 5230 850 5334 nt und
897 5278 2506 5391 struieren, daß Wahrmund „ja doch" liest oder lesen kann,
665 5313 847 5421 Frage
893 5371 2337 5464 wenn er will. Aber er will ja gar nicht, ergo...
906 5492 2516 5588 Montag den 24. d. An diesem Tage läßt das Nomitee der
717 5521 852 5601 bas
893 5551 2529 5646 Gewerbeausstellung in Amstetten einen Separatzug zum
687 5586 852 5666 Aus¬
893 5636 2521 5718 Besuche der Steyrer Jubiläumsausstellung abgehen, mit
652 5625 852 5737 Wiener
906 5705 2510 5766 welchem zirka 300 Personen die Ausstellung besuchen werden.
900 5750 2516 5857 Auch der Besuch des Ackerbauministers Dr. Ebenhoch
657 5763 852 5867 Blattes
919 5809 1662 5922 steht in nächster Zeit bevor.
678 5841 863 5911 neben
991 5833 2508 5971 [Die Jubiläumsmarken.] Wir erhalten aus
663 5898 854 5982 4, Por=
915 5963 2521 6041 Villach folgende, Zuschrift: „Die Postverwaltung hat sich be¬
668 5958 854 6045 gezeigt.
921 6015 2516 6097 müht, durch Ausgabe der neuen Jubiläumskarten am Ge¬
674 6023 854 6104 Hyrtls
915 6060 2529 6154 burtstage des Kaisers ein bleibendes Andenken an diesen
655 6082 874 6169 töge ge¬
921 6121 2521 6216 Tag dem In- und Auslande zu geben. Und gerade der
648 6138 858 6219 lle ernst
915 6190 2540 6286 Umstand, daß mit der Ausgabe derselben schon vor dem
659 6201 863 6277 ms ein
932 6253 2527 6340 18. August begonnen wurde, ist mit Freude zu begrüßen.
665 6251 882 6353 Schädel
923 6314 2551 6403 Nun wurden aber schon vor Monaten die Jubiläumsmarken
655 6314 887 6401 Die über
913 6357 2555 6466 ausgegeben und durch alle Postäm### in Verkehr gesetzt. Um
657 6379 884 6470 keiner
936 6422 2542 6535 so unbegreiflicher erscheint es, daß es trotz mannigfacher Be¬
655 6444 882 6531 sen oder
926 6483 2529 6576 mähungen und Beschwerden unmöglich ist, das Postamt in
681 6502 871 6589 mag er
926 6548 2529 6652 Villach zur Ausgabe aller, auch der niederen Jubiläums¬
676 6568 882 6650 Nuseum,
923 6620 2551 6704 marken zu bewegen. Diese Marken sind weder auf dem
665 6628 882 6702 in der
926 6663 2562 6782 hiesigen Postamt noch in den Briefmarkenverschleißstellen der
659 6682 876 6791 den jebes
943 6724 2540 6817 Stadt, die vom Postamt die Marken beziehen, erhältlich. Mit
947 6776 2549 6890 Recht muß man doch da fragen, wozu wurden die Jubi¬
668 6795 889 6908 dapest
936 6860 2542 6960 läumsmarken ausgegeben, wenn sie nicht einmal am
659 6882 880 6956 Fortsman,
936 6910 2547 7010 18. August des Jubeljahres von der Post bezogen werden
663 6943 880 7021 se bereits
943 6971 2555 7079 können. Das kann nicht in den Intentionen der Postver¬
659 6992 884 7081 19. auf
947 7036 2547 7144 waltung liegen und dient nicht zur Hebung des Fremden¬
657 7060 889 7146 ten, der
954 7101 1983 7218 verkehrs; für den jetzt so viel geschieht.“
670 7120 900 7209 dt eine
1075 7164 2549 7291 [Aus Tolstois Tagebüchern.] Die Tolstoi¬
665 7177 893 7272 die Partie
947 7235 2564 7343 Biographie von Birukow, aus deren demnächst erscheinen¬
659 7239 889 7320 Krließ am
665 7300 895 7374 erlorenen
945 7307 2555 7413 dem zweiten Bande wir im heutigen Morgenblatte Auszüge
954 7354 2558 7480 veröffentlicht haben, erscheint im Verlage der Wiener Hof-
665 7359 891 7456 glücklichen
947 7441 1806 7549 buchhandlung Moritz Perles.
750 7445 900 7571 und
1086 7497 2562 7604 [Die neue Fiakertaxe.] Beim „Grünen Tor“ in
672 7552 908 7636 ztet: Die
956 7571 2555 7688 der Lerchenfelderstraße fand gestern abends die diesjährige
681 7612 900 7692 1 Steyr,
958 7638 2553 7747 ordentliche Genossenschaftsversammlung der Fiaker statt, in
735 7679 902 7755 Sal=
962 7714 2560 7814 welcher Vorsteher Rößner über die neue Taxe referierte,
715 7734 913 7820 sowohl
958 7764 2558 7855 über die wir bereits ausführlich berichtet haben. In der neuen
678 7799 913 7881 den. Die
973 7829 2573 7920 Taxe ist bekanntlich eine Zweiteilung der Fiaker in der Weise
678 7855 915 7955 Personen,
958 7892 2588 7985 vorgesehen, daß jeder Fiaker wählen kann, ob er nach der
670 7918 921 7998 nd= und
967 7955 2579 8061 Taxe oder taxfrei fahren kann. Bei der Abstimmung wurde
687 7979 936 8065 ist. Am
995 7994 2560 8115 gestern diese Zweiteilung der Fiaker abgelehnt, so
754 8041 921 8126 Pferde
973 8076 2579 8178 daß in Zukunft alle Fiaker nach der Taxe fahren müssen.
707 8098 917 8193 beschickt
689 8122 2432 8282 lgt am! Im übrigen wurde die Lare unverändert angenommen.
