3384 4056
433 446 1049 616 Stra fausmass!
452 548 2707 752 § 123 Strafg. Schwerer Kerker von 1-5 Jahren bei
455 715 2886 906 öffentlichem Aergernis oder Verführung oder gemeiner
458 826 2812 1077 Gefahr: Bis zu 10 Jahren bei grosser Boscheit oder
464 1067 1194 1241 Gefährlichkeit.
473 1160 2639 1367 § 124: 6 Monate bis zu 1 Jahr einfacher Kerker
480 1340 1661 1528 ohne die Qualifikationen.
470 1479 2410 1711 Milderungen im weitesten Ausmass möglich.
486 1603 2970 1850 Verlust des Doktordtploms und der akademischen Würde.
489 1819 1708 1992 Gnadenrecht besteht immer.
501 1912 2992 2144 Vor rechtskräftigen Urteil ist Abolition zulässig und
495 2051 2698 2262 nach rechtskräftigen Urteil tritt Begnadigung (
2710 2091 2908 2299 Er¬
510 2246 2964 2478 lass der ganzen Strafe oder bloss Nachsicht der mit
529 2419 2778 2682 der Strafe verbundenen nachteiligen Folgen) etc.
