5800 3881
746 214 1655 336 Innsbruck" im Verordnungswe
632 296 3287 391 wurde allerdings auch der italienische Hauwersvertrag ichtsinntertum noch immer recht
646 336 4305 473 perfekt und die politische Phantasie, die zwischen diesen 1 es sogar wagt, reichsdeutschen Gelehrten eine Berufung
4687 514 5460 596 man eine Komödie, die erst
3892 514 4705 605 aber nicht daran, so spielt
2273 514 3823 600 schleunigten Verlauf. Unverlöschlich fürs ganze Leben
650 518 2214 609 Zeit notgehorchend, wenn auch nicht dem eigenen Drang,
3887 564 4701 650 recht das Heilige entweiht.
4687 559 5460 655 — „Und Sie glauben
2269 586 3842 664 aber war die Nachwirkung der gräßlichen Szene auf den
650 605 2205 691 in Gottes, des Friedensgottes, Namen fünfe grad sein
3887 632 5451 718 nicht daran?" — „Nein, Herr Professor.“ Hierauf
2255 641 3828 714 anderen, jüngeren Bruder geblieben — sie hatte ihn zum
641 646 2209 732 und frug nicht unzeitgemäß lange nach Kirchenpräsenz
3878 700 5456 768 ein Moment beiderseitigen Schweigens. Dann nimmt der
2269 709 3832 777 „Ketzer“ gemacht. Auch hier im Gymnasium nun, bekun¬
650 714 2205 787 und Beichtzettel, der sonst immer am Tage nach der
3878 759 5446 832 Professor, der ernstlich ergriffen scheint, das Wort mit
2273 773 3828 846 dete sich dies; knirschend nur hatte er, dem Zwange des
650 768 2214 859 Beichte hätte dem Herrn Professor abgeliefert werden
2255 818 5442 900 väterlichen Gebots sich fügend, die sonntäglichen Kirchen= einem, seinem sonstigen Wesen und den Äußerungen des
641 850 2209 918 müssen. Doch es kam ein anderer Pharao ins Land —
3892 877 5442 955 selben ungewohnten väterlich liebevollen Klang: „Das ist
2273 887 3851 973 gänge mitgemacht — kaum aber hatte das Märzereignis
641 900 2209 977 möge der heidnische Ausdruck in so unplacierter Anwen¬
3878 946 5451 1023 traurig, sehr traurig. Aber ich kenne das, auch ich habe
2269 955 3832 1023 von 1848 die erste Bresche dareingelegt, als er sich auch
641 968 2205 1032 dung verziehen sein. Pater Ernest trat in der nun¬
3878 1000 5451 1077 diese Zweifel, diese Seelenkämpfe durchgemacht, durch
2278 1009 3832 1087 für alle fernere Zeit davon lossagtes Und auch das Auf¬
650 1023 2214 1100 mehrigen neuen „Siebenten“ in seine Stelle und Kirchen¬
3892 1059 5456 1141 schädliche Lektüre sind sie in mir angefacht worden —
2269 1068 3832 1164 treten des Paters Ernest beirrte ihn darin nicht und
655 1091 2205 1159 gang und Beichte wurden sofort wieder mit aller Rigo¬
3887 1123 5446 1200 durch eigenes gesammeltes Nachdenken aber bin ich zu der
2255 1146 3141 1227 brachte ihn nicht zum Wanken.
659 1146 2209 1214 rosität reaktiviert. Mein Sitznachbar in der vorderen
3892 1182 5456 1255 inneren Ruhe gelangt, worin allein der Mensch seine
2373 1155 3823 1268 Wäre der kompromißgeneigte Pater Leander
641 1205 2196 1287 Bank war als „zweiter Prämiant“ Franz Nissel
3878 1241 5456 1323 irdische Zufriedenheit findet." Darauf ihm Nissel,
2273 1241 3837 1328 noch auf dem Kathedersitze gewesen, so hätte er vermut¬
655 1259 2219 1332 der Sohn eines Hofschauspielers, der in seinen späteren
3887 1314 5442 1382 nicht ungezogen spöttisch, sondern mit der gleichen Artig
2273 1323 3837 1396 lich mit gewohnter Zudruckung eines und, wenn es ihm
650 1328 2205 1409 Dichterjahren dann den Berliner Schillerpreis für seine
3873 1359 5451 1455 keit, mit zutraulicher Einfachheit antwortete: „Verzeihen
2255 1368 3828 1459 zweckmäßig erschien, auch beider Augen jeden Eklat ver¬
655 1391 2205 1468 „Agnes von Meran“ bekam, eine Tragödie des Kampfes
3878 1432 5451 1514 Sie wieder, Herr Professor, Lektüre ist daran nicht
2269 1450 3832 1514 mieden — der Nachfolger aber war eben nicht von dieser
659 1455 2214 1532 gegen die Übergewalt der Kirche. Im Geiste des Gym¬
3896 1496 5460 1600 schuld, nur durch eigenes Nachdenken bin ich zu meinen
2273 1491 3828 1573 Art. Und so war der Eklat unvermeidlich und wurde von
659 1518 2205 1587 nasiasten aber regten sich bereits die Keime solcher Ge¬
3892 1564 5456 1637 jetzigen Ansichten gekommen.“ Wieder eine Pause, dann
2259 1568 3846 1650 der gesamten Schülerschaft tagtäglich mit lebhaftester
655 1573 2209 1637 sinnungsentwicklung. Ein Trauerspiel in der eigenen
3905 1618 5451 1691 setzte wieder Pater Ernest ein, mit einem halben
2273 1628 3828 1696 Spannung erwartet. Endlich brach er los. Als eines
655 1628 2223 1700 Familie hatte seinen nie mehr erlöschenden Eindruck in
3892 1682 5456 1759 Lächeln sogar: „So wollen wir es bei Ihnen mit der um¬
2269 1678 3842 1764 Tages wiederum die Beichtzettel abgegeben werden sollten
659 1691 2205 1764 dem Gemüte des Knaben zurückgelassen. Er hatte einen
3892 1737 5442 1823 gekehrten Kur versuchen. Ich werden Ihnen heilsam
2269 1750 3846 1828 und Nissel sich dabei nicht meldete, rief ihn der Pro¬
659 1750 2214 1828 Bruder gehabt, an dem er mit zärtlicher Liebe gehangen
3878 1805 5442 1882 Bücher zum Lesen geben — wollen Sie?" — „Mit Ver
3073 1805 3842 1905 Beichtzettel fehlt!" — „Ich
2278 1814 3091 1887 fessor an: „Nissel, Ihr
650 1823 2214 1887 war. Dieser war in Linz, wo der Vater früher Engage¬
3896 1859 5465 1932 gnügen und Dank, Herr Professor, ich lasse mich gern
2673 1878 3851 1978 zerr Professor.“ — „Waren Sie denn nicht
2269 1869 2687 1955 habe keinen, H
655 1882 2205 1950 ment gehabt hatte, auf den Tod erkrankt, hatte sich aber
3878 1928 5446 2000 belehren.“ Und nun begann ein eigentümlicher, private
2273 1937 3837 2009 bei der Beichte?" — „Nein, Herr Professor.“ —„Warum
641 1937 2214 2005 mit kindlicher Daseinsfreudigkeit an die Hoffnung der
3892 1982 5456 2055 separatkursus zur Bekehrung des jugendlichen Ungläu¬
2273 1996 3837 2069 nicht?“ Darauf Nissel mit der überlegenen Ruhe eines
636 1996 2223 2064 Wiedergenesung geklammert. Doch es kam der Tag, der
3878 2032 5456 2119 bigen und Woche für Woche erschien Nissel in der Kloster¬
2269 2064 3832 2128 natürlichen Schicklichkeitsgefühles, das den überhitzten
636 2059 2214 2137 keinen Zweifel mehr an dem traurigen Ausgang beließ
2259 2096 5465 2187 Eifer des Katecheten einigermaßen dämpfte und sogar in zelle des Religionslehrers, die absolvierten Bücher gegen
650 2123 2228 2187 und nun gab der Vater die Weisung, es solle um den
3896 2169 5451 2241 andere auszutauschen. Von einem Beichtzwang war in
659 2182 2214 2246 Priester geschickt werden. Die jammernde Mutter tat
2273 2173 3837 2246 einige Verlegenheit brachte: „Ich glaube, Herr Professor,
3892 2228 5474 2305 dieser ganzen Zeit nicht weiter die Rede. Als aber Woche
659 2241 2205 2319 Einsprache dagegen, weil sie die Wirkung des Erschei
2269 2241 3832 2319 daß sich über so etwas nicht hier, vor allen, ausführlich
3892 2296 5465 2369 um Woche verging, ohne daß sich das mindeste Besserungs¬
2278 2305 3828 2391 und deutlich reden läßt.“ Pater Ernest biß in die
641 2300 2209 2373 nens des Geistlichen auf den armen Kranken fürchtete.
3892 2355 5456 2423 resultat bei dem Widerspenstigen zeigten wollte, überkam
2273 2369 3837 2455 Lippen und zwang sich zu gleicher Ruhe: „Gut, kommen
636 2373 2205 2469 Der Vater aber, eine pedantisch=ängstliche Natur, besorgt
3887 2410 5478 2487 dem geduldvollen Bekehrer denn doch endlich die Ahnung
2269 2432 3814 2505 Sie nach dem Unterricht zu mir in mein Zimmer.
641 2432 2228 2500 die Unterlassung eines solchen Gebots pflichtgemäßer
3892 2464 5465 2546 daß hier des Bekehrens Mühe eine verlorene fein dürfte
2273 2478 3828 2555 Wenige Stunden darauf stand Nissel dort vor dem
659 2491 2209 2560 Gläubigkeit könne seiner Stellung in der Stadt schaden
3896 2537 5451 2623 und er trachtete, auf gute Weise davon loszukommen
2269 2550 3832 2628 Erzürnten. „Sagen Sie mir also jetzt, warum Sie nicht
655 2550 2219 2619 bestand darauf und der Geistliche wurde herbeigerufen.
3892 2605 5469 2678 „Die Zeit der Prüfung rückt immer näher — sagte er
2278 2614 3832 2696 zur Beichte gehen." — „Verzeihung, Herr Professor, ich
650 2614 2196 2682 Bei seinem Eintritt mit dem geweihten Apporate de
3905 2664 5469 2741 zu dem starrsinnigen Schüler einmal, als sich dieser
2278 2669 3846 2737 denke, da gibt es nur zwei Fälle: entweder man glaubt
650 2673 2223 2750 vorzunehmenden heiligen Handlung bäumte sich der
3892 2719 5465 2791 wieder zur Bücherauswechslung meldete — da werden Sie
2273 2723 3846 2796 daran, oder man glaubt nicht daran. Glaubl man
641 2732 2214 2810 kranke Knabe in wildem Entsetzen im Bette auf, stieß den
3910 2782 5474 2864 sich doch fleißiger vorbereiten müssen und keine Zeit zum
659 2796 1828 2869 Schreckensruf aus: „Sterben muß ich?
1955 2796 2223 2887 und sank
2291 2791 3832 2869 daran, so geht man, wenn der innere Drang treibt, läßt
3892 2841 5469 2928 Lesen haben. Lassen wir also das mit den Büchern einst¬
2287 2855 3842 2941 sich aber nicht herdenweise dazu führen — glaubt man
650 2855 2237 2964 ohnmächtig zurück. Die Krise nahm darauf ihren be-
