2696 8504
1334 277 1782 403 Wien, Samstag
594 257 871 403 Seite 2
658 391 2121 484 Wahrmund will aber nicht". In Wirklichkeit über¬
558 473 2123 556 siedelt er nämlich gar nicht nach Prag, sondern bleibt
558 542 2115 630 bis auf weiteres in Innsbruck, löst dort seinen Haushalt
554 612 2119 680 nicht auf und wird sich in Prag während der paar
550 670 2125 746 Wochen zwischen Oktober und Weihnachten mit einem
564 734 2117 825 Hotellogis begnügen — falls er überhaupt den Boden
546 803 2125 875 der böhmischen Landeshauptstadt betritt. (Auch das ist
546 853 2123 935 heute noch durchaus nicht so feststehend, als man gemein¬
550 919 2127 1021 hin annimmt, und die Wahrscheinlichkeit wird täglich
558 997 2123 1089 größer, daß Wahrmund außer jener dreizeiligen Notiz
2187 985 2313 1077 Dang
546 1057 2133 1128 im Vorlesekatalog gar keine weiteren Beziehungen mit
546 1118 2129 1186 der Prager Universität anknüpfen wird. Dabei soll aber
2191 1103 2339 1192 besteres
540 1162 2127 1262 der bekannte „mehrjährige Urlaub zu Studienzwecken“
536 1210 2125 1328 und das ministerielle Versprechen einer bedigen Berufung
546 1306 2143 1386 nach Wien, als vorläufig noch nicht realisiert, gar nicht
546 1362 2145 1457 weiter in den Kreis der Erörterungen gezogen
550 1432 1804 1533 werden.) Wahrmund „will“ also
2016 1424 2133 1513 und
550 1485 2127 1593 man hat damit ein bequemes Auskunftsmittel gefunden,
540 1577 2139 1661 das jeden schüchternen Widerspruch, noch bevor er laut
2185 1601 2309 1681 und
550 1645 2145 1735 wird, ersticken läßt. „Die ganze Angelegenheit wird im
2189 1665 2377 1760 besitzer
554 1707 2137 1790 vollen Einverständnis mit Wahrmund erledigt.“ Auf welche
2187 1737 2391 1828 sprachig
546 1774 1523 1868 Weise dieses „volle Einverständnis“
1551 1766 2133 1864 zu stande kam, per¬
2209 1806 2410 1894 gebrauch
564 1842 2139 1944 gißt man zu sagen. Man erzählt in der Oeffentlichkeit
2181 1878 2400 1964 Ratio
564 1928 2139 1998 nichts von jenen Alternativen, vor die man den mit allen
2189 1942 2389 2030 Bemerk
564 1972 2139 2066 Hunden gehetzten Mann stellte, erzählt nicht davon, daß
2187 2008 2404 2095 männer
546 2044 2133 2125 der Innsbrucker Kirchenrechtslehrer die wenig Auswahl
2199 2074 2394 2165 geordne
554 2101 2141 2189 bietende Möglichkeit einer „Berufung nach Prag“ und einer
2191 2145 2402 2221 Auer
572 2179 2141 2265 Pensionierung hatte. Einer Pensionierung auf kurzem
2199 2201 2381 2293 hat sich
550 2227 2141 2335 Weg, ohne Disziplinaruntersuchung und ohne Ruhegehalt.
548 2299 2137 2398 Man spricht nicht von der Einflußnahme hoher und
558 2367 2143 2478 höchster Kreise, die von einer bekannten Wasserheilanstalt
564 2442 2143 2546 eines noch bekannteren klerikalen Parteigängers aus
568 2518 2139 2592 geübt wurde, nicht von jenen Audienzen, in die man
564 2566 2149 2662 Wahrmund bei seiner häufigen amtlich verfügten An¬
558 2652 2143 2727 wesenheit in Wien dirigierte, damit er sich persönlich von
554 2702 2151 2799 der Willensmeinung jener Kreise überzeuge, und man
576 2769 2143 2873 spricht nicht davon, daß man den noch immer zögernden
564 2837 2149 2929 Mann schließlich durch die Drohung mürbe machte, im
556 2913 2139 3015 Falle seiner Weigerung wäre eine subjektive Verfolgung
564 2989 2151 3062 wegen Verbrechens der Religionsstörung nicht aufzuhalten.
576 3044 2145 3144 Daß Wahrmund schließlich bei dieser unerhörten Parforcejagd
580 3108 2155 3222 zusammenbrach wie ein gehetztes Stück Wild und alles mit
578 3168 2145 3282 seiner „Zustimmung“ geschehen ließ, ist nicht seine Schuld
564 3242 2153 3334 und nicht das Verdienst anderer. Wo ist die politisch ein¬
580 3314 2151 3403 lußreiche Partei, auf deren ehrliche, rückhaltlose Unter¬
580 3359 2151 3485 stützung Wahrmund wirklich rechnen konnte? Man ent¬
586 3435 2143 3549 schuldigt sich heute vielfach damit, daß Wahrmund ja
572 3513 2147 3611 „umgefallen“ sei, daß er nicht genügend Charakterstärke
578 3563 2161 3672 besaß, um unbekümmert um alle Folgen auszuharren. Da¬
576 3637 2141 3732 zu war aber seine Stellung damals schon zu exponiert.
564 3694 2155 3798 Und daß nicht jeder von dem Holze sein‘ kann, aus dem
580 3770 2157 3866 Helden geschnitzt werden, mag wohl für viele freiheitliche
572 3838 2159 3938 Politiker nichts weiter sein, als eine billige Selbsterkenntnis.
572 3908 2157 3995 Man hat in Wien damit spekuliert, daß Wahrmund keine
576 3968 2161 4063 Uebermenschennatur ist, daß sein Naturell zu sehr von
572 4037 2163 4125 kleinlichen Alltäglichkeiten beeinflußt wird, und daß Wahr¬
572 4085 2159 4185 mund in seinen Entschlüssen von seiner augenblicklichen
576 4151 2161 4257 Gemütsverfassung gelenkt wird, kurz, daß er in erster
578 4217 2171 4328 Linie doch nur ein Gelehrter und dann erst ein
574 4287 2161 4390 Streiter und Kämpfer ist. Diese Spekulation war wohl
584 4360 1994 4486 praktisch und erfolgreich, aber sie war nicht ehrlich.
708 4418 2159 4518 In etwas über zwei Monaten wird man in Inns¬
580 4486 2159 4606 bruck eienen Vertreter ins Abgeordnetenhaus zu ent¬
590 4556 2175 4653 senden haben. Man wird nicht lange suchen müssen, um
586 4631 1216 4759 den Mann zu finden.
821 4747 1942 4845 Die kommende Landtaaswahl.
1035 4827 1723 4954 Von Alfred v. Lindheim.
694 4857 2165 5016 Der niederösterreichische Landtag ist aufgelöst, und
572 4994 2173 5090 die Neuwahlen wurden mit dem Endtermin des 12. No¬
590 5062 2185 5154 vember ausgeschrieben. Es scheint uns nun eine wichtige
590 5120 2181 5222 Aufgabe zu sein, die Ursachen zu ergründen, welche eine
580 5210 2179 5283 Aenderung dieser Bestimmungen herbeigeführt haben, in¬
604 5258 2179 5359 sofern tatsächlich früher von autoritativer Seite andere
578 5327 1587 5447 Termine angegeben worden wären.
716 5375 2171 5485 In Oesterreich bringt ja doch die „Wiener Zeitung“
594 5453 2173 5559 auch auf anderen Gebieten so manchmal recht große
580 5519 2167 5624 Ueberraschungen, selbst für den angeblich gut Unter¬
594 5590 2173 5680 richteten, und so wollen wir über den Termin der
596 5660 2177 5768 Wahlen nur das Eine bemerken: auch der neue
598 5720 2169 5818 reformierte Landtag Niederösterreichs wird" einen Ge¬
604 5790 2175 5909 burtsfehler aufweisen, der sich hoffentlich zu keiner
602 5860 1780 5995 !hronischen Krankheit ausbilden wird.
704 5903 2175 6033 Es wird ihm nämlich gleich in seiner ersten Session
588 5991 2179 6117 kaum möglich sein, das Budget rechtzeitig und
608 6049 2173 6159 nach sorgfältiger Abfüng zu erledigen. Die große
598 6149 2189 6219 Vermehrung der Mandate setzt gerade diesmal eine ge¬
598 6205 2193 6280 naue Prüfung der Wahlen voraus; es werden neue
598 6258 2193 6374 Berufungen für alle Komitees und Ausschüsse erfolgen
608 6340 2197 6434 müssen, die Detailberichte der Stiftungen und Anstalten,
598 6406 2183 6504 welche zur Beurteilung des Voranschlages gehören,
598 6476 2183 6593 werden erfahrungsgemäß erst im Laufe der Session ver¬
604 6522 2193 6645 teilt, und da am 12. November der letzte Wahl¬
612 6583 2201 6695 tag, am 20. Dezember aber wahrscheinlich der
598 6659 2193 6759 Beginn der Weihnachtsferien angesetzt ist, so
606 6729 2187 6839 kann wohl kaum eine sorgfältige Durchberatung
608 6819 2199 6912 des Budgets zur rechten Zeit erfolgen. Und doch haben
606 6874 2195 6974 darauf in zahlreichen Resolutionen die Landtagsabge¬
612 6942 2199 7042 ordneten aller Parteien immer den höchsten Wert
620 7034 778 7142 gelegt
734 7034 2199 7178 Indessen soll uns das von unserer Hauptbetrachtung
626 7148 2205 7235 nicht entfernen. Wir haben zu untersuchen, wie der neue
616 7231 2199 7315 Landtag in Niederösterreich voraussichtlich aussehen,
626 7285 2209 7379 welche Tendenzen er verfolgen wird, welche
632 7361 2217 7443 Stellung den oppositionellen Parteien an¬
640 7429 2213 7510 gewiesen sein wird, und welche Mittel zu ergreifen
640 7496 2213 7576 sind, um diesen letzten und wie wir glauben nützlichen
632 7556 2211 7640 Einfluß auf die Gebarung des Landes zu sichern. Zur
640 7624 2209 7720 Beantwortung dieser Fragen haben Sie mich aufgefordert
626 7698 2213 7774 mit dem Bemerken, daß Sie auf meine Aeußerung Wert
626 7762 2195 7847 legen würden. Ich darf diese Ihre wohlwollende Meinung
624 7819 2195 7911 wohl lediglich auf den Umstand zurückführen, daß ich
626 7903 2213 8017 derzeit der einzige Abgeordnete bin, der ununterbrochen,
2201 2265 2385 2365 Bielen
2193 2349 2448 2440 tage tra
2199 2410 2381 2494 der ag
2199 2474 2404 2574 keines
2189 2542 2381 2636 besitz
2199 2606 2422 2700 schon in
2189 2674 2422 2757 der libe
2189 2739 2420 2835 mehr so
2203 2809 2422 2891 und Waß
2205 2875 2428 2965 bürgt d
2187 2937 2420 3021 die Mö
2203 3007 2408 3092 tischen
2205 3070 2412 3160 statierte
2197 3140 2422 3230 Wähler
2217 3212 2410 3298 Inseressia
2199 3284 2416 3357 ist nun
2199 3340 2444 3431 Oesterreif
2201 3405 2432 3505 oft sega
2215 3475 2424 3573 gewerbli
2207 3541 2428 3627 gerade i
2207 3607 2454 3706 Großgruß
2207 3682 2438 3770 Indus
2211 3742 2438 3836 großen
2217 3812 2454 3910 jein alle
2207 3878 2424 3966 werden
2207 3946 2456 4035 Eroßgruß
2211 4011 2444 4101 tätig zu
2211 4143 2424 4241 Anzahl
2207 4219 2458 4312 partei
2221 4283 2456 4370 Reichsrau
2217 4350 2454 4442 erhalten,
2215 4426 2428 4520 Anzahl
2221 4490 2387 4576 deren
2231 4546 2472 4641 geringsten
2217 4626 2410 4707 letzten
2231 4685 2460 4769 Haltung
2231 4749 2462 4817 baues
2217 4803 2478 4903 Abgeord
2235 4883 2422 4964 folgen.
2221 4939 2464 5024 nehmen,
2217 4998 2480 5082 vorwieger
2225 5064 2460 5152 ein sehr
2235 5138 2484 5216 zwar sowe
2219 5196 2474 5275 votre avec
2219 5256 2476 5341 welche d
2229 5321 2488 5409 in diesem
2231 5393 2488 5483 Handel u
2227 5459 2488 5545 mehr für
2231 5525 2490 5612 Kleingewe
2225 5590 2482 5670 den 58?
2231 5654 2492 5754 Christlichsoz
2235 5726 2508 5808 Der Star
2227 5792 2494 5888 Eisenb
2235 5860 2496 5947 ist aber in
2237 5927 2498 6017 immer and
2253 5993 2500 6087 ahrts
2239 6061 2502 6147 bauten
2231 6127 2510 6215 aus, welé
2239 6191 2496 6284 erfordern,
2235 6262 2526 6356 körper zur
2247 6332 2516 6422 zur Beant
2235 6402 2496 6492 Partei
2235 6458 2504 6553 mir noch
2249 6536 2512 6637 vielfachen
2245 6605 2512 6687 tun, um
2249 6663 2520 6771 Landtages
2359 6739 2508 6833 Ich
2257 6793 2534 6900 verwandter
2257 6878 2534 6972 Wahlkamp
2249 6948 2494 7030 winnung
2251 7014 2538 7120 anerkannte
2375 7080 2548 7174 Ob es
2267 7148 2538 7247 um einige
2265 7229 2514 7317 Bezirken,
2263 7295 2524 7379 Sieg uns
2263 7357 2522 7439 wiederum
2267 7425 2536 7510 weder eine
2267 7491 2546 7582 fonds, ja
2263 7550 2546 7644 entscheidet,
2263 7624 2546 7714 Vergangen
2387 7682 2544 7776 Gegen
2265 7748 2546 7851 Aoie sie ja
2265 7817 2524 7915 Parteien
2261 7877 2558 7989 zu unseren
