<?xml version="1.0" encoding="UTF-8" standalone="yes"?>
<PcGts xmlns="http://schema.primaresearch.org/PAGE/gts/pagecontent/2013-07-15" xmlns:xsi="http://www.w3.org/2001/XMLSchema-instance" xsi:schemaLocation="http://schema.primaresearch.org/PAGE/gts/pagecontent/2013-07-15 http://schema.primaresearch.org/PAGE/gts/pagecontent/2013-07-15/pagecontent.xsd">
    <Metadata>
        <Creator>prov=READ-COOP:name=TrHtr:version=2.1.0:model_id=51170:date=21_08_2023_08:54</Creator>
        <Created>2023-05-10T15:09:14.234+02:00</Created>
        <LastChange>2023-08-21T08:54:56.615+02:00</LastChange>
        <TranskribusMetadata docId="1428810" pageId="55430703" pageNr="3" tsid="133274241" status="IN_PROGRESS" userId="64420" imgUrl="https://files.transkribus.eu/Get?id=UVDGBNCMOFUKCATGAQSHDIEN&amp;fileType=view" xmlUrl="https://files.transkribus.eu/Get?id=CUMKSISRIQPNDPAUQDBICVZI" imageId="44704775"/>
    </Metadata>
    <Page imageFilename="1428810_0003.jpg" imageWidth="4440" imageHeight="5288">
        <ReadingOrder>
            <OrderedGroup id="ro_1711804467990" caption="Regions reading order">
                <RegionRefIndexed index="0" regionRef="tr_1"/>
            </OrderedGroup>
        </ReadingOrder>
        <TextRegion id="tr_1" custom="readingOrder {index:0;}">
            <Coords points="775,779 4159,779 4159,2295 775,2295"/>
            <TextLine id="tr_1_tl_1" custom="readingOrder {index:0;}">
                <Coords points="1254,919 3078,879 3153,850 3160,663 2840,735 2501,670 1950,750 1261,685"/>
                <Baseline points="1277,889 1283,889 1372,883 1462,883 1551,877 1641,877 1730,877 1820,877 1909,871 1999,871 2088,865 2178,859 2267,859 2357,859 2447,853 2536,847 2626,847 2715,847 2805,841 2894,841 2984,835 3073,835 3163,829"/>
                <TextEquiv>
                    <Unicode>Doch einige sind recht gescheite Leute.</Unicode>
                </TextEquiv>
            </TextLine>
            <TextLine id="tr_1_tl_2" custom="readingOrder {index:1;}">
                <Coords points="1279,1038 3456,1005 3788,948 3795,825 1283,930"/>
                <Baseline points="1301,996 1384,1002 1474,996 1563,990 1653,990 1742,990 1832,984 1921,984 2011,984 2100,984 2190,978 2279,972 2369,972 2458,966 2548,960 2638,960 2727,960 2817,954 2906,948 2996,948 3085,948 3175,943 3264,943 3354,937 3443,937 3533,937 3622,931 3712,931 3801,925"/>
                <TextEquiv>
                    <Unicode>Von den Dichtern sind Mesenthal, Willbrandt zu nennen</Unicode>
                </TextEquiv>
            </TextLine>
            <TextLine id="tr_1_tl_3" custom="readingOrder {index:2;}">
                <Coords points="1265,1146 2778,1103 3103,1164 3153,951 2642,1027 1269,1034"/>
                <Baseline points="1289,1116 1366,1116 1456,1110 1545,1110 1635,1110 1724,1104 1814,1104 1903,1098 1993,1098 2082,1098 2172,1086 2262,1086 2351,1086 2441,1080 2530,1080 2620,1080 2709,1080 2799,1074 2888,1068 2978,1062 3067,1062 3157,1056"/>
                <TextEquiv>
                    <Unicode>Auch Weilen und Lindau musst du kennen.</Unicode>
                </TextEquiv>
            </TextLine>
            <TextLine id="tr_1_tl_4" custom="readingOrder {index:3;}">
                <Coords points="1755,1254 1899,1225 1989,1247 2332,1222 2339,1132 2177,1099 2058,1139 1989,1121 1950,1139 1914,1114 1762,1135"/>
                <Baseline points="1778,1223 1808,1223 1897,1211 1987,1211 2077,1205 2166,1199 2256,1193 2345,1181"/>
                <TextEquiv>
                    <Unicode>(Es läutet)</Unicode>
                </TextEquiv>
            </TextLine>
            <TextLine id="tr_1_tl_5" custom="readingOrder {index:4;}">
                <Coords points="1272,1387 3323,1348 3452,1308 3456,1207 3114,1153 2660,1236 1279,1225"/>
                <Baseline points="1295,1342 1313,1342 1402,1342 1492,1342 1581,1336 1671,1330 1760,1330 1850,1330 1939,1324 2029,1324 2118,1324 2208,1319 2297,1319 2387,1313 2476,1307 2566,1307 2655,1301 2745,1301 2834,1301 2924,1301 3014,1295 3103,1295 3193,1289 3282,1289 3372,1289 3461,1283"/>
                <TextEquiv>
                    <Unicode>Jetzt muss ich dich um Entschuldigung bitten.</Unicode>
                </TextEquiv>
            </TextLine>
            <TextLine id="tr_1_tl_6" custom="readingOrder {index:5;}">
                <Coords points="753,1391 793,1384 818,1402 894,1373 926,1387 951,1369 1016,1398 1031,1387 1045,1402 1081,1395 1088,1272 1052,1276 1016,1254 977,1283 919,1290 869,1276 757,1297"/>
                <Baseline points="775,1360 823,1366 913,1354 1002,1354 1092,1354"/>
                <TextEquiv>
                    <Unicode>Homer:</Unicode>
                </TextEquiv>
            </TextLine>
            <TextLine id="tr_1_tl_7" custom="readingOrder {index:6;}">
                <Coords points="1269,1496 1589,1478 1683,1521 2065,1442 2198,1503 2321,1456 2573,1496 2724,1456 2728,1344 1975,1333 1269,1395"/>
                <Baseline points="1289,1462 1301,1462 1390,1462 1480,1456 1569,1456 1659,1456 1748,1450 1838,1450 1927,1450 2017,1444 2106,1438 2196,1438 2285,1438 2375,1426 2464,1426 2554,1420 2644,1420 2733,1420"/>
                <TextEquiv>
                    <Unicode>Zum Spuper hats eben gelitten.</Unicode>
                </TextEquiv>
            </TextLine>
            <TextLine id="tr_1_tl_8" custom="readingOrder {index:7;}">
                <Coords points="1254,1647 3845,1622 4148,1568 4152,1445 1261,1488"/>
                <Baseline points="1277,1611 1295,1611 1384,1611 1474,1605 1563,1605 1653,1605 1742,1605 1832,1599 1921,1599 2011,1593 2100,1587 2190,1587 2279,1587 2369,1581 2458,1581 2548,1581 2638,1575 2727,1575 2817,1569 2906,1569 2996,1563 3085,1557 3175,1557 3264,1551 3354,1545 3443,1545 3533,1545 3622,1539 3712,1539 3801,1539 3891,1539 3980,1533 4070,1533 4159,1533"/>
                <TextEquiv>
                    <Unicode>Ein andres Mal, wenn du erlaubst, stell ich mich wieder ein.</Unicode>
                </TextEquiv>
            </TextLine>
            <TextLine id="tr_1_tl_9" custom="readingOrder {index:8;}">
                <Coords points="757,1676 782,1669 818,1679 850,1708 890,1676 973,1669 991,1654 1013,1654 1020,1510 991,1517 969,1499 941,1514 912,1503 883,1521 843,1492 818,1503 768,1496"/>
                <Baseline points="781,1629 841,1629 931,1623 1020,1617"/>
                <TextEquiv>
                    <Unicode>Ich:</Unicode>
                </TextEquiv>
            </TextLine>
            <TextLine id="tr_1_tl_10" custom="readingOrder {index:9;}">
                <Coords points="1276,1805 1571,1780 1741,1845 2249,1751 2710,1784 2955,1748 2959,1651 2559,1596 2303,1679 1279,1651"/>
                <Baseline points="1295,1772 1354,1772 1444,1766 1533,1760 1623,1760 1712,1760 1802,1754 1891,1754 1981,1754 2071,1748 2160,1742 2250,1742 2339,1742 2429,1736 2518,1730 2608,1730 2697,1730 2787,1724 2876,1724 2966,1718"/>
                <TextEquiv>
                    <Unicode>Es wird mir die grösste Ehre sein.</Unicode>
                </TextEquiv>
            </TextLine>
            <TextLine id="tr_1_tl_11" custom="readingOrder {index:10;}">
                <Coords points="760,1816 825,1805 883,1860 941,1827 966,1842 1049,1795 1117,1816 1121,1625 1038,1658 1009,1640 959,1676 937,1665 843,1712 760,1708"/>
                <Baseline points="781,1784 853,1784 943,1778 1032,1778 1122,1778"/>
                <TextEquiv>
                    <Unicode>Homer:</Unicode>
                </TextEquiv>
            </TextLine>
            <TextLine id="tr_1_tl_12" custom="readingOrder {index:11;}">
                <Coords points="1287,1957 2303,1899 2642,1935 2843,1881 2847,1766 2022,1766 1917,1831 1496,1809 1409,1856 1290,1795"/>
                <Baseline points="1307,1921 1330,1921 1420,1915 1510,1915 1599,1915 1689,1909 1778,1909 1868,1903 1957,1903 2047,1903 2136,1903 2226,1897 2315,1891 2405,1891 2494,1891 2584,1886 2673,1874 2763,1874 2852,1862"/>
                <TextEquiv>
                    <Unicode>Jetzt lebe wohl, guten Appetit###!</Unicode>
                </TextEquiv>
            </TextLine>
            <TextLine id="tr_1_tl_13" custom="readingOrder {index:12;}">
                <Coords points="757,1978 804,1989 843,1982 894,2029 915,2014 948,2033 1020,2025 1027,1823 987,1823 962,1842 926,1834 883,1860 847,1823 822,1827 811,1813 757,1838"/>
                <Baseline points="775,1939 865,1939 954,1933 1032,1939"/>
                <TextEquiv>
                    <Unicode>Ich:</Unicode>
                </TextEquiv>
            </TextLine>
            <TextLine id="tr_1_tl_14" custom="readingOrder {index:13;}">
                <Coords points="1272,2065 1492,2043 1607,2123 2458,2014 3189,2069 3380,2036 3384,1867 1276,1960"/>
                <Baseline points="1295,2035 1330,2041 1420,2041 1510,2041 1599,2035 1689,2029 1778,2023 1868,2023 1957,2017 2047,2017 2136,2011 2226,2011 2315,2011 2405,2011 2494,2005 2584,2005 2673,1999 2763,1999 2852,1999 2942,1993 3031,1987 3121,1981 3210,1981 3300,1981 3390,1975"/>
                <TextEquiv>
                    <Unicode>Das nächste Mal bringé ich meine Werke mit.</Unicode>
                </TextEquiv>
            </TextLine>
            <TextLine id="tr_1_tl_15" custom="readingOrder {index:14;}">
                <Coords points="2033,2274 2130,2314 2242,2306 2278,2339 2378,2299 2378,2101 2205,2162 2151,2119 2126,2119 2105,2141 2083,2126 2033,2144"/>
                <Baseline points="2053,2279 2142,2279 2232,2285 2321,2279 2387,2285"/>
                <TextEquiv>
                    <Unicode>En de</Unicode>
                </TextEquiv>
            </TextLine>
        </TextRegion>
    </Page>
</PcGts>
