4440 5336
1127 635 2879 882 Sage wie steht's bei Buch da droben?
600 716 929 917 Homer:
1132 850 2882 1013 Leider ist nicht sehr viel zu loben.
600 876 830 1054 Ich:
1147 981 2914 1150 Und die Damen sind gar unerträglich,
1130 1045 3229 1214 Haben am Kopfe (nicht grösser ists möglich)
1141 1188 2751 1354 Einen Turm von falschen Haaren.
1127 1313 2882 1517 Für sehr dumm halt ich dies Gebaren.
1159 1424 3409 1619 Und die Schönheitspflästerchen, sind die nicht
771 1464 923 1686 er:
1150 1598 3432 1796 Du irrst dich Freund, xxxx um ein Saeculum
632 1639 882 1828 Ich:
1167 1712 3036 1910 Sitzf da drei Jahrtausende sahen sogar,
626 1796 935 2000 Homer:
1153 1849 3159 2050 Da kann man isich irren um ein paar Jahr.
1164 1977 2999 2134 Und dann noch die Tuniken und Kleider,
1170 2082 3066 2280 Da wars zu unsrer Zeit viel gescheiter -
1164 2233 2856 2373 Da gingen alle ganz nakt spazieren.
1164 2355 2812 2571 Die taten sich gar wenig genieren.
646 2411 894 2568 Ich:
1164 2504 3060 2678 Doch viel besser - ich muss fast lachen
643 2574 978 2716 Homer:
1170 2623 2868 2798 Als die jetzigen verrückten Sachen.
1164 2766 2978 2964 Lieber Freund, ich stimm dir bei sehr
646 2809 876 3019 Ich:
1173 2900 2836 3106 Da var das Nackte edler viel mehr.
1185 3034 3523 3211 Glaubst Du man weiss jetzt wie Menschen aussehen?
646 3074 996 3269 Homer:
1176 3170 3240 3328 Man weiss nur wie ihnen die Kleider stehen.
1194 3272 3427 3488 Besonders bei Damen, die tuniquierten Hintern,-
1185 3409 2993 3552 Da könnt ein ganzes Heer überwintern.
1188 3523 3034 3697 Und die Hüt' mit den Blumen den vielen
1188 3569 3301 3785 Da könnten sehn Kinder Verstecken's spielen.
1199 3738 2850 3916 Und vorin verliebt man sich jetzt?
1191 3860 2670 4035 In die falschen Zöpfe zuletzt,
1202 4026 2751 4157 Oder in die geschminkten Wangen,
1217 4093 2952 4297 Ich hätt' sie schon gern alle aufgehe.
1202 4256 2859 4463 Deine Meinung ist aller Ehren wert
678 4274 836 4483 Ick
1220 4376 3517 4559 Wie stehts mit der Dichtkunst jetzt auf der Erd?
667 4460 999 4641 Homer:
1214 4512 3118 4728 Ach,- Freund, es ist der Lauf der Welt,
681 4606 935 4804 Ich:
1208 4702 2716 4836 Die Journalistik, die will Geld,
1220 4789 3406 4972 Und gibt mans ihnen nicht in Zehn-Gulden-Behei
2739 4900 3057 5095 einen.
1214 4905 2705 5101 Dann verreissen sie allsogleich
1354 5039 2565 5249 ist eine hundsverfluchte
