4440 5400
1447 504 2517 701 Am Tore der Untervelt
1577 684 2141 891 Ich komme er
2510 966 2710 1198 1 e
1974 993 2458 1138 chnit
1687 983 1899 1155 dr
1307 1005 1642 1190 Arth
1717 1118 1969 1260 G.C.F.P.
2787 1040 3563 1307 am 11. Juni 1875
1100 1312 2942 1572 Nun, hat denn der Weg da gar kein End?
681 1442 886 1644 Ich:
1115 1495 2710 1687 Wohin komm ich danoch, Sakrament!
1115 1634 2817 1806 Ich ging immer nur meiner Nase nach
1108 1751 2732 1904 Da kam ich nun daher allgemach.
1115 1859 2797 2026 Doch gibt mir das eine weise Lehr,
1125 1994 2779 2151 Geh meiner Nase nach niemals mehr.
1135 2088 2749 2260 Wohin bin ich denn da marschiert,
1110 2183 2852 2370 Zu welchem Tor hab ich mich verirrt?
1125 2328 2949 2473 Doch geh ich fort sogleich mitnichten,
1133 2418 2869 2582 Ich will hier schlafen oder dichten,
1138 2555 2894 2695 Wozu sollt ich denn sein sonst hier,-
1143 2670 2854 2817 Da hab ich Bleistift und Papier.-
1133 2789 2839 2927 Doch sich, ver kommt daher gerannt?
1143 2847 3151 3056 Das Gesicht da erscheint mir sehr bekannt.
1138 3006 3101 3159 Doch was seh ich! Potz Butter und Kümmel,
1143 3099 3121 3263 Grad auf mich kommt er zu, lieber Himmel.
1352 3209 3246 3441 (Honer kommt aus dem Tore der Unterwelt)
1160 3358 1926 3533 ### (unarmt mich)
711 3383 1035 3560 Homer:
1163 3403 3041 3633 Grüss dich der Zeus, geliebter Kollega,
1163 3560 2889 3745 Kommst du zu Calderen, Lope de Vega?
1153 3688 2725 3862 Zu Schiller, Goethe und Shakespe¬
1168 3810 2627 3980 O, so sei mir willkommen hier!
1163 3880 3001 4117 Doch du scheinst noch Leben zu haben.
1178 4049 3061 4264 Gott sei Dank bin ich noch nicht begraben.
729 4132 968 4294 Ich:
1185 4229 2722 4349 Doch mit wem hab ich die Ehrerr?
2088 4269 2794 4479 deutsch Homer
1180 4391 1704 4578 Griechisch
1180 4518 2255 4663 Ha, was hör ich.- X Cr
1455 4628 2128 4760 ab ich noch mit
