2824 3400
540 283 2486 518 Gerade weil ich wusste, dass er nie mein Geliebter
548 494 2521 683 sein wird, habe ich ihn zum- Freund gewählt. Und aus
580 642 2464 788 Freundschaft für ihn lasse ich die Welt glauben,
540 783 2432 904 dass er mein Geliebter ist. Du ist der einzige
532 904 2507 1066 Mensch äusser ihm selbst,der wies, dass er es nicht
532 1028 712 1152 ist.
532 1169 1868 1309 Bruno: Und grad ich glaub's nicht.
515 1295 2688 1460 Dorothea: Willst du denn nicht verstehen? Freundschaft
515 1433 2491 1590 Es sind Gerüchte über ihy verbreitet,die für seine
526 1571 2593 1727 Carriere, ja für seine persönliche Freiheit gefährlich
507 1692 764 1792 wören.
502 1819 2561 1962 Bruno: Und du, du bist sozusagen sein Alibi. Als sein
499 1965 1754 2065 Alibi fährst du nach Röm. (lacht)
488 2056 2434 2226 Dorothes: Du kannst es glauben oder nicht. Es ist
502 2208 2540 2372 ja gleöchgültig. Wir hatten keinerlei Verpflichtung
486 2326 2429 2496 gegen einander du und ich. Wir sind hier zusammen.
491 2469 2442 2626 gekommen,um einander zu erzühlen,was wir in dieser
478 2564 2413 2750 Zeit erlebt haben. Ich habe nicht gewusst,dass du
478 2728 1819 2874 Unwahrheiten von mir hören willst.
