2952 3608
2233 391 2358 538 10
629 562 2380 658 Bru no: (lacht) Käine nebertreibungen, Frau
2051 644 2505 737 t mill vo Htre
634 682 2524 850 Luise, obzwar -(plötzlich) Also, was glauben
627 812 1974 958 rie, Frau luise, wen ich erwarte?
627 946 1765 1107 Wirt in-(zuckt die Achseln)
617 1054 1755 1225 Bruno: Na, was glauben Sie?
617 1213 2118 1337 Wirtin: Also - eine alte Bekannte.
620 1328 1446 1458 Bruno: Ja.Dorothea.
632 1455 1575 1602 Wirtin: Aber gehn Sie.
608 1602 1916 1705 Bruno: Wen sie nämlich kommt.
608 1712 2310 1861 Wirtin: Ja,warum sollte sie denn nicht?
605 1835 2442 1964 Bruno: Ja die ses Rendezvous, wenn man es so
593 1981 2394 2103 nennen darf - das haben wir nämlich schon
598 2077 2308 2243 vor(längerer Zeit verabredet Vor drei
581 2226 2505 2380 Jahren.Genau an dem Tag,an dem wir das letz
584 2358 1388 2478 te Mal hier waren.
581 2483 2341 2646 Wirti n: Auf sechs und sieben mit offéner
567 2629 1045 2737 Dopfeltür.
574 2749 2461 2877 Bruno: Eigent lich rührend, dass Sie sich so-
579 2877 2034 2999 gar noch an die Nummern erinnern.
567 3014 2495 3160 Wirtin: Die zimmerhaben sie doch imme gehabt
567 3138 2332 3309 Auch schon vor der Dorothea.Auch mit der
