3000 3608
598 613 1802 794 (auf seine Tasche weisend).
603 749 2594 918 Wirtin: Ganz wie's belelbt, Herr Doktor.Mallen
603 902 2607 1031 sie sich vielleicht jetzt auf Ihr Zimmer bemü--
603 1011 2456 1149 hen? Es ist Ihr gewöhnliches, Numero sechs.
603 1139 2597 1259 Auch ein bisl verändert.Neue rapeten,fliessen-
598 1267 2421 1423 des Wasser warm und kalt (auf seinen Blick
598 1375 2496 1548 Jawohl.Nur die Aussicht ist die gleiche.Und
965 1501 1166 1601 die H.
601 1528 2368 1652 Numero sieben ist auch neu hergerichtet.
608 1662 2572 1822 Beuno: Sie waren also so gut gleich zwei Zir-
601 1772 1898 1946 wer zu reervieren?) (twen
616 1895 2579 2041 Wirt in: Genau wie Herr hoktor depeschiort ha-
601 2061 2622 2202 ben.- Die Dame kommt jedesfalls mit einem spä-
616 2197 1051 2335 teren Zug.
608 2313 1543 2461 Bruno: (kur2) Möglich.
611 2433 2509 2579 Wirtin: Bitte, ich habe nicht indiskret sein
608 2597 895 2717 wollen.
603 2685 2607 2881 Bruno: (läche ind nicht ganz ohne Verlegenheit
616 2836 2227 2979 vielleicht kommt, sie auch gar nicht.
2235 2873 2685 3014 berowerdein
608 2966 2549 3079 Wirt in: (sachlich) Das kann man natürl ich nie
608 3079 2383 3230 wissen - wenn sie nicht gleich mitkommt.
601 3220 2554 3406 Bruno: (abs ichtlich abschweifend),die Fassade
