2856 3400
607 374 2571 514 Dorothea: Ich hatte dir's versprochen.Wir wollten
971 479 1465 577 Mem Ehalen
619 548 1328 673 einander erzählen.
619 651 2422 802 Bruno: Hat darum jemals eine Frau ein Rendez-
621 763 2444 908 vous eingehalten? Sehnsucht war es. Sehnsucht,
629 895 2414 1047 geradeso wie bei mir. Heute noch schreibe ich
619 1032 2368 1172 meiner Frau und du deinem Exxund Geliebten.
621 1162 2456 1336 Dorothes: (mit grossen Augen) Meinem Geliebten?
624 1326 1235 1451 Bruno: Nun ja.
629 1426 2444 1570 Dorothea: Wer sagt dir denn, dass ich einen Ge-
619 1566 1162 1720 liebten habe?
624 1688 1754 1825 Bruno; Du hast doch selbst-
629 1774 2456 1937 Dorothen: Pardon, ich sprach von einem Freund.
624 1964 1306 2070 Bruno: (lacht auf)
631 2062 2307 2207 Dorothea: lache nicht,er ist wirklich mein
648 2202 1681 2336 Freund und nichts anderes.
631 2319 2104 2466 Bruno: Du hältst michwohl für einen-
636 2446 2520 2583 Dorothea: Du hast wehl auch die Geschichten von
643 2586 2226 2715 dem Regisseur und dem Direktor geglaubt?
643 2715 2478 2847 Bruno: Willst du dich über mich lustig machen?
629 2855 2478 2970 Dorothea; Es scheint,die Männer sind doch noch
