3000 3624
603 551 2447 727 Rendezvous.Es war längst meine ldee. (sieht
628 685 2422 830 gleich wieder auf die Uhr) Ich glaube ei-
615 811 2444 966 gentlich gar nicht, dass sie kommt.Sie hät-
628 939 2612 1107 te ja doch wahrscheinlich vorher te legraphiert
625 1058 2464 1218 Sie kann doch nicht so sicher darauf rech-
625 1201 2382 1381 nen,dass ich so ein Rendezvous einhalte.
650 1317 2545 1480 (er sieht wieder auf die Uhr) Viertelsieben.
643 1463 2405 1599 Wirtin: Es wäre ja möglich, dass sie auch
638 1579 2432 1740 die ldee hätte sich acht Tage allein hier
640 1767 1280 1873 einzulogiereh.
638 1816 2444 2017 Bruno: Frauen f sind im allgemeinen nicht
1891 1942 2091 2017 leu
657 1945 2402 2128 so,nicht wahr,Frau Luise? Wahrscheinlich
1332 2081 1641 2162 verjener
650 2083 2409 2264 hat sie überhaupt) auf den Luisenhof, aufs
652 2261 1656 2414 Rende zvous, auf mich --
667 2491 2555 2662 Dorothea in elegantem Reisekostüm auf einem
667 2624 2424 2763 der kleinen Balkone oben.Den Hut hat sie
660 2760 2516 2928 schon abgenommen undk hält ihn noch in der
670 2884 2385 3022 Hand, so dass der Schleier über den Rand-
672 3040 1614 3151 des Balkons flattert.
