2968 3624
590 569 2447 767 betrach tend) Die Balkons sind ja auch neu?
569 651 2493 893 Wirtin: Wir haben doch überhaupt die Mansar-
595 881 1217 1019 den ausg baut.
600 946 2326 1162 Bruno: Richtig.Noch schwach besetzt der
598 1125 1534 1290 Luisenhof,nicht wahr?
607 1210 2500 1421 Wirtin: Im Mai haben wir ja nie viel Gäste.
603 1326 2381 1520 Für Pfingsten ist schon ausverkauft.Heut
624 1450 2539 1648 Früh ist übrigens der Herr Pick hineingefah-
629 1682 818 1779 ren.
634 1728 2396 1914 Bruno: So,der lebt auch noch? Mit wem er-
624 1861 1967 2047 er denn daz Mit der Framcille?
636 1960 2548 2156 Wirtin: Aber wo leben Sie denn,Herr Doktor?
639 2101 2502 2282 Die Francille ist ja schon seit einem Jahr
1670 2219 1912 2299 Aber get.
641 2229 2582 2432 mit dem Baron Landauer..Sie haben sich da be-
1491 2340 1837 2425 Sir rgtil
663 2352 2606 2563 wir kermen gek rnt.Und das waren Gschichten
675 2483 2597 2689 ich sag ihnen,der Pick hätt sich ungebracht,
663 2614 2587 2814 wenn ich nicht gewesen wäre. Aber im Luisen-
668 2747 2587 2931 hof darf es keine Trauers piele geben.So ein
680 2904 2372 3071 nopelselbs tword wie im vorigen Jahr im
695 3027 2614 3211 Preinerhof, das dürft bei mir nicht vorkommen
704 3134 2473 3330 Brrne (Eeberlegt/u Houpt et vor Shueiel
852 3291 1319 3429 Amen
