2792 3368
519 303 2541 537 (Der Dienstmann komnt mit einem Wagerl, auf dem vier-
555 514 1316 606 grosse Zoffer sind.
547 634 1894 777 Dorothea: A; da kommt mein Gepäck.
550 731 2584 950 Bruno: Nicht wenig für acht Tage bei der Mutter in
553 904 754 1006 ien
545 978 2180 1161 Dienstmann: So, da wären wir, gnä' Fru'ln.
565 1138 2498 1293 irtin: Aber warum fahren S' denn nicht rückwärts
540 1278 2455 1423 vor mit dem grossen Gepäck? (zu Dorothea) Wird
547 1408 1894 1535 nicht alles in Ihrem Plätz haben.
542 1528 2427 1696 Dorothea: Kann unten stehen bleiben. Wissen Sie,
560 1660 2569 1813 Trau Luise, es war mir nicht sicher genug es auf dem
553 1800 1301 1925 Bahnhof zu lasser.
555 1902 2124 2070 (Geräck wird fortgeschafft)/,Magd etc.1
553 2050 2523 2203 Bruno: Fir diese acht Tage hast du dir nicht wenig-
545 2182 1052 2304 mitgenommen.
578 2299 2620 2421 Dorothea: Es ist vielleicht für länger. Es wäre näm-
550 2442 2572 2579 lich mäglich,dass ich eine Verlingerung des Urlaubs
553 2572 2500 2737 bekomme und dass ich noch weiter hinunterreise.
550 2689 1393 2839 Bruno: Mit dem Baron?
527 2831 2404 3020 Dorothea: Und doch ist er nicht mein Geliebert.
