<?xml version="1.0" encoding="UTF-8" standalone="yes"?>
<PcGts xmlns="http://schema.primaresearch.org/PAGE/gts/pagecontent/2013-07-15" xmlns:xsi="http://www.w3.org/2001/XMLSchema-instance" xsi:schemaLocation="http://schema.primaresearch.org/PAGE/gts/pagecontent/2013-07-15 http://schema.primaresearch.org/PAGE/gts/pagecontent/2013-07-15/pagecontent.xsd">
    <Metadata>
        <Creator>prov=READ-COOP:name=PyLaia@TranskribusPlatform:version=2.7.0:model_id=50870:lm=none:date=22_01_2024_18:58</Creator>
        <Created>2023-09-27T14:38:28.301+02:00</Created>
        <LastChange>2024-01-22T18:58:50.592+01:00</LastChange>
        <TranskribusMetadata docId="1589048" pageId="60124828" pageNr="21" tsid="145634215" status="IN_PROGRESS" userId="40391" imgUrl="https://files.transkribus.eu/Get?id=EYRSTTZGGBQHZXBRTCZBGCSC&amp;fileType=view" xmlUrl="https://files.transkribus.eu/Get?id=HWBZSZDYMOZDLNMATVZZNXBK" imageId="48549905"/>
    </Metadata>
    <Page imageFilename="1589048_0021.jpg" imageWidth="3016" imageHeight="3624">
        <ReadingOrder>
            <OrderedGroup id="ro_1711791043667" caption="Regions reading order">
                <RegionRefIndexed index="0" regionRef="tr_1"/>
            </OrderedGroup>
        </ReadingOrder>
        <TextRegion orientation="0.0" id="tr_1" custom="readingOrder {index:0;}">
            <Coords points="597,528 597,3326 2641,3326 2641,528"/>
            <TextLine id="tr_1_tl_1" custom="readingOrder {index:0;}">
                <Coords points="586,727 836,758 1044,700 1417,724 1534,660 1738,636 2357,619 2364,540 1675,557 1510,605 1334,581 1197,624 1068,574 913,626 856,583 595,609"/>
                <Baseline points="600,710 688,710 776,702 864,697 952,691 1041,683 1129,677 1217,672 1305,662 1393,658 1482,649 1570,643 1658,637 1746,628 1834,622 1923,614 2011,608 2099,600 2187,594 2275,588 2364,585"/>
                <TextEquiv>
                    <Unicode>luise) Gar nicht haben Sie sich verändert.</Unicode>
                </TextEquiv>
            </TextLine>
            <TextLine id="tr_1_tl_2" custom="readingOrder {index:1;}">
                <Coords points="583,853 865,872 1035,810 1348,868 1484,815 2132,786 2270,760 2282,624 2151,672 1859,662 1716,722 1338,703 880,777 796,748 691,801 590,748"/>
                <Baseline points="597,841 681,838 765,834 849,829 933,821 1017,810 1101,806 1186,801 1270,794 1354,789 1438,784 1522,779 1606,770 1690,765 1775,759 1859,750 1943,745 2027,736 2111,733 2195,727 2280,731"/>
                <TextEquiv>
                    <Unicode>Na, Bruno - (weidet sich rasch an Bruyel</Unicode>
                </TextEquiv>
            </TextLine>
            <TextLine id="tr_1_tl_3" custom="readingOrder {index:2;}">
                <Coords points="1472,999 1501,1009 1534,980 1549,980 1587,951 1628,956 1644,973 1654,973 1661,899 1618,901 1611,891 1577,894 1554,882 1508,918 1479,925"/>
                <Baseline points="1489,952 1517,950 1545,949 1574,948 1602,945 1630,940 1659,934"/>
                <TextEquiv>
                    <Unicode>frauk</Unicode>
                </TextEquiv>
            </TextLine>
            <TextLine id="tr_1_tl_4" custom="readingOrder {index:3;}">
                <Coords points="593,980 793,1016 939,963 1217,968 1506,923 1508,851 1298,880 1185,846 600,911"/>
                <Baseline points="608,979 653,977 698,976 743,971 789,968 834,964 879,961 924,956 970,952 1015,949 1060,944 1105,943 1151,940 1196,935 1241,931 1286,928 1332,925 1377,925 1422,922 1467,919 1513,916"/>
                <TextEquiv>
                    <Unicode>Alse, grüss dich Gotll</Unicode>
                </TextEquiv>
            </TextLine>
            <TextLine id="tr_1_tl_5" custom="readingOrder {index:4;}">
                <Coords points="602,1121 1004,1085 1217,1121 1489,1056 1687,1078 1821,1021 2445,989 2450,913 2251,875 2149,930 1637,939 1499,1011 1412,980 609,1037"/>
                <Baseline points="617,1104 708,1101 800,1095 891,1088 983,1082 1075,1073 1166,1066 1258,1061 1350,1053 1441,1043 1533,1038 1625,1030 1716,1022 1808,1018 1900,1009 1991,1002 2083,998 2175,989 2266,985 2358,976 2450,970"/>
                <TextEquiv>
                    <Unicode>Bruno: (küsst ihr die Hand) Siehst sehr gut</Unicode>
                </TextEquiv>
            </TextLine>
            <TextLine id="tr_1_tl_6" custom="readingOrder {index:5;}">
                <Coords points="966,1205 1092,1209 1128,1193 1193,1200 1243,1169 1379,1171 1389,1099 1341,1078 1295,1087 1202,1150 1164,1123 1133,1135 1066,1119 1030,1090 982,1095"/>
                <Baseline points="979,1203 1004,1202 1030,1200 1055,1198 1081,1196 1106,1193 1132,1189 1157,1186 1183,1182 1209,1179 1234,1170 1260,1164 1285,1162 1311,1161 1336,1161 1362,1158 1388,1155"/>
                <TextEquiv>
                    <Unicode>Aorlt kan</Unicode>
                </TextEquiv>
            </TextLine>
            <TextLine id="tr_1_tl_7" custom="readingOrder {index:6;}">
                <Coords points="605,1236 672,1255 691,1238 724,1233 758,1243 772,1233 789,1243 820,1231 846,1236 848,1207 810,1200 784,1207 739,1173 717,1183 700,1173 667,1183 652,1176 607,1183"/>
                <Baseline points="617,1232 643,1235 669,1235 695,1234 721,1232 748,1232 774,1233 800,1234 826,1230 853,1223"/>
                <TextEquiv>
                    <Unicode>aus,</Unicode>
                </TextEquiv>
            </TextLine>
            <TextLine id="tr_1_tl_8" custom="readingOrder {index:7;}">
                <Coords points="636,1372 2423,1262 2428,1181 2314,1150 1984,1226 1577,1183 1243,1279 641,1293"/>
                <Baseline points="650,1364 739,1357 828,1351 917,1346 1006,1340 1095,1336 1184,1324 1273,1316 1362,1307 1451,1304 1541,1297 1630,1286 1719,1280 1808,1274 1897,1268 1986,1259 2075,1256 2164,1247 2253,1238 2342,1232 2432,1229"/>
                <TextEquiv>
                    <Unicode>Wirt in: sind sie zufrieden mit Ihrem Zim-</Unicode>
                </TextEquiv>
            </TextLine>
            <TextLine id="tr_1_tl_9" custom="readingOrder {index:8;}">
                <Coords points="626,1499 1135,1522 1283,1463 1745,1410 1821,1448 1902,1401 2012,1429 2094,1386 2455,1389 2445,1262 2043,1341 1102,1365 973,1427 631,1444"/>
                <Baseline points="641,1492 732,1488 823,1482 914,1476 1005,1470 1096,1462 1187,1456 1278,1447 1369,1439 1460,1435 1551,1429 1642,1417 1733,1410 1824,1407 1915,1401 2006,1395 2097,1383 2188,1374 2279,1368 2370,1364 2462,1352"/>
                <TextEquiv>
                    <Unicode>de r, Fräule in? Haben Sie noch irgend welche</Unicode>
                </TextEquiv>
            </TextLine>
            <TextLine id="tr_1_tl_10" custom="readingOrder {index:9;}">
                <Coords points="633,1630 657,1628 686,1656 801,1620 841,1618 880,1637 939,1620 994,1632 999,1534 937,1556 877,1522 791,1570 765,1556 638,1549"/>
                <Baseline points="647,1614 672,1616 697,1616 723,1615 748,1613 774,1611 799,1611 825,1611 850,1610 875,1609 901,1607 926,1605 952,1603 977,1600 1003,1597"/>
                <TextEquiv>
                    <Unicode>Wünsche?</Unicode>
                </TextEquiv>
            </TextLine>
            <TextLine id="tr_1_tl_11" custom="readingOrder {index:10;}">
                <Coords points="662,1766 1312,1706 1635,1726 1831,1668 2235,1673 2428,1630 2433,1558 2376,1551 2230,1599 2113,1563 1338,1659 975,1630 760,1695 672,1654"/>
                <Baseline points="677,1746 764,1743 852,1740 940,1732 1028,1726 1116,1720 1204,1713 1292,1704 1380,1698 1468,1691 1556,1685 1643,1678 1731,1670 1819,1661 1907,1655 1995,1650 2083,1641 2171,1638 2259,1629 2347,1623 2435,1620"/>
                <TextEquiv>
                    <Unicode>norothea: Aber es ist ja reizend.Nas soll</Unicode>
                </TextEquiv>
            </TextLine>
            <TextLine id="tr_1_tl_12" custom="readingOrder {index:11;}">
                <Coords points="652,1890 1446,1862 2098,1776 2192,1804 2199,1699 2153,1692 657,1836"/>
                <Baseline points="668,1880 744,1876 821,1870 897,1868 974,1862 1051,1855 1127,1850 1204,1842 1280,1838 1357,1831 1434,1823 1510,1818 1587,1809 1663,1803 1740,1801 1817,1796 1893,1788 1970,1785 2046,1776 2123,1772 2200,1770"/>
                <TextEquiv>
                    <Unicode>man denn da noch für Wünsche haben?</Unicode>
                </TextEquiv>
            </TextLine>
            <TextLine id="tr_1_tl_13" custom="readingOrder {index:12;}">
                <Coords points="672,2051 1594,1943 1910,1953 2137,1898 2192,1936 2345,1924 2502,1898 2510,1819 1883,1847 1773,1890 1640,1859 1542,1902 1472,1867 1300,1926 1021,1895 784,1962 681,1936"/>
                <Baseline points="689,2009 780,2002 871,1997 962,1991 1053,1985 1144,1979 1235,1970 1326,1962 1417,1953 1508,1949 1599,1941 1690,1935 1781,1927 1872,1923 1963,1911 2054,1908 2145,1895 2236,1892 2327,1886 2418,1880 2510,1871"/>
                <TextEquiv>
                    <Unicode>Wirt in: Na, das freut mich, dass es ihnen ge-</Unicode>
                </TextEquiv>
            </TextLine>
            <TextLine id="tr_1_tl_14" custom="readingOrder {index:13;}">
                <Coords points="679,2161 1542,2084 1687,2122 1867,2058 2211,2060 2337,2015 2483,2039 2533,2015 2541,1941 686,2070"/>
                <Baseline points="692,2140 784,2138 876,2131 969,2123 1061,2116 1154,2107 1246,2103 1338,2094 1431,2088 1523,2076 1616,2071 1708,2064 1800,2058 1893,2051 1985,2042 2078,2030 2170,2026 2262,2021 2355,2012 2447,2003 2540,1997"/>
                <TextEquiv>
                    <Unicode>fällt. Und da will ich vorläufig nicht wei-</Unicode>
                </TextEquiv>
            </TextLine>
            <TextLine id="tr_1_tl_15" custom="readingOrder {index:14;}">
                <Coords points="688,2275 834,2285 860,2266 899,2278 978,2263 999,2278 1173,2254 1176,2208 1025,2163 963,2173 896,2213 858,2192 810,2216 693,2213"/>
                <Baseline points="704,2265 729,2265 754,2262 779,2259 804,2259 829,2259 854,2257 880,2255 905,2254 930,2252 955,2250 980,2249 1005,2247 1031,2247 1056,2245 1081,2240 1106,2238 1131,2238 1156,2238 1182,2238"/>
                <TextEquiv>
                    <Unicode>ter stören.</Unicode>
                </TextEquiv>
            </TextLine>
            <TextLine id="tr_1_tl_16" custom="readingOrder {index:15;}">
                <Coords points="688,2416 2510,2287 2607,2266 2615,2184 2027,2261 1855,2235 1391,2299 1166,2275 1064,2335 844,2292 695,2333"/>
                <Baseline points="704,2400 799,2394 895,2384 990,2380 1086,2370 1181,2364 1277,2358 1372,2351 1468,2345 1563,2337 1659,2329 1755,2320 1850,2313 1946,2304 2041,2294 2137,2288 2232,2280 2328,2275 2423,2270 2519,2262 2615,2259"/>
                <TextEquiv>
                    <Unicode>Dorothea: Aber nas fallt Ihnen denn ein, Freu</Unicode>
                </TextEquiv>
            </TextLine>
            <TextLine id="tr_1_tl_17" custom="readingOrder {index:16;}">
                <Coords points="703,2545 784,2553 827,2529 860,2531 884,2555 939,2524 1006,2550 1011,2495 913,2452 865,2474 827,2457 784,2483 741,2457 707,2457"/>
                <Baseline points="719,2522 745,2525 772,2525 799,2524 826,2520 853,2518 879,2516 906,2514 933,2513 960,2513 987,2512 1014,2510"/>
                <TextEquiv>
                    <Unicode>Luise.</Unicode>
                </TextEquiv>
            </TextLine>
            <TextLine id="tr_1_tl_18" custom="readingOrder {index:17;}">
                <Coords points="707,2672 1417,2603 1565,2636 1776,2579 1967,2619 2151,2548 2359,2555 2357,2471 2263,2493 2196,2457 2022,2521 1783,2455 1570,2541 1334,2555 1269,2519 715,2584"/>
                <Baseline points="722,2656 804,2650 886,2641 968,2639 1051,2631 1133,2625 1215,2617 1297,2612 1380,2606 1462,2598 1544,2594 1626,2585 1709,2580 1791,2576 1873,2570 1955,2559 2038,2556 2120,2551 2202,2542 2284,2537 2367,2534"/>
                <TextEquiv>
                    <Unicode>wirt in: Die Herrschaften haben sich ja</Unicode>
                </TextEquiv>
            </TextLine>
            <TextLine id="tr_1_tl_19" custom="readingOrder {index:18;}">
                <Coords points="727,2811 1219,2758 1338,2796 1573,2732 2416,2665 2421,2596 2359,2572 2239,2617 2118,2584 1847,2646 1716,2622 1558,2672 734,2732"/>
                <Baseline points="743,2782 827,2780 911,2772 995,2764 1079,2761 1163,2750 1247,2745 1331,2740 1415,2734 1499,2724 1583,2718 1667,2713 1751,2707 1835,2701 1919,2693 2003,2687 2087,2683 2171,2676 2255,2670 2339,2662 2423,2656"/>
                <TextEquiv>
                    <Unicode>schon längere Zeit nicht gesehen)werden</Unicode>
                </TextEquiv>
            </TextLine>
            <TextLine id="tr_1_tl_20" custom="readingOrder {index:19;}">
                <Coords points="734,2918 2161,2832 2184,2756 2015,2734 1879,2782 1477,2813 1358,2782 1193,2837 1128,2803 736,2861"/>
                <Baseline points="746,2916 821,2908 897,2903 973,2893 1048,2890 1124,2885 1200,2880 1276,2873 1351,2867 1427,2864 1503,2854 1579,2849 1654,2843 1730,2838 1806,2830 1882,2825 1957,2818 2033,2814 2109,2812 2185,2809"/>
                <TextEquiv>
                    <Unicode>sich vielerlei zu erzählen haben.</Unicode>
                </TextEquiv>
            </TextLine>
            <TextLine id="tr_1_tl_21" custom="readingOrder {index:20;}">
                <Coords points="731,3057 2636,2921 2641,2856 2466,2830 1795,2916 1381,2916 1154,2980 1042,2935 851,2995 741,2935"/>
                <Baseline points="746,3041 840,3036 935,3029 1030,3023 1125,3019 1219,3008 1314,3001 1409,2993 1504,2986 1598,2977 1693,2968 1788,2961 1883,2958 1977,2949 2072,2942 2167,2935 2262,2926 2356,2918 2451,2914 2546,2907 2641,2904"/>
                <TextEquiv>
                    <Unicode>Dorothen: Die Herrschaftenl Aber,Frau luise,</Unicode>
                </TextEquiv>
            </TextLine>
            <TextLine id="tr_1_tl_22" custom="readingOrder {index:21;}">
                <Coords points="748,3172 1085,3181 1238,3133 1367,3174 1642,3117 1807,3157 1929,3095 2541,3042 2526,2954 2380,3007 2115,2985 1714,3062 753,3083"/>
                <Baseline points="761,3167 850,3167 939,3160 1028,3154 1117,3146 1206,3137 1295,3133 1384,3122 1473,3116 1562,3110 1652,3103 1741,3098 1830,3092 1919,3083 2008,3077 2097,3071 2186,3062 2275,3056 2364,3050 2453,3044 2543,3035"/>
                <TextEquiv>
                    <Unicode>wie reden Sie denn zu unst Marum sind sie</Unicode>
                </TextEquiv>
            </TextLine>
            <TextLine id="tr_1_tl_23" custom="readingOrder {index:22;}">
                <Coords points="755,3329 1303,3267 1422,3308 1506,3265 1735,3289 1888,3217 2242,3236 2354,3183 2502,3193 2510,3107 2395,3085 2036,3155 1938,3100 1628,3183 1561,3155 1417,3198 1171,3183 973,3243 762,3229"/>
                <Baseline points="770,3298 857,3295 944,3289 1031,3280 1118,3277 1205,3266 1292,3263 1379,3255 1466,3248 1553,3240 1640,3233 1727,3227 1814,3220 1901,3214 1988,3208 2075,3202 2162,3196 2249,3190 2336,3184 2423,3176 2510,3167"/>
                <TextEquiv>
                    <Unicode>so frend? Mir ist es, als wenn ich gstorn</Unicode>
                </TextEquiv>
            </TextLine>
            <TextEquiv>
                <Unicode></Unicode>
            </TextEquiv>
        </TextRegion>
    </Page>
</PcGts>
