2968 3608
673 327 1499 496 Det Keblennr Frolenen
1615 349 1983 496 Ser
533 581 2298 768 Bruno: (lacht) Na und senst wer Bekannter
533 743 692 845 da?
567 874 2380 1000 Wirt in: Herr Doktor werden ganz ungestört
535 998 768 1114 seinf
535 1107 2441 1264 Bruno: Ner sagt Ihnen,dass ich auf Ungestört
528 1249 2370 1404 heit reflektiere? Es könnt ja am Ende auch
552 1366 2332 1516 meine Frau sein,die mit dem späteren Ziig
530 1508 1068 1642 hera us kommt.
1930 1499 2455 1627 nt unteuert
1271 1523 1780 1642 sunder milt u.
1407 1567 2053 1663 wort eie - Ubrgeritb.
521 1615 2334 1772 Wirt in: Sie sind verheiratet,Herr Doktor?
521 1763 2366 1903 Hätten einer alten rreund in auch eine Ver-
511 1891 1930 2029 mählurgsanzeige schicken können.
2242 1915 2470 2053 4
521 2024 2370 2160 Bruno: Es ist in der Zeitung gestanden.Ich
516 2145 2053 2295 habe nieganden separat verständigt.
513 2269 2322 2424 Wirt in: Also gratuliere nacht räglich,Herr
516 2416 833 2525 Doktor.
516 2499 2429 2683 Bruno: Danke schön. Nächstes komme ich wirk
508 2663 2395 2806 lich einmal mit meiner Frau heraus.Sie wird
508 2784 2276 2935 Ihnen ausgezeichnet gefallen.Elli heisst
511 2922 2416 3073 sie. Jetzt ist sie für ein paar Tage bei ih-
511 3053 1961 3206 ren Eltern auf dem Gut in Ungarn.
487 3184 2433 3370 Wirtin: Das haben Sie sich aber sehr gut ein
