3000 3672
430 538 2242 743 kriegt. Aber die Mutter war natürlich auch
1291 736 2029 863 Faalen Resener 1
443 778 655 885 dort.
496 802 2318 1000 Bruno: Aber -Au bist mir je keine rechen-
457 917 2267 1156 schaft schuldig Nerethea Fräulein Brien.
457 1044 2345 1286 Dorothea: Ia über den Namen brauchst du die
469 1147 2399 1394 nicht lustig zu machen,den haben wir ja noch
482 1340 1408 1518 gemeinsam ausgesucht.
482 1447 2330 1650 Bruno: Neil dir Brandmayer nicht schönn ge-
494 1660 861 1778 nug war.
506 1699 2443 1929 Dorothea: Ach mir wär das ganz egal gewesen,
501 1822 2394 2017 aber der Agent hat damals gleich gesagt, -du
550 1944 2403 2186 weisst ja, -es wär gescheidter,ich nähm mir
521 2066 2369 2308 einen andern Namen.Hat mir auch wirkililich
533 2286 1245 2425 nicht geschadet.
521 2335 2467 2538 Bruno: Cewiss nicht, obwohl ich übezeugt bin,
535 2474 2396 2687 dass du auch als Fräulen Brandtmayer..-Je
545 2609 2445 2792 denfalls hast du sehr geschwind Carriere ge-
548 2714 2315 2951 macht.Ich ffeue mich vom Herzen.Jd, dajit
553 2809 2469 3095 hätte ich eigentlich anfangen sollen yGratu-
575 3081 836 3196 liere.
572 3095 2543 3320 Dorothea: Ich danke dir.Ich danke dir wirklib
