2872 3416
555 442 2462 614 Dorothea: Aber bilde dir doch nichts ein.Das war
555 605 2379 737 alles schon in mir. Gar nichts hast du aus mir
560 718 2531 860 gemacht,alles war schon in mir und noch viel mehr,
541 867 2467 1012 mancherlei,was ich selber noch n icht kenne,aber
511 995 1288 1099 ich ahne es schon.
622 1130 2499 1248 Bruno: lein, nein.du mast nicht so. Du warst ein
553 1231 2497 1396 süsses, holdes Geschöpf(meine Idee war es, dass wir
555 1376 2342 1529 auseinander mussten. (Wenn ich nicht auf diese
1828 1467 2003 1563 d. F.
553 1514 2504 1664 unglückselige Ideg gekommen wäre - und an mir hat
553 1617 1295 1816 es sich g.rächt.)
548 1764 2298 1887 Dorothea: Aber was redest du denn.Nichts als
550 1892 2342 2025 Hypochondrien.Du bist zu schwerfüllig.Wenn du
550 2027 2367 2163 erst die Skrupel los bist wirst du in ganz an-
548 2158 2369 2340 dere Stimmung kommen, wirst du wieder herrliche
541 2300 1241 2411 Sachen schreiben.
607 2391 2529 2521 Bruno: Wieder - ierrlich, Was hab ich denn für
541 2504 2374 2711 herrliche Sachen geschrieben? Weisst du nichts
538 2657 1939 2829 mehr von deinen Gedichten an mich?.
533 2789 2290 2961 Bruno: Nein. Und wenn auch., Seither habe ich
541 2954 2438 3094 jedesfalls nichts Herrliches mehr gemacht.Ueber-
536 3067 2408 3249 haupt nichts mehr. Mit meinemxxk dir hab ich
