2792 3368
523 304 2453 545 Dorothea: Du hast ja recht. Und wenn man bedenkt,
515 520 2397 681 dass ich sie dir alle mit einem Morte aufklören
515 654 866 759 könnte-
518 785 1624 926 Pruno. Nun, was hindert dich?
515 926 2020 1011 Dorothea: Dein llisstrauen,mein Freund.
515 1031 2390 1191 Bruno: Misstrauen - weil man nicht gleich alles
513 1169 812 1318 glaubt?
518 1279 2412 1437 Dorothea: Du glaubst gar nichts,das ist es eben.
518 1408 2453 1566 Du glaubst mir nicht einmal,wenn ich die Wahrheit
520 1554 2378 1712 spreche. Ich meine, du glaubst mir nicht einmal:
532 1680 2429 1802 ja, sag mir nur,was fir einen Grund hätte ich dir
506 1802 2400 1952 die Unwahrheit zu sagen. Ich hatte und habe kei-
515 1945 2465 2088 nerlei Verpflichtungen. Ich hätte schliesslich in
518 2067 2448 2205 diesen zwei Jahren tun und treiben können,was ich
535 2198 2446 2329 wollte, jede andere hätte das an meiner Stelle ge-
520 2317 2256 2426 tan. Aber sie wäre dann wahrscheinlich nicht
515 2463 2426 2582 pünktlich nach zwei Jahren - was für einen Grund-
515 2587 2154 2725 hätte ich denn - Es ist nicht recht von d
1848 2677 2200 2762 entweihen.
2268 2723 2526 2864 ikten.
1989 2740 2120 2832 Zu
503 2733 1755 2874 diese schöne Stunde durch Miest
