2856 3384
540 271 2168 497 Dorothes: Viemals würde ich ihn heiraten.
538 474 2396 676 Bruno: (auflachend), auf ihren King deutend) Ich
520 622 2501 804 habe das auch nie für einen Verlobungsring gehal-
520 745 699 840 ten.
515 860 2066 1029 Dorothe-: Das ist er ja wirklich nicht.
509 998 2463 1160 Bruno: M Um all das handelt es sich ja nicht. Ich
504 1155 2455 1308 leugne ja auch meine Frau nicht ab,dar ber müssen
502 1265 2440 1426 wir ja wohl beide hinwegsehen, das ist nun einmal
499 1416 2332 1572 nicht aus der Welt zu schaffen. Um die Zukunft
492 1531 2440 1697 handelt es sich. Ich lassemich scheiden. U; in je-
1905 1638 2063 1723 uns
484 1656 2317 1795 dem Fall, auch wenn du - auch wenn wir in einer
476 1779 2514 1940 halben Stunde auf ewig wieder son einander trennen
481 1912 2386 2089 sollten. Denn meine Heirat war etwas meiner Un-
479 2043 2401 2199 würdiges. Damit sage ich nichts gegen meine Frau,
468 2186 2371 2342 sie ist ein vortreffliches Wesen. (Aber wenn sie
458 2301 2240 2481 nicht reich gewesen wäre.)Es handelt sich nur
448 2435 2463 2604 darum, ob du bereit bist deinen Münchner Verlobten-
445 2560 2284 2737 Dorothea: Warum Münchner? E r - ich meine,den
435 2696 2493 2872 lann, den du meinst und mit dem du mich verdächtigst,
433 2808 1595 2957 lebt ja gar nicht in München.
415 2967 1856 3144 Bruno: Aber du sagtest doch selbst-
