2984 3624
667 621 1628 782 gerichtet,Herr Roktor.
669 792 1253 906 Bruno: Wieso?
671 807 2582 1038 Wirtin: Na ja, wenn man die Frau Gemahl in Im
676 980 2538 1176 mer gle ich zu den Schüiegereltern schicken
683 1101 2543 1304 kann auf ein Gut - bei solchen Gelegenhei-
1910 1236 2613 1401 Werdeleen kan gele
693 1328 886 1442 ten.
739 1345 2599 1548 Bruno: Liehe Frau Luise, Sie sind auf einer
749 1534 1676 1674 ganz falschen Fährte.
712 1623 2606 1838 Wirtin: Bitt um Entschuldigung,Herr Doktor.
708 1756 2533 1978 Bruno: Sie werden mir doch nicht zumuten,
712 1867 2652 2091 dass ich nach einer zweijährigen(glücklichen
727 2099 978 2219 rhe-
744 2120 2548 2316 Wirt in: Bitte nochmals um Entschuldigung,
749 2256 2512 2461 Herr DoktordEs ist der reine Zufall, dass
751 2338 2690 2594 ich gerade sechs und sieben frei ghäbt habe.)
753 2512 2611 2714 Und es ist auch eine Doppeltür dazwischen,
768 2693 2046 2835 von beiden Seiten gschlossen.
766 2775 2678 3007 Bruno: Na Cottse idank.Stehn vielleicht auch
778 2927 2154 3118 Fästeh beiderseits vor der Rür?
1925 3021 2171 3113 oyl erer
785 3021 2601 3292 Wirtin: Das kann gleich gesohehen. (wendet
787 3176 2466 3415 sich um, als wollte sie jemanden rufen)
