3000 3672
2275 465 2407 558 24
590 563 2554 744 Bruno.Und ich gratuliere dir auch vom Herzein
610 698 1349 813 Bruno: Nozu den1?
597 815 2483 980 Dorothea: Zu deiner Verheiratung natürlich.
597 943 2343 1104 pruno: Das hast du ja schon getau.Es war
593 1065 2527 1227 ja schon der Termin der Hochzeit festgesetzt,
578 1207 2334 1374 wie wir uns - damals Adieu gesagt haben.
600 1335 1665 1472 (Ma rie bringt den Kaffee,
580 1484 2495 1626 Dorothe: Woist denn die Ffau Luise?Sie hat
566 1597 1802 1719 doch mit uns jausnen wollen.
566 1714 2520 1863 Mar ie: Die gnä Frau lasst sich entschuldigen
566 1849 2446 2015 es sind grad Herren von der Gemeinde da. So-
556 1981 1406 2113 bald sie frei ist-
1624 2062 2510 2219 vonkenehmet d Non¬
556 2086 1584 2221 Dorothea: (nickt rasch).
1687 2167 2223 2287 inde Ge
1660 2243 2128 2331 dine min er
556 2236 1048 2365 Marie: (ab).
541 2363 2084 2508 Dorothea; Darf ich dir einschenken?
539 2498 1435 2608 Bruno: Bitte, (P use
544 2623 1903 2740 Dorothéa: Also,es geht dir gut?
536 2774 1680 2897 Bruno: Kann nicht klagen.
529 2894 2072 3029 Dorotheg: Und deiner Frau Gemahlin?
529 3005 2373 3203 Bruno: Meiner Frau gehts auch gut. (Pausd.
