3016 3624
550 662 931 785 einen Tas
555 742 1597 887 Wirti n: Und eine Nacht:
2191 793 2322 926 pan
567 807 2169 1030 prans; da 608on sonno mintor8ärge tal
1069 962 1769 1120 ken war machtes in
582 1054 986 1180 machtles.
582 1047 2387 1314 Wirtin: Und Sie haben sich für alle Fälle
594 1197 1968 1428 den grossen Koffer mitgebracht?
616 1314 2404 1551 Brunk: Er staht ja auf der Bahn. Und übri-
1505 1466 1665 1527 eiles
1033 1478 1333 1573 Allerden
623 1445 2479 1677 fehs -für den Fall,dass sie nicht kount häi
616 1571 2421 1808 de ich die Absicht eine Woche allein hier
625 1694 2569 1934 auf dem Luisenhof zu bleiben und zu arbeiten
611 1801 2564 2070 (oder nehmen Sie mich für so lange nicht auf
652 1941 2535 2230 be ist ja noch genau so sohen bot innen ale
654 2082 2511 2336 es nar-Gott,aterk no. bin ich üboralt bone-
676 2196 2523 2446 den in diesen letzten drei Jahren. Mir sind
688 2351 2443 2574 näglich viel gereist meine Frau und ich.
688 2453 2564 2700 aber ich glaube, wenn wan nich mit verbundei
700 2589 2567 2850 nen hüben da hor haubern nöchte, oinfach au
710 2732 2635 2984 ceruch würde ich s werken, dass ich in Garten
715 2860 2550 3095 von Luisenhof sitze. (er sieht auf die Ohr.
715 2996 2535 3250 Wissen sie, Frau luisg, ich wäre jedesfalls
747 3093 2661 3357 hiehergekonmen für acht Tage, ehnax auch ohne
