2984 3608
448 1515 725 1615 Mar iet
402 2046 722 2157 Wirtin:
436 2180 722 2265 Marie:
397 2433 706 2520 Wirtin:
391 2565 667 2648 Marie:
436 2694 752 2790 Wirtin:
436 3083 720 3166 Marie:
846 591 2518 740 Holen Sie das blaue Glas mit den golde-
846 744 2469 880 nen Verzierungem aus meinem Zimmer.Dg
854 867 2474 986 geben sie die Blumen hinein, (mehr für
848 997 2461 1141 sich) Wir müssen überhaupt Blumenglä-
842 1116 2535 1228 ser arschaffen. (notiert etwas auf eines
833 1254 2542 1392 der Couverts) Und Nümero sechs ist auch
846 1394 1422 1507 in Ordnung?-
873 1507 2490 1674 Die gänze Etage ist jetzt fertig,gnät
1753 1598 2019 1679 (will gebe
876 1643 2542 1772 Frau,von eins bis neun Akan bitt schön
892 1768 2497 1898 gnä Frau,die Türe zwischen sechs und
876 1910 2461 1993 sieben -soll sie zu sein oder offen?
839 2044 1422 2155 Zu natürlich.
882 2163 2348 2261 Na ja aufmachen können s die Herr-
878 2282 2365 2399 schaften immer noch bei der Nacht.
882 2410 2580 2554 Was geht den das Sie an,vorlaute Grede-
916 2533 2365 2652 Und sonst ist nix für heut Abend?
888 2680 2410 2788 (auf die Briefe weisend) Lauter Be-
873 2794 2476 2937 stellungen dast für die Pfingstfeier-
882 2935 1111 3056 lage-
869 3024 2429 3213 Dann brauchet wan Frei Häuser statt
869 3198 2520 3353 einem und die wären auch noch zu wenig
