2856 3416
575 429 2519 567 noch verschiedenes anderes verloren f mein Glück,
580 580 1106 697 mein Talent-
587 675 2406 845 Dorothea: (ernsthaft) Es war abgemacht, dass dur
580 800 1608 963 mir nicht den Hof machst.
590 911 2519 1071 Bruno: Ich meche nicht den Hof.Ich spreche ja von
582 1066 2504 1182 dz« Doroth ea, die du einmal warst. Ich konstatie-
582 1197 2426 1342 re nur, ich bin ein Harr gewesen.Ich habe etwas
587 1322 2544 1475 Unsinniges gemacht, ich habe ein Verbrechen began-
592 1460 2283 1603 gen. Aber es soll wieder gutgemacht werden.
1141 1563 1272 1673 p7.
582 1598 1889 1746 Lorothea; Was Tl1t dir denn ein?
1222 1713 1475 1846 ennung.
1490 1724 2358 1856 war gewissermassen ein
580 1736 1159 1882 Bruno: Unsere!
1274 1859 1435 1979 n:
1814 1859 2476 1982 in unseres. Wesens-
1440 1859 1716 1989 lcht in
582 1867 1036 2002 Kunstproduk
1332 1979 2464 2100 Nach einem vorgefassten elan,
590 1989 1164 2117 und unserer Lie
582 2102 2401 2245 nach einem idiötischen Frogrammn haben wir uns
595 2233 2481 2383 zu etwas entschlossen,wozu ein wirklicher Anlass
590 2378 2609 2516 nicht vor lag. Es kann noch alles wieder gutgemacht
590 2504 1495 2649 werden. Alles, Dorothea.
577 2627 2406 2797 Dorothea: Nein. Jetzt ist es zu spät.Du weisst
580 2785 873 2890 nicht-
590 2875 2496 3041 Bruno: Ich will auch nichts wissen. Wir streichen
592 3026 2534 3174 diese letzten zwei Jahre aus unserem Leben.Ja, wir
