4393 3688
2342 851 3866 1061 der unertullbare Forderungen gestellt
541 863 2164 1086 da sonst alle Theater zusammenbrechen
2354 995 3911 1173 hat, ein Resultat erzielt. Auch mit
553 1016 2115 1189 wurden. Ohne Licht sind ja auch keine
2338 1099 3915 1239 Edthofer wird hier in Berlin verhandelt.
553 1115 1264 1268 Proben möglich.
2333 1185 3849 1371 Übrigens zweifelt Herrmann Thimig.
595 1227 2143 1384 Ich raffe meinen ganzen Optimismus
2342 1305 3899 1479 dass sein jüngerer Bruder die Eignung
599 1330 2164 1466 zusammen, denn ohne den versinkt
2358 1392 3787 1582 für „den gingen Herrn“ besitgt. Es
611 1421 2057 1586 man rettungslos. Sie können sich
2358 1499 3866 1689 wird jedenfalls alles getan, um eine
591 1512 2061 1664 in Theur behagtiden Heim Kaum
2371 1615 3899 1805 ausgezeichnete Aufführung zustande.
599 1611 2152 1801 einen Begriff machen, von den Lorgen,
607 1718 2156 1896 die unter dem Druck der Zeitvertält.
2375 1706 3911 1916 zubringen. Das kleine Schauspiel
3680 1834 3779 1912 7bre
3820 1834 3911 1912 G.C.
607 1830 2123 2003 nisse auf einem lasten. Man ist
2371 1838 3874 2032 hans wird ganz auf diese Sache
2371 1953 3936 2119 gestellt werden. Es soll so disponiert
611 1941 2115 2119 vollkommen von der Gnade der Arbeiter
611 2077 1032 2247 Abhängig.
2371 2061 3961 2230 werden, dass der "Reigen" ununterbrochen
636 2172 3957 2354 Ich will sie aber mit diesen Dingen nicht die gegen gepielt wird, falls die Erwartungen sich
640 2292 2127 2461 langweilen, sondern Ihnen sachlich mit¬
2391 2292 3382 2445 mir an nähernd erfüllen.
2416 2379 3849 2515 Gefolgedessen wollen wir aus Taktischen
636 2391 2086 2569 teilen, dass ich, um die Besetzungs-
2416 2470 3948 2647 Gründen ihn auch nicht als ein Gastspiel
636 2495 2164 2680 schwierigkeiten zu klären, der Agent Held
2416 2585 3804 2722 des Deutschen Theaters ankündigen,
636 2606 2057 2788 nach Wien abgereist ist, damit er mit
2416 2672 3829 2792 denn ich möchte auch nicht den Neid der
628 2734 2053 2928 Mlinger und auch mit Thimmig,
2420 2788 3932 2941 Presse leute heraufbeschwören, zumal ich
