4488 3577
954 815 1231 974 G.C.H.P
745 935 2148 1070 unter der Begründung. Konventionalstrafe für Termin-
745 1057 2139 1168 überschreitung der Aufführung des Schnitzler'schen
1533 1120 2185 1231 Ich habe darum gebeten,
751 1155 1388 1259 Werkes "Die Schwestern“.
743 1222 2174 1375 mir eine doppelte Quittungsausfertigung einzusenden
752 1309 2218 1431 und ich werde mir erlauben, Ihnen je ein Exemplar als
749 1412 1318 1540 Beleg einzuschicken.
860 1481 2209 1623 Hiermit dürfte die Angelegenheit “Schwestern“ Ih-
754 1577 1819 1708 rem Wunsch entsprechend geregelt sein.
841 1660 2252 1788 Gestatten Sie mir, sehr verehrter Herr Doktor, Ihnen
769 1751 2157 1867 für Ihr aussergewöhnlich grosses Entgegenkommen im
764 1810 2191 1974 Namen des Herrn Direktor Hollaender nochmals zu dan-
762 1967 897 2054 ken.
849 1978 2241 2133 Darf ich Sie bitten, nachdem nun das der Erwerbung
769 2117 2254 2218 des "Anatol" entgegenstehende Hindernis beseitigt ist,
775 2178 2239 2324 uns Ihre Vertragsbedingungen bald mitzuteilen, damit
773 2280 2145 2418 die formelle Erwerbung des Stückes erfolgen kann.
778 2377 2206 2501 Die Tantiémengarantie von 10 000 M, die ja einen Be-
780 2457 2248 2577 standteil des Anatol-Vertrages bildet, werden wir, wie
793 2564 2204 2753 Sie es wünschen, der hiesigen Filiale der Deutschen
2732 869 4180 1067 Bank, Depositenkasse P., Potsdamerstrasse 96, auf Ihr
2734 1006 3198 1141 Konto einzahlen.
2877 1094 4147 1253 Mit den ergebensten Grüssen seitens des Herrn
2928 1196 3866 1320 Direktor Hollaender verbleibe ich
3089 1303 4001 1442 in ausgezeichnetster Hochachtung
3163 1403 3873 1527 Deutsches Theater — Kammerspiele
3306 1483 3751 1560 Großes Schauspielhaus
3283 1534 3757 1612 = Betriebagesellschaft m. b. H. =
3298 1586 3773 1719 St. Rosey.
3357 1675 3733 1790 Verwaltungsdirektor.
2387 2668 2607 2853 Ro/Sch.
