4376 3687
1274 903 2988 1077 Eja, bald darauf die Schwestern“ terausbringen
1248 1041 2907 1188 möchte und nur von den Pressemeischen das Konzept nicht
1410 1109 2070 1232 verderben lassen will.
1261 1149 2991 1311 Sie können mir in allen diesen Dürgen
1208 1254 2923 1421 vertrauen, da misre Intressen unbe¬
1331 1359 2859 1552 dingt zusammen gehen. Dein Maler
1370 1480 2975 1642 Kaiser herbe ich das Buch gegeben, weil er
1223 1576 1337 1690 Séance
1366 1579 2892 1750 für Ihre Dichtung ein starkes Intresse
1370 1671 2909 1833 hat und sich seit langer Zeit bereits
1206 1800 2894 1938 mit Illustrationen zum Reigen befasst.
1219 1901 1302 1971 a
1248 1901 2828 2048 Er wird nur und dem Regisseur
1298 1993 2934 2168 Hubert Reusch Vorschläge vegen des
1256 2065 2997 2236 scenischen Rahmens machen. „Reigen“ voll
1390 2208 3023 2309 wie ich bereits oben erwähnte, schon im November
1383 2293 2980 2427 heraus kommen. Ich möchte nun gleichzeitig
1359 2368 2977 2535 die Frage an Sie richten, ob wie, im Falle des
1223 2370 1342 2545 be
1408 2464 3043 2629 Erfolges, das Stück auch in einigen grossen Stäcken
1412 2532 3030 2673 und im ventralen Auslande aufführen dürfen.
1410 2624 2993 2776 Wer erteilt das Aufführungsredt. — Über die
1263 2622 3008 2822 genaue Befehrung der „Schwestern“ schreibe ich Ihnen noch¬
1283 2765 3043 2896 Nach denke jedoch, es wird sich an meinen Vorschlägen nichts Wesentlides
1289 2877 1546 2988 andern.
