4472 3561
1859 739 2204 858 *36,d. CM uille
1368 739 1701 871 I sey xxx
1467 739 3203 934 Dinge so, dass der Direktor den Schauspielern gegenüber macht-
2153 875 2598 934 (ouvrij~t~t&t~v~tO
1463 908 3186 1011 los ist, wenn sie ihm die Rolle zurückschicken. Wollte ich die
2766 949 2859 1007 1773
2436 957 2695 1016 G.H.F.P.
1470 975 3164 1098 äussersten Konsequenzen ziehen, müsste ich 2/3 meiner ersten
1474 1078 3110 1184 Schauspieler für kontraktbrüchig erklären und könnte meine
1483 1130 3166 1297 Theater schliessen. Die Schauspieler sehen ihre schauspiele-
1474 1245 3173 1385 rische Tätigkeit als einen holden Luxus an, den sie sich ge-
1480 1344 3190 1442 statten können und bestenfalle als Gefälligkeit gegen den Di-
1478 1424 3166 1552 rektor, dem nicht einmal das letzte Machtmittel der Kontrakt-
1476 1511 3199 1627 bruchserklärung mehr nützt, weil sie ihre Rückendeckung durch
3041 1578 3151 1690 P.
2801 1610 2916 1701 G.F.P
1467 1630 1958 1744 den Pilm haben.
1571 1710 3225 1800 Ich bekenne aufrichtig, dass ich im Falle der „Schwe-
2894 1766 3050 1815 G.C.P
1487 1787 3173 1889 steram der sich türmenden Schwierigkeiten nicht Herr zu wer-
1487 1878 3186 1999 den vermochte. Es ist mir auch bis heute bei redlichstem Be-
1487 1949 3110 2094 mühen nicht gelungen, die Absicht dieser Aufführung ihrem
1489 2060 3155 2179 Ziele näher zu bringen. Ich habe bis auf den Kasanova keine
1498 2131 3218 2259 Besetzung durch die das stück gesichert wäre, und die der neue
1506 2241 3138 2343 Regisseur, den ich für die Inszenierung interessiert habe,
1502 2319 3142 2431 der ausgezeichnete und erfolgreiche Dr. Reich, akzeptiert
3073 2393 3155 2451 P.
2522 2440 2613 2488 a-dess
1502 2436 1723 2557 hätte.
1755 2416 3140 2555 Nun will ich Ihnen auch klaren Wein darüber ein-
1718 2539 1945 2606 se même ou
1506 2520 3155 2652 schenken, warum und wieso die Hofmannsthalsche Aufführung
2797 2609 3153 2747 zustande
