4440 3657
2544 1153 3950 1270 hauses wird sich entgegen unseren Hoffnungen nicht
2554 1266 3900 1363 am 1. September erwarten lassen. Ich muss viel-
2550 1354 4114 1445 mehr leider annehmen, dass sie sich soweit hinausschiebt
2554 1441 4011 1507 dass ich gerade noch im Dezember mit den wichtigsten
2542 1500 4059 1610 Regieaufgaben für das "Grosse Schauspielhaus" belastet
2550 1609 3948 1698 bin. Es ist daher zu meinem Bedauern nicht sicher,
2556 1673 3989 1784 ob ich zu dem von Ihnen gewünschten Termin - 20. De
2560 1774 3983 1898 zember 1919 - unter meiner Regie den Reigen heraus-
2550 1869 2941 1961 bringen kann.
2669 1941 4009 2036 Ich möchte Sie recht herzlich bitten, in unserer
2583 2038 4001 2143 beider Interesse es bei dem von mir vorgeschlagenen
2560 2126 3841 2217 Termin - 31. Januar 1920 - belassen zu wollen.
2688 2198 4032 2316 Hinsichtlich aller anderen Punkte und hinsicht-
2554 2287 4001 2377 lich der Aufführung der "Schwestern" freue ich mich,
2548 2371 4059 2488 dass bereits vollkommenes Einverständnis erzielt ist.
2682 2466 3935 2565 Lassen Sie mich hoffen, dass Sie sich meinen
2554 2558 3933 2678 leider sehr triftigen Gründen nicht verschliessen
