4488 3577
1925 776 2298 880 G.C.M.F.M
1576 747 1780 893 G.C.H.F.P.
2018 849 2285 911 G.C.F.P.P
1467 865 3160 969 meinen Kräften stand, zu helfen, lag noch der interne Grund
1476 931 3189 1060 vor, dass Moissi in dieser Spielzeit noch keine einzige, sei-
1471 1025 3160 1162 nem Wunsche entsprechende Rolle gespielt hat. Sie müssen es
1489 1116 3247 1256 verstehen, dass es mir unmöglich war einen Schauspieler, dessen
1498 1213 3209 1345 Wichtigkeit für meine Theater ich nicht zu schildern brauche,
2727 1291 2923 1360 H.H.F.P.
1656 1302 2069 1374 bevorstehenden
1476 1300 3243 1451 in seinen Urlaub mit dem Gefühl der Enttäuschung gehen zu las-
2176 1409 2349 1465 resterme
1487 1416 3265 1527 sen. In Verbindung damit, dass Moissi an dem Hofmannsthal-Abend
2303 1494 2407 1542 A.S.
1489 1496 3200 1598 spielte - die Dinge entbehren nicht eines gewissen komischen
1489 1574 3236 1711 Zusammenhangs - liess sich auch die Terwin geneigt finden, ge-
1491 1667 3240 1796 rade an diesem Abend, wenn auch in einer kleinen Rolle, mitzu-
1496 1778 3280 1885 wirken. Hier fand sich also, was zu finden sehr kompliziert war,
2705 1840 2785 1896 G.P.
2365 1842 2551 1898 G.C.H.F.P.P
1496 1851 3243 1962 für die Kmmerspiele ein Stück und eine Besetzung gleichzeitig
2740 1929 2840 1985 G. P.
2369 1929 2603 2002 Jasdabr.
1494 1940 3243 2078 mit den figurenreichen Aufführungen des Deutschen Theaters und
2549 2020 2940 2076 xxxab nejseow
2125 2031 2383 2082 tammonso
1609 2036 1780 2094 eatsd
1491 2065 3234 2136 des Grossen Schauspielhauses (Cäsar und Kleopatra und Florian
2238 2109 2736 2162 dold eeilfte.
1500 2118 3254 2229 Geyer). Aus all dem Angeführten sehen Sie, wie viel mir daran
2751 2198 2843 2251 en
2378 2198 2509 2258 roisir les
1498 2207 3245 2323 gelegen ist Ihnen durch die tatsachengetreue Darstellung sach-
2394 2298 2474 2349 aab
1498 2300 3254 2398 licher Erwägungen, nicht durch Ausflüchte und Redensarten, ein
2069 2387 2160 2454 G.H.F.F
1489 2405 3200 2507 Bild der Zwangslage zu geben in der ich mich befunden habe.
1500 2485 3260 2616 Diese meine Zwangslage ist viel ernster, als Sie sich, fern vom
1496 2591 3203 2731 schusse, in Wien vorzustellen vermögen. Ich habe die Leitung
3043 2685 3154 2780 der
