4488 3560
1853 626 2249 734 née le conseil.
1951 686 2233 754 J.A.W.K.P.
1631 666 3084 815 Sie die „Schwestern“ frei zu haben wünschten,
3010 768 3138 835 Toutes les
2636 776 3214 925 eit eine Besetzung
1635 776 2598 955 falls ich nicht in absehbarer
2886 909 2996 959 admissées
2736 909 2836 963 IJ-T-Dit
1647 927 3150 1075 nennen könnte, die den Erfolg des Stückes nicht
1619 1041 3082 1167 gefährdet. Falls es meinen Bemühungen in den
1651 1153 3156 1293 nächsten Wochen nicht gelingen sollte, die drei
1649 1271 3256 1379 Hauptrollen in vollkommen entsprechender Besetzung
1661 1331 3194 1489 zu finden, so werde ich, so schwer es mir fällt,
1659 1435 3202 1593 Ihrem Wunsche Rechnung tragen. Ich kann es weder
1659 1539 3182 1701 in Ihrem noch im Interesse des Theaters ein zei-
1665 1637 3180 1829 tes Mal riskieren, die Proben mitten in der Ar-
2448 1731 2538 1831 G.H.F.P.
1665 1783 2357 1905 beit zu unterbrechen.
2397 1803 2532 1885 G.C.F.P.
1815 1847 3116 1995 Die Neutralischen Verhältnisse in Berlin
2554 1921 2762 1983 S. A. M.
1645 1899 1757 2009 G.C.F.P
1677 1915 3174 2091 spitzen sich immer mehr zu, man hat keinen Ein-
1677 2057 3188 2191 fluss mehr auf die ersten Schauspieler, die nur
1683 2163 3208 2301 die grossen, tragenden Rollen spielen wollen und
1677 2267 3114 2391 dieses Stück mit zweiten Kräften zu besetzen,
1585 2371 2898 2480 hiesse sich schwer an ihm versündigen.
1841 2438 3234 2596 Am 22. Dezember ist die Premiere im Kleinen
2404 2524 2484 2574 .2.
1691 2526 3194 2688 Schauspielhause angesetzt. Herr Reusch hat sich
