3808 3705
1709 686 2493 818 Berlin, den 31.Dezember 1918
888 886 1446 1019 Deutsches Theater zu Berlin
1111 1100 2032 1246 Herrn Dr. Arthur Schnitzler,
1529 1238 2586 1315 Wien XVIII, Sternwartestrasse 71
1533 1312 1614 1363 -- —
743 1435 956 1803 Dol,iiässtelmänistel
1111 1412 1971 1542 Hochverehrter Herr Doktor,
1589 1495 2646 1620 Jm Auftrage Professor Reinhardts
1125 1595 2584 1729 danke ich Jhnen herzlichst für Jhre freund -
1115 1699 2223 1820 lichen Grüsse und Jhre Mitteilung.
1276 1777 2654 1913 Wir nahmen zur Kenntnis, dass Sie zunächst
1132 1901 2544 1996 von einer Aufführung des "Reigen" in Wien
1125 1967 2633 2075 absehen, vor allem aber von Jhrer freundlichen
1125 2077 2580 2183 Zusage, falls Sie sich doch zu einer öffent -
1125 2162 2642 2296 lichen Aufführung des "Reigen" entschliessen,
1117 2264 2400 2380 sich zunächst an uns wenden zu wollen.
1280 2338 2506 2465 Mit herzlichsten Grüssen und Wünschen
1790 2451 2406 2578 Jhr sehr ergebener
1586 2580 2451 2799 Arthur Kanane
