4472 3578
2264 789 3028 967 Berlin WW. 6, den 16/10
2266 904 2557 1002 Schumannstr. (5a.
1347 988 2069 1126 Deutsches Theater. Kmmerspiele
1482 1097 1975 1179 Großes Schauspielhaus
1494 1158 1918 1264 Betriebsgesellschaft m. b. H.
2193 1166 2286 1303 G.F.P.
2134 1299 2238 1437 II
1646 1473 3122 1620 sich die Regiearbeit Reinhardt's, die ja für
1650 1569 3183 1717 die ersten Scenen feststand, mit grosser Umsicht
1654 1699 3122 1849 zunutze gemacht und diese starke Anregung auch
1370 1664 1457 1811 Päivä läänissä.
1658 1819 3099 1918 auf die folgenden Scenen übertragen. Wenn sich
1650 1904 3191 2040 nur ein Teil der Hoffnungen erfüllt, (das Kleine
1646 1971 3144 2128 Schauspielhaus setzt ein Vermögen an diese Auf-
1656 2067 3126 2215 führung) so wird dem Theater geholfen sein und
1656 2181 3239 2335 Sie werden für den Ausfall der „Schwestern“ reich-
1670 2276 3195 2400 lich entschädigt werden. Von dem grossen Erfolge
1662 2374 3111 2536 Bassermann's anlässlich unseres Gastspiels in
1650 2473 3180 2636 Stockholm mit Ihrer „Grossen Scene“, werden Sie
1666 2613 2426 2740 wohl unterrichtet sein.
2764 2699 2896 2835 Ich
