<?xml version="1.0" encoding="UTF-8" standalone="yes"?>
<PcGts xmlns="http://schema.primaresearch.org/PAGE/gts/pagecontent/2013-07-15" xmlns:xsi="http://www.w3.org/2001/XMLSchema-instance" xsi:schemaLocation="http://schema.primaresearch.org/PAGE/gts/pagecontent/2013-07-15 http://schema.primaresearch.org/PAGE/gts/pagecontent/2013-07-15/pagecontent.xsd">
    <Metadata>
        <Creator>prov=READ-COOP:name=TrHtr:version=2.1.0:model_id=51170:date=25_07_2023_15:35</Creator>
        <Created>2023-05-01T22:06:04.010+02:00</Created>
        <LastChange>2023-07-25T15:35:08.689+02:00</LastChange>
        <TranskribusMetadata docId="1416473" pageId="54948074" pageNr="9" tsid="130706091" status="IN_PROGRESS" userId="64420" imgUrl="https://files.transkribus.eu/Get?id=YTWEIYHAJBEUKIZOFNWZQGXV&amp;fileType=view" xmlUrl="https://files.transkribus.eu/Get?id=SNWEYVCPXGDWELYNVIQCTUXK" imageId="44452121"/>
    </Metadata>
    <Page imageFilename="1416473_0009.jpg" imageWidth="4402" imageHeight="3705">
        <ReadingOrder>
            <OrderedGroup id="ro_1711829931415" caption="Regions reading order">
                <RegionRefIndexed index="0" regionRef="tr_1"/>
                <RegionRefIndexed index="1" regionRef="tr_2"/>
                <RegionRefIndexed index="2" regionRef="tr_3"/>
            </OrderedGroup>
        </ReadingOrder>
        <TextRegion id="tr_1" custom="readingOrder {index:0;}">
            <Coords points="229,753 1856,753 1856,3144 229,3144"/>
            <TextLine id="tr_1_tl_1" custom="readingOrder {index:0;}">
                <Coords points="250,847 278,853 294,839 333,831 353,831 377,847 389,839 411,841 423,829 472,833 474,732 448,736 428,750 371,734 327,752 284,746 252,754"/>
                <Baseline points="262,803 307,806 352,806 397,803 441,803 480,806"/>
                <TextEquiv>
                    <Unicode>lassen.</Unicode>
                </TextEquiv>
            </TextLine>
            <TextLine id="tr_1_tl_2" custom="readingOrder {index:1;}">
                <Coords points="248,922 1613,924 1730,905 1732,825 248,851"/>
                <Baseline points="259,895 301,892 346,892 391,892 435,892 480,892 525,892 570,892 615,889 659,889 704,889 749,889 794,889 838,889 883,889 928,886 973,886 1018,883 1062,883 1107,880 1152,883 1197,883 1241,883 1286,883 1331,883 1376,880 1421,880 1465,880 1510,880 1555,880 1600,880 1645,880 1689,880 1734,883"/>
                <TextEquiv>
                    <Unicode>2) Hinsichtlich des Aufführungstermins Ihres Werkes</Unicode>
                </TextEquiv>
            </TextLine>
            <TextLine id="tr_1_tl_3" custom="readingOrder {index:2;}">
                <Coords points="260,1010 1095,1016 1226,974 1742,1004 1760,928 260,932"/>
                <Baseline points="271,985 286,982 331,982 376,982 420,982 465,982 510,982 555,979 600,979 644,979 689,979 734,979 779,979 823,979 868,976 913,976 958,976 1003,973 1047,973 1092,973 1137,973 1182,973 1227,973 1271,970 1316,970 1361,970 1406,970 1450,970 1495,970 1540,973 1585,970 1630,970 1674,970 1719,970 1764,973"/>
                <TextEquiv>
                    <Unicode>scheint mir das richtige Gefühl für eine urteilsfähige</Unicode>
                </TextEquiv>
            </TextLine>
            <TextLine id="tr_1_tl_4" custom="readingOrder {index:3;}">
                <Coords points="254,1091 1809,1091 1771,1016 1464,994 254,1024"/>
                <Baseline points="265,1068 289,1071 334,1071 379,1071 423,1068 468,1071 513,1068 558,1068 603,1068 647,1068 692,1068 737,1068 782,1065 826,1068 871,1068 916,1065 961,1065 1006,1065 1050,1062 1095,1062 1140,1062 1185,1062 1230,1062 1274,1059 1319,1059 1364,1059 1409,1059 1453,1059 1498,1059 1543,1059 1588,1059 1633,1059 1677,1059 1722,1059 1767,1059 1812,1056"/>
                <TextEquiv>
                    <Unicode>Aufnahmefähigkeit des Publikums und der Presse besonders</Unicode>
                </TextEquiv>
            </TextLine>
            <TextLine id="tr_1_tl_5" custom="readingOrder {index:4;}">
                <Coords points="258,1184 928,1200 1492,1153 1768,1214 1768,1077 258,1119"/>
                <Baseline points="268,1158 295,1161 340,1161 385,1161 429,1161 474,1161 519,1164 564,1161 609,1161 653,1161 698,1158 743,1155 788,1155 832,1155 877,1155 922,1155 967,1155 1012,1152 1056,1152 1101,1152 1146,1152 1191,1149 1235,1152 1280,1152 1325,1152 1370,1152 1415,1149 1459,1149 1504,1149 1549,1149 1594,1149 1639,1149 1683,1149 1728,1149 1773,1143"/>
                <TextEquiv>
                    <Unicode>wichtig, da inbeiden die Elemente, die durch langjähri-</Unicode>
                </TextEquiv>
            </TextLine>
            <TextLine id="tr_1_tl_6" custom="readingOrder {index:5;}">
                <Coords points="252,1280 1771,1252 1771,1214 1623,1176 557,1216 252,1186"/>
                <Baseline points="262,1253 298,1250 343,1250 388,1250 432,1247 477,1250 522,1250 567,1247 612,1247 656,1247 701,1247 746,1247 791,1247 835,1247 880,1244 925,1244 970,1244 1015,1244 1059,1241 1104,1244 1149,1244 1194,1244 1238,1244 1283,1241 1328,1244 1373,1241 1418,1241 1462,1241 1507,1241 1552,1238 1597,1241 1642,1241 1686,1241 1731,1238 1776,1238"/>
                <TextEquiv>
                    <Unicode>ge Gewöhnung an Zensur anerzogen sind, mit ihrer Aufhe-</Unicode>
                </TextEquiv>
            </TextLine>
            <TextLine id="tr_1_tl_7" custom="readingOrder {index:6;}">
                <Coords points="252,1367 1545,1341 1692,1377 1692,1293 1506,1264 252,1301"/>
                <Baseline points="262,1337 265,1337 310,1340 355,1337 400,1340 444,1340 489,1340 534,1340 579,1340 623,1337 668,1337 713,1340 758,1337 803,1337 847,1337 892,1337 937,1334 982,1334 1027,1334 1071,1334 1116,1334 1161,1334 1206,1331 1250,1331 1295,1334 1340,1331 1385,1331 1430,1331 1474,1331 1519,1331 1564,1331 1609,1331 1653,1331 1698,1334"/>
                <TextEquiv>
                    <Unicode>bung keineswegs verschwunden, wie mich die Erfahrung</Unicode>
                </TextEquiv>
            </TextLine>
            <TextLine id="tr_1_tl_8" custom="readingOrder {index:7;}">
                <Coords points="254,1444 389,1476 821,1430 1605,1456 1700,1440 1700,1373 254,1383"/>
                <Baseline points="265,1427 271,1430 316,1430 361,1427 406,1430 450,1427 495,1427 540,1427 585,1427 629,1427 674,1427 719,1430 764,1427 809,1427 853,1424 898,1424 943,1424 988,1424 1032,1424 1077,1424 1122,1424 1167,1421 1212,1421 1256,1421 1301,1421 1346,1421 1391,1421 1436,1418 1480,1418 1525,1418 1570,1418 1615,1418 1659,1418 1704,1421"/>
                <TextEquiv>
                    <Unicode>dieser Saison gelehrt hat, sondern nach wie vor noch</Unicode>
                </TextEquiv>
            </TextLine>
            <TextLine id="tr_1_tl_9" custom="readingOrder {index:8;}">
                <Coords points="252,1549 1736,1537 1736,1476 1424,1432 1075,1484 254,1470"/>
                <Baseline points="265,1522 307,1522 352,1522 397,1519 441,1522 486,1522 531,1519 576,1519 620,1519 665,1519 710,1519 755,1519 800,1519 844,1519 889,1516 934,1516 979,1516 1024,1513 1068,1513 1113,1513 1158,1513 1203,1513 1247,1513 1292,1510 1337,1513 1382,1513 1427,1510 1471,1510 1516,1510 1561,1510 1606,1513 1650,1513 1695,1513 1740,1516"/>
                <TextEquiv>
                    <Unicode>sehr wirksam sind. Bei meinem nachdrücklichen Wunsche,</Unicode>
                </TextEquiv>
            </TextLine>
            <TextLine id="tr_1_tl_10" custom="readingOrder {index:9;}">
                <Coords points="258,1627 1773,1629 1825,1613 1827,1533 1656,1571 1418,1526 799,1575 260,1549"/>
                <Baseline points="268,1603 313,1606 358,1609 403,1609 447,1609 492,1609 537,1606 582,1606 626,1609 671,1606 716,1609 761,1606 806,1606 850,1606 895,1606 940,1606 985,1603 1029,1603 1074,1606 1119,1606 1164,1606 1209,1603 1253,1603 1298,1603 1343,1600 1388,1600 1433,1600 1477,1600 1522,1603 1567,1600 1612,1600 1656,1600 1701,1603 1746,1600 1791,1600 1830,1606"/>
                <TextEquiv>
                    <Unicode>Ihr Werk frühzeitig zu bringen, möchte ich Sie daher doch</Unicode>
                </TextEquiv>
            </TextLine>
            <TextLine id="tr_1_tl_11" custom="readingOrder {index:10;}">
                <Coords points="252,1730 1635,1728 1797,1702 1799,1639 254,1637"/>
                <Baseline points="262,1692 280,1692 325,1695 370,1695 414,1698 459,1698 504,1698 549,1698 594,1698 638,1698 683,1695 728,1695 773,1692 818,1695 862,1692 907,1692 952,1692 997,1692 1041,1695 1086,1692 1131,1692 1176,1692 1221,1692 1265,1692 1310,1692 1355,1692 1400,1689 1444,1692 1489,1689 1534,1692 1579,1689 1624,1692 1668,1689 1713,1689 1758,1689 1803,1689"/>
                <TextEquiv>
                    <Unicode>bitten, mich nicht zeitlich binden, sondern mir das Ver-</Unicode>
                </TextEquiv>
            </TextLine>
            <TextLine id="tr_1_tl_12" custom="readingOrder {index:11;}">
                <Coords points="252,1825 1801,1815 1801,1744 1609,1716 252,1738"/>
                <Baseline points="262,1782 307,1785 352,1785 397,1785 441,1785 486,1785 531,1785 576,1785 620,1785 665,1785 710,1785 755,1785 800,1785 844,1782 889,1782 934,1785 979,1785 1024,1782 1068,1785 1113,1785 1158,1785 1203,1785 1247,1785 1292,1782 1337,1782 1382,1782 1427,1782 1471,1782 1516,1782 1561,1782 1606,1785 1650,1785 1695,1782 1740,1782 1785,1782 1806,1785"/>
                <TextEquiv>
                    <Unicode>trauen zur Festsetzung des geeigneten Aufführungstermin</Unicode>
                </TextEquiv>
            </TextLine>
            <TextLine id="tr_1_tl_13" custom="readingOrder {index:12;}">
                <Coords points="248,1908 371,1912 405,1896 502,1918 613,1889 795,1892 795,1843 774,1835 720,1843 623,1819 573,1845 557,1829 442,1839 379,1819 288,1837 248,1819"/>
                <Baseline points="259,1874 304,1874 349,1877 394,1877 438,1874 483,1874 528,1874 573,1874 617,1874 662,1877 707,1874 752,1877 797,1877 800,1877"/>
                <TextEquiv>
                    <Unicode>schenken zu wollen.</Unicode>
                </TextEquiv>
            </TextLine>
            <TextLine id="tr_1_tl_14" custom="readingOrder {index:13;}">
                <Coords points="248,1994 1708,1992 1789,1970 1789,1867 1226,1912 859,1885 746,1928 248,1906"/>
                <Baseline points="259,1961 271,1961 316,1961 361,1961 406,1964 450,1964 495,1964 540,1961 585,1961 629,1961 674,1961 719,1961 764,1961 809,1961 853,1961 898,1961 943,1961 988,1961 1032,1964 1077,1961 1122,1961 1167,1961 1212,1961 1256,1961 1301,1961 1346,1961 1391,1961 1436,1961 1480,1961 1525,1961 1570,1961 1615,1961 1659,1961 1704,1961 1749,1961 1794,1958"/>
                <TextEquiv>
                    <Unicode>3) Bei dem zu vermutenden starken Interesse des Publi-</Unicode>
                </TextEquiv>
            </TextLine>
            <TextLine id="tr_1_tl_15" custom="readingOrder {index:14;}">
                <Coords points="246,2067 436,2103 1155,2095 1266,2055 1468,2091 1698,2057 1698,2000 246,2004"/>
                <Baseline points="256,2051 301,2051 346,2051 391,2051 435,2051 480,2051 525,2048 570,2051 615,2051 659,2051 704,2051 749,2048 794,2051 838,2048 883,2048 928,2048 973,2048 1018,2051 1062,2048 1107,2051 1152,2051 1197,2054 1241,2054 1286,2051 1331,2051 1376,2051 1421,2051 1465,2048 1510,2048 1555,2048 1600,2048 1645,2048 1689,2048 1704,2051"/>
                <TextEquiv>
                    <Unicode>kums ist die Wahrscheinlichkeit, die Szenen-Reihe en</Unicode>
                </TextEquiv>
            </TextLine>
            <TextLine id="tr_1_tl_16" custom="readingOrder {index:15;}">
                <Coords points="248,2150 1504,2178 1789,2154 1807,2081 248,2089"/>
                <Baseline points="259,2140 289,2140 334,2140 379,2140 423,2140 468,2140 513,2140 558,2140 603,2140 647,2140 692,2140 737,2140 782,2140 826,2140 871,2140 916,2140 961,2143 1006,2140 1050,2140 1095,2140 1140,2143 1185,2143 1230,2140 1274,2140 1319,2140 1364,2140 1409,2140 1453,2140 1498,2140 1543,2140 1588,2140 1633,2140 1677,2140 1722,2137 1767,2137 1812,2137"/>
                <TextEquiv>
                    <Unicode>suite zu spielen, sehr gross, doch lässt sich heute, wie</Unicode>
                </TextEquiv>
            </TextLine>
            <TextLine id="tr_1_tl_17" custom="readingOrder {index:16;}">
                <Coords points="242,2265 468,2289 825,2248 883,2281 994,2238 1381,2271 1692,2246 1738,2180 242,2184"/>
                <Baseline points="253,2227 262,2227 307,2227 352,2224 397,2227 441,2230 486,2230 531,2230 576,2230 620,2230 665,2230 710,2230 755,2230 800,2230 844,2230 889,2230 934,2233 979,2233 1024,2233 1068,2230 1113,2230 1158,2230 1203,2230 1247,2233 1292,2230 1337,2230 1382,2230 1427,2233 1471,2230 1516,2230 1561,2230 1606,2230 1650,2227 1695,2224 1740,2221"/>
                <TextEquiv>
                    <Unicode>Sie ja selbst andeuten, indieser Richtung vor der Auf-</Unicode>
                </TextEquiv>
            </TextLine>
            <TextLine id="tr_1_tl_18" custom="readingOrder {index:17;}">
                <Coords points="1514,2281 1547,2271 1575,2283 1599,2267 1700,2277 1716,2265 1803,2311 1851,2299 1851,2228 1813,2240 1722,2224 1692,2246 1668,2236 1629,2252 1539,2236 1514,2246"/>
                <Baseline points="1525,2265 1543,2268 1588,2268 1633,2268 1677,2265 1722,2265 1767,2265 1812,2265 1856,2263"/>
                <TextEquiv>
                    <Unicode>eine Zusicherung</Unicode>
                </TextEquiv>
            </TextLine>
            <TextLine id="tr_1_tl_19" custom="readingOrder {index:18;}">
                <Coords points="248,2353 1748,2345 1716,2265 248,2265"/>
                <Baseline points="259,2315 307,2316 352,2316 397,2319 441,2316 486,2319 531,2319 576,2319 620,2319 665,2319 710,2319 755,2319 800,2319 844,2319 889,2319 934,2319 979,2319 1024,2319 1068,2319 1113,2322 1158,2322 1203,2322 1247,2319 1292,2319 1337,2319 1382,2319 1427,2319 1471,2319 1516,2319 1561,2319 1606,2319 1650,2319 1695,2316 1740,2316 1752,2316"/>
                <TextEquiv>
                    <Unicode>führung und der Aufnahme bei Presse und Publikum nicht</Unicode>
                </TextEquiv>
            </TextLine>
            <TextLine id="tr_1_tl_20" custom="readingOrder {index:19;}">
                <Coords points="218,2456 288,2440 307,2450 321,2438 361,2450 371,2440 385,2444 407,2438 407,2367 387,2359 349,2367 327,2355 311,2363 296,2359 274,2377 248,2371 236,2380 218,2375"/>
                <Baseline points="229,2409 274,2409 319,2409 364,2409 409,2412 411,2412"/>
                <TextEquiv>
                    <Unicode>geben.</Unicode>
                </TextEquiv>
            </TextLine>
            <TextLine id="tr_1_tl_21" custom="readingOrder {index:20;}">
                <Coords points="242,2529 1668,2531 1668,2422 1365,2468 1079,2428 913,2466 321,2438 242,2474"/>
                <Baseline points="253,2498 298,2501 343,2498 388,2495 432,2498 477,2498 522,2498 567,2498 612,2498 656,2498 701,2498 746,2495 791,2498 835,2498 880,2498 925,2501 970,2501 1015,2498 1059,2498 1104,2498 1149,2498 1194,2498 1238,2498 1283,2498 1328,2498 1373,2498 1418,2498 1462,2498 1507,2498 1552,2498 1597,2498 1642,2498 1674,2498"/>
                <TextEquiv>
                    <Unicode>4) Mit den Bedingungen 10 % Tantieme und 10 000 M</Unicode>
                </TextEquiv>
            </TextLine>
            <TextLine id="tr_1_tl_22" custom="readingOrder {index:21;}">
                <Coords points="252,2632 881,2632 948,2597 1085,2634 1295,2599 1383,2619 1383,2553 1287,2529 990,2561 918,2533 252,2537"/>
                <Baseline points="262,2582 307,2582 352,2585 397,2585 441,2585 486,2585 531,2585 576,2585 620,2588 665,2585 710,2585 755,2585 800,2585 844,2585 889,2588 934,2588 979,2588 1024,2588 1068,2588 1113,2585 1158,2585 1203,2585 1247,2585 1292,2585 1337,2588 1382,2591 1388,2588"/>
                <TextEquiv>
                    <Unicode>Tantiemen-Garantie bin ich einverstanden.</Unicode>
                </TextEquiv>
            </TextLine>
            <TextLine id="tr_1_tl_23" custom="readingOrder {index:22;}">
                <Coords points="246,2732 1121,2686 1762,2710 1762,2634 1696,2625 246,2634"/>
                <Baseline points="256,2675 301,2675 346,2675 391,2675 435,2677 480,2677 525,2675 570,2675 615,2675 659,2677 704,2677 749,2675 794,2675 838,2677 883,2677 928,2677 973,2675 1018,2677 1062,2677 1107,2677 1152,2675 1197,2675 1241,2675 1286,2675 1331,2677 1376,2677 1421,2677 1465,2677 1510,2677 1555,2677 1600,2677 1645,2677 1689,2675 1734,2675 1764,2675"/>
                <TextEquiv>
                    <Unicode>5) Wie Sie meinen vorhergehenden Worten schon entnom-</Unicode>
                </TextEquiv>
            </TextLine>
            <TextLine id="tr_1_tl_24" custom="readingOrder {index:23;}">
                <Coords points="240,2825 1742,2787 1742,2720 240,2726"/>
                <Baseline points="250,2767 268,2764 313,2764 358,2767 403,2767 447,2767 492,2764 537,2764 582,2764 626,2767 671,2767 716,2764 761,2764 806,2767 850,2767 895,2767 940,2764 985,2767 1029,2767 1074,2767 1119,2767 1164,2767 1209,2767 1253,2764 1298,2767 1343,2767 1388,2767 1433,2767 1477,2767 1522,2767 1567,2767 1612,2767 1656,2767 1701,2764 1746,2761"/>
                <TextEquiv>
                    <Unicode>men haben, halte ich die Inszenierung Ihres Werkes für</Unicode>
                </TextEquiv>
            </TextLine>
            <TextLine id="tr_1_tl_25" custom="readingOrder {index:24;}">
                <Coords points="252,2902 1696,2900 1777,2884 1777,2807 252,2823"/>
                <Baseline points="262,2854 307,2857 352,2857 397,2857 441,2857 486,2857 531,2857 576,2857 620,2857 665,2857 710,2854 755,2854 800,2857 844,2857 889,2854 934,2857 979,2857 1024,2854 1068,2857 1113,2857 1158,2857 1203,2857 1247,2857 1292,2857 1337,2857 1382,2857 1427,2857 1471,2857 1516,2857 1561,2860 1606,2860 1650,2860 1695,2857 1740,2854 1782,2854"/>
                <TextEquiv>
                    <Unicode>eine ausserordentlich reizvolle Regieaufgabe, die nicht</Unicode>
                </TextEquiv>
            </TextLine>
            <TextLine id="tr_1_tl_26" custom="readingOrder {index:25;}">
                <Coords points="236,2980 1831,2972 1831,2902 1660,2890 236,2900"/>
                <Baseline points="247,2949 265,2946 310,2946 355,2946 400,2946 444,2949 489,2946 534,2946 579,2946 623,2943 668,2943 713,2943 758,2943 803,2943 847,2943 892,2943 937,2946 982,2946 1027,2946 1071,2946 1116,2946 1161,2946 1206,2946 1250,2946 1295,2943 1340,2946 1385,2943 1430,2946 1474,2946 1519,2946 1564,2946 1609,2946 1653,2949 1698,2949 1743,2946 1788,2946 1833,2946"/>
                <TextEquiv>
                    <Unicode>nur volle Beherrschung der künstlerischen und technischen</Unicode>
                </TextEquiv>
            </TextLine>
            <TextLine id="tr_1_tl_27" custom="readingOrder {index:26;}">
                <Coords points="240,3077 315,3101 494,3039 819,3083 1321,3049 1742,3087 1742,2974 1613,3007 1531,2952 964,3003 855,2968 240,2980"/>
                <Baseline points="250,3030 295,3033 340,3036 385,3033 429,3036 474,3036 519,3039 564,3036 609,3033 653,3033 698,3033 743,3033 788,3033 832,3033 877,3033 922,3033 967,3033 1012,3033 1056,3033 1101,3033 1146,3033 1191,3033 1235,3033 1280,3033 1325,3033 1370,3033 1415,3030 1459,3033 1504,3033 1549,3036 1594,3036 1639,3036 1683,3036 1728,3033 1746,3033"/>
                <TextEquiv>
                    <Unicode>Mittel, sondern vor allem starken Takt erfordert. Uch</Unicode>
                </TextEquiv>
            </TextLine>
            <TextLine id="tr_1_tl_28" custom="readingOrder {index:27;}">
                <Coords points="1539,3178 1561,3176 1603,3198 1656,3180 1690,3192 1732,3172 1750,3172 1746,3089 1682,3089 1662,3069 1627,3057 1579,3063 1551,3079 1535,3077"/>
                <Baseline points="1549,3125 1594,3125 1639,3125 1683,3128 1728,3131 1752,3134"/>
                <TextEquiv>
                    <Unicode>habe</Unicode>
                </TextEquiv>
            </TextLine>
        </TextRegion>
        <TextRegion id="tr_2" custom="readingOrder {index:1;}">
            <Coords points="2663,708 4108,708 4108,2028 2663,2028"/>
            <TextLine id="tr_2_tl_1" custom="readingOrder {index:0;}">
                <Coords points="2666,782 3017,809 3085,778 3973,768 3973,698 3829,682 3521,714 3446,676 3323,724 3057,665 2809,704 2666,678"/>
                <Baseline points="2677,767 2680,767 2725,767 2770,767 2815,764 2860,764 2904,767 2949,767 2994,767 3039,767 3084,767 3128,767 3173,767 3218,767 3263,767 3307,764 3352,767 3397,767 3442,767 3487,764 3531,767 3576,764 3621,767 3666,767 3710,767 3755,767 3800,764 3845,767 3890,764 3934,764 3979,758"/>
                <TextEquiv>
                    <Unicode>Ich habe daher den lebhaften Wunsch, diese Auf-</Unicode>
                </TextEquiv>
            </TextLine>
            <TextLine id="tr_2_tl_2" custom="readingOrder {index:1;}">
                <Coords points="2658,871 3513,859 3914,901 4104,877 4104,776 3894,817 3289,803 3247,837 2658,817"/>
                <Baseline points="2669,862 2675,862 2719,856 2764,856 2809,853 2854,856 2898,856 2943,853 2988,853 3033,856 3078,856 3122,856 3167,856 3212,856 3257,856 3301,856 3346,856 3391,856 3436,853 3481,853 3525,853 3570,853 3615,853 3660,853 3705,853 3749,853 3794,853 3839,853 3884,853 3928,853 3973,853 4018,853 4063,853 4108,850"/>
                <TextEquiv>
                    <Unicode>gabe selbst zu lösen. Ich bin aber durch die Eröff-</Unicode>
                </TextEquiv>
            </TextLine>
            <TextLine id="tr_2_tl_3" custom="readingOrder {index:2;}">
                <Coords points="2664,946 2918,992 3114,954 4051,978 4051,885 3995,881 2664,899"/>
                <Baseline points="2675,943 2719,946 2764,946 2809,946 2854,949 2898,946 2943,946 2988,946 3033,946 3078,946 3122,946 3167,946 3212,946 3257,946 3301,946 3346,946 3391,946 3436,946 3481,943 3525,943 3570,946 3615,946 3660,943 3705,943 3749,946 3794,946 3839,946 3884,946 3928,946 3973,946 4018,946 4054,943"/>
                <TextEquiv>
                    <Unicode>nung des “Grossen Schauspielhauses“ (Circus) am 1.</Unicode>
                </TextEquiv>
            </TextLine>
            <TextLine id="tr_2_tl_4" custom="readingOrder {index:3;}">
                <Coords points="2678,1051 3140,1087 3479,1038 3856,1079 4037,1043 4037,986 2678,988"/>
                <Baseline points="2689,1032 2698,1035 2743,1035 2788,1035 2833,1035 2878,1035 2922,1035 2967,1035 3012,1035 3057,1035 3101,1035 3146,1035 3191,1032 3236,1032 3281,1035 3325,1035 3370,1035 3415,1035 3460,1032 3504,1032 3549,1032 3594,1032 3639,1032 3684,1032 3728,1032 3773,1032 3818,1032 3863,1035 3908,1032 3952,1035 3997,1032 4042,1029"/>
                <TextEquiv>
                    <Unicode>9.19. neben den allgemeinen Vorbereitungsarbeiten</Unicode>
                </TextEquiv>
            </TextLine>
            <TextLine id="tr_2_tl_5" custom="readingOrder {index:4;}">
                <Coords points="2666,1143 4035,1162 4035,1087 3975,1067 2666,1089"/>
                <Baseline points="2677,1128 2695,1128 2740,1125 2785,1128 2830,1125 2875,1125 2919,1125 2964,1125 3009,1125 3054,1125 3098,1128 3143,1128 3188,1128 3233,1128 3278,1128 3322,1125 3367,1125 3412,1125 3457,1125 3501,1122 3546,1125 3591,1125 3636,1125 3681,1125 3725,1125 3770,1122 3815,1122 3860,1125 3905,1122 3949,1122 3994,1125 4039,1119"/>
                <TextEquiv>
                    <Unicode>so stark mit grossen Regieaufgaben belastet, dass</Unicode>
                </TextEquiv>
            </TextLine>
            <TextLine id="tr_2_tl_6" custom="readingOrder {index:5;}">
                <Coords points="2666,1240 2884,1224 2972,1272 3069,1222 3162,1256 3440,1216 4025,1246 4025,1162 3958,1147 3771,1186 3602,1151 3251,1186 2666,1159"/>
                <Baseline points="2677,1218 2686,1218 2731,1218 2776,1218 2821,1218 2866,1218 2910,1215 2955,1218 3000,1215 3045,1218 3089,1218 3134,1218 3179,1215 3224,1218 3269,1218 3313,1218 3358,1215 3403,1215 3448,1218 3493,1215 3537,1215 3582,1215 3627,1215 3672,1215 3716,1215 3761,1215 3806,1218 3851,1215 3896,1212 3940,1212 3985,1212 4030,1209"/>
                <TextEquiv>
                    <Unicode>ich Ihnen heute eine solche Zusicherung nicht ge-</Unicode>
                </TextEquiv>
            </TextLine>
            <TextLine id="tr_2_tl_7" custom="readingOrder {index:6;}">
                <Coords points="2652,1339 3055,1309 3579,1341 3656,1307 4053,1361 4053,1254 3985,1230 3267,1276 3027,1244 2950,1283 2888,1242 2652,1256"/>
                <Baseline points="2663,1301 2669,1301 2713,1304 2758,1307 2803,1307 2848,1307 2892,1307 2937,1304 2982,1304 3027,1307 3072,1307 3116,1307 3161,1307 3206,1307 3251,1307 3295,1307 3340,1307 3385,1304 3430,1307 3475,1304 3519,1304 3564,1304 3609,1304 3654,1304 3699,1304 3743,1304 3788,1304 3833,1304 3878,1304 3922,1304 3967,1301 4012,1301 4057,1298"/>
                <TextEquiv>
                    <Unicode>ben kann. Je weniger Sie mich aber zeitlich fest-</Unicode>
                </TextEquiv>
            </TextLine>
            <TextLine id="tr_2_tl_8" custom="readingOrder {index:7;}">
                <Coords points="2664,1420 2908,1406 3085,1444 3462,1404 3595,1444 3666,1416 3956,1440 3956,1351 3912,1331 3357,1363 2664,1331"/>
                <Baseline points="2675,1397 2707,1397 2752,1397 2797,1397 2842,1400 2886,1397 2931,1400 2976,1397 3021,1397 3066,1397 3110,1397 3155,1397 3200,1397 3245,1394 3290,1397 3334,1394 3379,1394 3424,1394 3469,1394 3513,1394 3558,1394 3603,1394 3648,1394 3693,1391 3737,1394 3782,1394 3827,1394 3872,1391 3916,1391 3961,1391"/>
                <TextEquiv>
                    <Unicode>legen, je mehr wächst für mich die Möglichkeit</Unicode>
                </TextEquiv>
            </TextLine>
            <TextLine id="tr_2_tl_9" custom="readingOrder {index:8;}">
                <Coords points="2668,1498 3295,1490 3398,1535 3543,1496 4047,1514 4047,1438 3809,1450 3765,1418 3702,1454 3440,1416 2668,1450"/>
                <Baseline points="2680,1483 2707,1486 2752,1486 2797,1486 2842,1486 2886,1486 2931,1486 2976,1483 3021,1483 3066,1486 3110,1486 3155,1486 3200,1486 3245,1486 3290,1486 3334,1486 3379,1486 3424,1486 3469,1486 3513,1483 3558,1483 3603,1480 3648,1483 3693,1483 3737,1483 3782,1483 3827,1483 3872,1483 3916,1483 3961,1483 4006,1483 4051,1477"/>
                <TextEquiv>
                    <Unicode>unserer beider Wünsche nach meiner Regie zu erfül-</Unicode>
                </TextEquiv>
            </TextLine>
            <TextLine id="tr_2_tl_10" custom="readingOrder {index:9;}">
                <Coords points="2664,1599 3374,1585 3535,1617 3737,1579 3876,1609 4037,1579 4037,1518 2664,1524"/>
                <Baseline points="2675,1576 2698,1576 2743,1576 2788,1576 2833,1576 2878,1576 2922,1573 2967,1576 3012,1573 3057,1573 3101,1573 3146,1573 3191,1576 3236,1576 3281,1576 3325,1576 3370,1573 3415,1570 3460,1576 3504,1573 3549,1573 3594,1573 3639,1573 3684,1573 3728,1570 3773,1573 3818,1573 3863,1573 3908,1573 3952,1570 3997,1570 4042,1570"/>
                <TextEquiv>
                    <Unicode>len. Sie dürfen jedoch in jedem Falle versichert</Unicode>
                </TextEquiv>
            </TextLine>
            <TextLine id="tr_2_tl_11" custom="readingOrder {index:10;}">
                <Coords points="2666,1688 4029,1688 4043,1589 3769,1625 2666,1617"/>
                <Baseline points="2677,1662 2701,1665 2746,1662 2791,1662 2836,1662 2881,1662 2925,1662 2970,1662 3015,1662 3060,1662 3104,1662 3149,1665 3194,1665 3239,1662 3284,1665 3328,1665 3373,1662 3418,1662 3463,1662 3507,1659 3552,1659 3597,1659 3642,1659 3687,1659 3731,1662 3776,1659 3821,1662 3866,1659 3910,1659 3955,1659 4000,1659 4045,1659"/>
                <TextEquiv>
                    <Unicode>sein, dass ich aus den schon wiederholten Gründen</Unicode>
                </TextEquiv>
            </TextLine>
            <TextLine id="tr_2_tl_12" custom="readingOrder {index:11;}">
                <Coords points="2664,1781 3981,1783 3981,1710 3827,1682 3591,1718 3232,1684 3160,1718 2908,1684 2863,1716 2664,1708"/>
                <Baseline points="2675,1752 2686,1749 2731,1752 2776,1752 2821,1752 2866,1749 2910,1752 2955,1749 3000,1752 3045,1752 3089,1752 3134,1749 3179,1752 3224,1752 3269,1752 3313,1752 3358,1752 3403,1752 3448,1752 3493,1752 3537,1749 3582,1752 3627,1752 3672,1749 3716,1749 3761,1749 3806,1749 3851,1749 3896,1749 3940,1749 3985,1749"/>
                <TextEquiv>
                    <Unicode>mein volles künsterisches Interesse Ihrem Werke</Unicode>
                </TextEquiv>
            </TextLine>
            <TextLine id="tr_2_tl_13" custom="readingOrder {index:12;}">
                <Coords points="2664,1861 4051,1881 4051,1801 3969,1783 2664,1799"/>
                <Baseline points="2675,1842 2719,1842 2764,1842 2809,1839 2854,1839 2898,1839 2943,1839 2988,1842 3033,1839 3078,1839 3122,1842 3167,1842 3212,1842 3257,1842 3301,1842 3346,1839 3391,1842 3436,1839 3481,1839 3525,1842 3570,1842 3615,1842 3660,1839 3705,1839 3749,1839 3794,1839 3839,1839 3884,1842 3928,1842 3973,1842 4018,1839 4054,1842"/>
                <TextEquiv>
                    <Unicode>widmen werde und unbedingt dafür Sorge trage, dass</Unicode>
                </TextEquiv>
            </TextLine>
            <TextLine id="tr_2_tl_14" custom="readingOrder {index:13;}">
                <Coords points="2672,1968 3168,1984 3390,1946 3509,1988 3747,1948 3878,1986 4021,1952 4021,1865 2672,1885"/>
                <Baseline points="2683,1931 2728,1931 2773,1931 2818,1928 2863,1928 2907,1928 2952,1928 2997,1928 3042,1928 3087,1928 3131,1928 3176,1928 3221,1928 3266,1928 3310,1928 3355,1928 3400,1928 3445,1928 3490,1928 3534,1928 3579,1928 3624,1928 3669,1928 3713,1928 3758,1928 3803,1928 3848,1928 3893,1928 3937,1928 3982,1928 4027,1922"/>
                <TextEquiv>
                    <Unicode>es auf dem höchsten künstlerischen Niveau heraus-</Unicode>
                </TextEquiv>
            </TextLine>
            <TextLine id="tr_2_tl_15" custom="readingOrder {index:14;}">
                <Coords points="2672,2049 2686,2051 2712,2041 2757,2063 2795,2063 2825,2041 2849,2041 2849,1970 2803,1966 2781,1984 2767,1976 2747,1978 2724,1960 2716,1966 2692,1962 2672,1968"/>
                <Baseline points="2683,2015 2728,2015 2773,2015 2818,2018 2851,2015"/>
                <TextEquiv>
                    <Unicode>kommt.</Unicode>
                </TextEquiv>
            </TextLine>
        </TextRegion>
        <TextRegion id="tr_3" custom="readingOrder {index:2;}">
            <Coords points="2666,2054 4116,2054 4116,3338 2666,3338"/>
            <TextLine id="tr_3_tl_1" custom="readingOrder {index:0;}">
                <Coords points="2801,2131 4003,2140 4001,2061 3769,2006 3670,2053 3466,2031 3424,2063 3301,2029 2993,2059 2799,2027"/>
                <Baseline points="2812,2104 2857,2104 2901,2104 2946,2104 2991,2104 3036,2104 3081,2104 3125,2104 3170,2104 3215,2104 3260,2107 3304,2107 3349,2107 3394,2104 3439,2107 3484,2107 3528,2107 3573,2107 3618,2104 3663,2104 3707,2104 3752,2104 3797,2107 3842,2107 3887,2107 3931,2107 3976,2107 4009,2107"/>
                <TextEquiv>
                    <Unicode>Ich hoffe sehr, verehrter Herr Doktor, dass</Unicode>
                </TextEquiv>
            </TextLine>
            <TextLine id="tr_3_tl_2" custom="readingOrder {index:1;}">
                <Coords points="2666,2216 3606,2214 3606,2150 3478,2127 2962,2164 2851,2131 2749,2154 2666,2133"/>
                <Baseline points="2677,2194 2722,2194 2767,2191 2812,2194 2857,2194 2901,2194 2946,2194 2991,2194 3036,2194 3081,2194 3125,2194 3170,2194 3215,2194 3260,2194 3304,2197 3349,2197 3394,2197 3439,2197 3484,2194 3528,2194 3573,2194 3612,2194"/>
                <TextEquiv>
                    <Unicode>Sie meinen Ausführungen zustimmen.</Unicode>
                </TextEquiv>
            </TextLine>
            <TextLine id="tr_3_tl_3" custom="readingOrder {index:2;}">
                <Coords points="2791,2299 3567,2329 3720,2293 3983,2341 4031,2319 4031,2242 3029,2224 2997,2250 2789,2206"/>
                <Baseline points="2803,2280 2848,2283 2892,2283 2937,2283 2982,2286 3027,2286 3072,2286 3116,2283 3161,2286 3206,2286 3251,2283 3295,2286 3340,2286 3385,2286 3430,2286 3475,2286 3519,2286 3564,2286 3609,2286 3654,2286 3699,2286 3743,2286 3788,2286 3833,2286 3878,2286 3922,2286 3967,2286 4012,2286 4036,2280"/>
                <TextEquiv>
                    <Unicode>In Betreff der „Schwestern“ erwarte ich Ihre</Unicode>
                </TextEquiv>
            </TextLine>
            <TextLine id="tr_3_tl_4" custom="readingOrder {index:3;}">
                <Coords points="2658,2418 2698,2432 2744,2404 2775,2418 2857,2386 2930,2379 3095,2396 3144,2384 3144,2323 3105,2339 3017,2307 2962,2339 2859,2323 2815,2349 2767,2327 2710,2341 2696,2325 2658,2325"/>
                <Baseline points="2669,2379 2701,2379 2746,2376 2791,2376 2836,2376 2881,2376 2925,2376 2970,2373 3015,2373 3060,2373 3104,2376 3149,2376"/>
                <TextEquiv>
                    <Unicode>gefl. Vorschläge</Unicode>
                </TextEquiv>
            </TextLine>
            <TextLine id="tr_3_tl_5" custom="readingOrder {index:4;}">
                <Coords points="2730,2492 3920,2472 4023,2502 4110,2486 4110,2420 3916,2388 3684,2426 3610,2386 2851,2426 2728,2386"/>
                <Baseline points="2740,2451 2785,2460 2830,2463 2875,2463 2919,2463 2964,2463 3009,2466 3054,2463 3098,2463 3143,2466 3188,2463 3233,2463 3278,2463 3322,2463 3367,2463 3412,2463 3457,2463 3501,2463 3546,2466 3591,2466 3636,2466 3681,2466 3725,2463 3770,2463 3815,2463 3860,2466 3905,2466 3949,2466 3994,2466 4039,2463 4084,2460 4116,2460"/>
                <TextEquiv>
                    <Unicode>Bei der Unsicherheit der Reiseverhältnisse kann.</Unicode>
                </TextEquiv>
            </TextLine>
            <TextLine id="tr_3_tl_6" custom="readingOrder {index:5;}">
                <Coords points="2664,2593 4081,2559 4081,2517 3918,2472 3438,2513 2664,2502"/>
                <Baseline points="2675,2555 2695,2555 2740,2555 2785,2555 2830,2555 2875,2555 2919,2555 2964,2555 3009,2555 3054,2552 3098,2555 3143,2555 3188,2555 3233,2555 3278,2555 3322,2555 3367,2555 3412,2558 3457,2558 3501,2555 3546,2558 3591,2558 3636,2558 3681,2558 3725,2555 3770,2555 3815,2555 3860,2555 3905,2555 3949,2555 3994,2555 4039,2555 4084,2543"/>
                <TextEquiv>
                    <Unicode>ich leider heute noch nicht sagen, ob ich die Freu¬</Unicode>
                </TextEquiv>
            </TextLine>
            <TextLine id="tr_3_tl_7" custom="readingOrder {index:6;}">
                <Coords points="2658,2658 3069,2694 3370,2654 3975,2674 4085,2646 4085,2561 3606,2607 2658,2585"/>
                <Baseline points="2669,2645 2698,2648 2743,2645 2788,2648 2833,2645 2878,2648 2922,2648 2967,2648 3012,2648 3057,2648 3101,2648 3146,2648 3191,2648 3236,2648 3281,2648 3325,2648 3370,2648 3415,2648 3460,2648 3504,2648 3549,2648 3594,2648 3639,2648 3684,2648 3728,2648 3773,2648 3818,2648 3863,2648 3908,2648 3952,2648 3997,2645 4042,2645 4087,2639"/>
                <TextEquiv>
                    <Unicode>de haben werde. Sie in diesem Sommer in Wien zu se-</Unicode>
                </TextEquiv>
            </TextLine>
            <TextLine id="tr_3_tl_8" custom="readingOrder {index:7;}">
                <Coords points="2654,2771 3547,2742 3781,2793 4011,2747 4011,2686 3539,2700 3412,2654 2654,2698"/>
                <Baseline points="2666,2737 2672,2740 2716,2737 2761,2740 2806,2740 2851,2740 2895,2740 2940,2740 2985,2737 3030,2740 3075,2740 3119,2740 3164,2740 3209,2737 3254,2737 3298,2737 3343,2737 3388,2737 3433,2737 3478,2737 3522,2737 3567,2737 3612,2737 3657,2737 3702,2737 3746,2737 3791,2737 3836,2740 3881,2740 3925,2740 3970,2737 4015,2734"/>
                <TextEquiv>
                    <Unicode>hen. Ich werde jedenfalls nicht verfehlen, Ihnen</Unicode>
                </TextEquiv>
            </TextLine>
            <TextLine id="tr_3_tl_9" custom="readingOrder {index:8;}">
                <Coords points="2664,2859 2841,2849 2896,2884 3162,2835 3793,2888 4035,2837 4035,2783 3882,2757 3803,2793 3547,2742 3341,2781 2664,2773"/>
                <Baseline points="2675,2830 2719,2830 2764,2830 2809,2830 2854,2830 2898,2830 2943,2830 2988,2830 3033,2830 3078,2830 3122,2830 3167,2830 3212,2827 3257,2830 3301,2830 3346,2830 3391,2830 3436,2830 3481,2830 3525,2830 3570,2830 3615,2827 3660,2830 3705,2830 3749,2830 3794,2833 3839,2833 3884,2833 3928,2833 3973,2833 4018,2833 4039,2830"/>
                <TextEquiv>
                    <Unicode>zutreffendenfalls rechtzeitig Nachricht zu geben.</Unicode>
                </TextEquiv>
            </TextLine>
            <TextLine id="tr_3_tl_10" custom="readingOrder {index:9;}">
                <Coords points="2930,2964 2972,2986 3041,2964 3122,3007 3182,2972 3226,2999 3343,2966 3573,2974 3573,2922 3525,2928 3489,2908 3194,2920 3109,2874 3051,2894 2930,2886"/>
                <Baseline points="2940,2961 2949,2964 2994,2961 3039,2961 3084,2961 3128,2964 3173,2961 3218,2961 3263,2961 3307,2961 3352,2961 3397,2961 3442,2961 3487,2961 3531,2961 3576,2958"/>
                <TextEquiv>
                    <Unicode>Mit herzlichen Grüssen</Unicode>
                </TextEquiv>
            </TextLine>
            <TextLine id="tr_3_tl_11" custom="readingOrder {index:10;}">
                <Coords points="3067,3061 3150,3079 3176,3061 3234,3075 3341,3061 3402,3093 3434,3073 3604,3069 3604,3005 3533,3017 3414,2986 3341,3021 3321,3005 3295,3021 3241,2993 3188,3019 3067,3009"/>
                <Baseline points="3078,3054 3116,3054 3161,3054 3206,3054 3251,3054 3295,3057 3340,3057 3385,3057 3430,3057 3475,3057 3519,3054 3564,3051 3609,3051"/>
                <TextEquiv>
                    <Unicode>Ihr sehr ergebener</Unicode>
                </TextEquiv>
            </TextLine>
            <TextLine id="tr_3_tl_12" custom="readingOrder {index:11;}">
                <Coords points="3198,3353 3291,3347 3428,3388 3493,3364 4043,3386 4041,3196 3948,3186 3860,3226 3712,3234 3612,3194 3565,3220 3277,3170 3196,3194"/>
                <Baseline points="3209,3304 3254,3307 3298,3313 3343,3322 3388,3325 3433,3328 3478,3328 3522,3328 3567,3325 3612,3328 3657,3328 3702,3328 3746,3325 3791,3325 3836,3325 3881,3325 3925,3322 3970,3322 4015,3316 4048,3313"/>
                <TextEquiv>
                    <Unicode>Max Reinner</Unicode>
                </TextEquiv>
            </TextLine>
        </TextRegion>
    </Page>
</PcGts>
