4441 3608
2208 656 3070 769 Berlin WW. 6, den  8. Dezemb. 1921.
2214 760 2492 850 Schumannstr. 13a.
1293 906 2003 1045 Deutsches Theater. Kmmerspiele
1425 989 1910 1097 Großes Schauspielhaus
2308 965 2482 1117 - II -
1445 1058 1873 1158 Betriebsgesellschaft m. b. H.
1626 1061 3084 1206 die "Frage an das Schicksal", „Episode“, „Weihnachts-
1625 1162 3062 1297 einkäufe", Abschieds-Souper" und "Anatols Hochzeits-
1625 1226 3079 1421 morgen“. Dass Edthofer und Thimig spielen, ist Ihnen
1639 1328 3031 1489 bekannt. Die Damenrollen sind meiner Ansicht nach
1641 1402 3036 1562 sehr gut besetzt, und zwar mit Erika Thelman, Stella
1641 1493 3096 1654 Arbenina, Lina Lossen (Weihnachtseinkäufe"). Christi-
1651 1615 3060 1758 ans ("Abschieds-Souper"), Roma Bahn ("Anatols Hoch¬
1660 1741 2058 1847 zeitsmorgen").
1751 1769 3162 1927 Ich bin zu Weihnachten in Wien und würde mich freu-
1673 1847 3118 2019 en, wenn ich dort Gelegenheit hätte, Sie zu sehen und
1677 1919 3136 2106 über die eingangs besprochenen Fragen mit Ihnen münd-
1686 2043 3159 2201 ich zu sprechen. Ich werde mir erlauben, Sie anzute-
1688 2099 3179 2293 lephonieren und gebe für alle Fälle meine Wiener Tele-
1686 2245 2482 2386 phon-Nummer bekannt : 93241.
1882 2390 2529 2510 Mit den besten Grüssen
2151 2443 2827 2610 Ihr aufrichtig ergebener
2479 2560 2929 2734 Stefan Hock
