4472 3561
2220 700 3080 823 Berlin UW. 6, den  7. Februar 1921
2224 802 2495 860 Schumannstr. 13a
2339 804 3026 939 xxs 'tasda eedlän xxx
1554 704 2112 960 Dich!
2276 895 2895 1006 dasselb xxx lasick aasb
1304 920 2412 1039 Deutsches Theater  Kammerspiele III.
1364 966 3040 1141 Betriebsgesellschaft m. k. h.
1427 1012 1897 1097 Großes Schauspielhaus
2791 1062 3038 1150 Le dernier
1970 1064 2736 1185 Herrn Gottmann immaa ab
1585 1108 3170 1304 zustande kam. Ich darf Sie nur bitten, die nachstehenden
1568 1137 1737 1220 eigens
1293 1145 1524 1264 R.S.
1583 1191 3205 1389 Mitteilungen als vertraulich anzusehen. Seit Jahr und Tag
1599 1293 3232 1445 war Moissi für den Abenteurer erwärmt, und er hatte den lei-
2035 1410 2151 1470 mais
1599 1416 3228 1522 denschaftlichen Tunsch diese Rolle zu spielen, die ihm von
1383 1347 1674 1514 B. P.
1599 1487 3213 1622 Reinhardt schon längst zugesagt war. Es scheiterte bisher
1893 1510 2039 1562 aen te
1385 1491 1504 1620 Bühle
2128 1583 2266 1649 G.H.F.P.
1608 1601 3259 1712 immer am Fehlen einer geeigneten Darstellerin für die Vito-
1930 1604 2018 1654 Te
1618 1662 3267 1799 ria. Nun hatte Hofmannsthal an Moissi geschrieben,er sollte
2093 1676 2197 1733 m¬
1618 1756 3288 1885 sich für „Odypus und die Sphinx“ einsetzen und dabei an sei-
2228 1845 2316 1903 D.F.P.
1618 1864 3176 1978 ne alte Freundschaft für ihn appelliert. Moissi und ich
1622 1941 3205 2070 wussten, dass auch Hofmannsthal in dieser katastrophalen
2228 2014 2678 2082 à lʼannée de ses rêveurs.
2116 2037 2228 2087 .S
1633 2022 3278 2151 Zeit wirtschaftlich nicht auf Rosen gebettet war. Ich konn-
2541 2105 2626 2157 men
1618 2107 3211 2260 Odypus und die Sphinx" in der Besetzung ebenfalls nicht
2597 2193 2713 2239 toutes les
1641 2195 3307 2337 zusammenbringen: dagegen war durch das Engagement der Losser
1643 2299 3263 2466 die Besetzung der Vitoria gegeben und durch die Bereitwil-
2841 2351 3009 2405 debaht
1641 2372 3278 2501 ligkeit Moissis für die tragende Rolle gesorgt. Aber auch
1647 2472 3211 2682 abgesehen von meinem Wunsche, Hofmannsthal soweit es in
2005 2478 2118 2543 G.H.F.P.
3015 2557 3228 2682 meinen
