<?xml version="1.0" encoding="UTF-8" standalone="yes"?>
<PcGts xmlns="http://schema.primaresearch.org/PAGE/gts/pagecontent/2013-07-15" xmlns:xsi="http://www.w3.org/2001/XMLSchema-instance" xsi:schemaLocation="http://schema.primaresearch.org/PAGE/gts/pagecontent/2013-07-15 http://schema.primaresearch.org/PAGE/gts/pagecontent/2013-07-15/pagecontent.xsd">
    <Metadata>
        <Creator>prov=READ-COOP:name=TrHtr:version=2.1.0:model_id=51170:date=25_07_2023_15:35</Creator>
        <Created>2023-05-01T22:06:09.341+02:00</Created>
        <LastChange>2023-07-25T15:35:20.750+02:00</LastChange>
        <TranskribusMetadata docId="1416473" pageId="54948230" pageNr="51" tsid="130706263" status="IN_PROGRESS" userId="64420" imgUrl="https://files.transkribus.eu/Get?id=FICANQTHUJTUCMKHULLVZHSR&amp;fileType=view" xmlUrl="https://files.transkribus.eu/Get?id=WYEWCQLVSAPDPETEUATSZXKE" imageId="44452270"/>
    </Metadata>
    <Page imageFilename="1416473_0051.jpg" imageWidth="4488" imageHeight="3594">
        <ReadingOrder>
            <OrderedGroup id="ro_1711829964139" caption="Regions reading order">
                <RegionRefIndexed index="0" regionRef="tr_1"/>
            </OrderedGroup>
        </ReadingOrder>
        <TextRegion id="tr_1" custom="readingOrder {index:0;}">
            <Coords points="1247,770 3214,770 3214,2696 1247,2696"/>
            <TextLine id="tr_1_tl_1" custom="readingOrder {index:0;}">
                <Coords points="2581,870 2620,877 2655,856 2730,856 2848,879 2902,856 3003,881 3009,782 2925,774 2852,797 2798,787 2730,802 2655,757 2586,776"/>
                <Baseline points="2591,850 2608,847 2653,844 2698,841 2743,838 2788,838 2832,835 2877,832 2922,829 2967,823 3011,820"/>
                <TextEquiv>
                    <Unicode>14.9. (921.</Unicode>
                </TextEquiv>
            </TextLine>
            <TextLine id="tr_1_tl_2" custom="readingOrder {index:1;}">
                <Coords points="2139,894 2485,873 2515,860 2519,819 2446,806 2405,830 2369,832 2352,817 2323,827 2287,812 2208,842 2177,821 2143,830"/>
                <Baseline points="2149,877 2161,880 2205,877 2250,874 2295,871 2340,868 2385,865 2429,859 2474,859 2519,859"/>
                <TextEquiv>
                    <Unicode>Berlin WW. 6, den</Unicode>
                </TextEquiv>
            </TextLine>
            <TextLine id="tr_1_tl_3" custom="readingOrder {index:2;}">
                <Coords points="2136,969 2192,985 2229,984 2246,972 2300,980 2308,972 2321,982 2347,974 2399,1010 2412,1008 2422,885 2392,883 2384,873 2354,885 2330,877 2287,890 2141,894"/>
                <Baseline points="2149,922 2155,922 2199,922 2244,916 2289,913 2334,910 2379,904 2423,904"/>
                <TextEquiv>
                    <Unicode>Schumanustr. 13a.</Unicode>
                </TextEquiv>
            </TextLine>
            <TextLine id="tr_1_tl_4" custom="readingOrder {index:3;}">
                <Coords points="1236,1137 1328,1158 1423,1131 1503,1148 1558,1122 1621,1133 1659,1103 1859,1133 1943,1118 1949,1057 1861,1032 1763,1068 1705,1042 1612,1079 1438,1068 1337,1075 1307,1098 1242,1073"/>
                <Baseline points="1247,1140 1277,1137 1322,1134 1367,1131 1411,1128 1456,1125 1501,1122 1546,1116 1591,1116 1635,1110 1680,1107 1725,1101 1770,1101 1814,1098 1859,1095 1904,1089 1949,1089"/>
                <TextEquiv>
                    <Unicode>Deutsches Theater « Kammerspiele</Unicode>
                </TextEquiv>
            </TextLine>
            <TextLine id="tr_1_tl_5" custom="readingOrder {index:4;}">
                <Coords points="1361,1201 1434,1191 1479,1214 1575,1186 1623,1206 1700,1174 1775,1186 1823,1172 1827,1118 1760,1129 1726,1111 1651,1111 1586,1139 1533,1129 1509,1146 1365,1148"/>
                <Baseline points="1373,1191 1382,1191 1426,1188 1471,1188 1516,1185 1561,1179 1605,1176 1650,1173 1695,1170 1740,1167 1785,1164 1829,1158"/>
                <TextEquiv>
                    <Unicode>Großes Schauspielhaus</Unicode>
                </TextEquiv>
            </TextLine>
            <TextLine id="tr_1_tl_6" custom="readingOrder {index:5;}">
                <Coords points="1870,1208 1934,1189 1952,1204 1969,1193 2044,1216 2066,1197 2156,1240 2205,1232 2203,1072 2160,1088 2141,1079 2106,1088 2074,1115 2016,1096 2001,1111 1952,1103 1930,1122 1919,1115 1868,1133"/>
                <Baseline points="1880,1188 1895,1185 1940,1179 1985,1179 2029,1182 2074,1188 2119,1188 2164,1182 2208,1185"/>
                <TextEquiv>
                    <Unicode>III.</Unicode>
                </TextEquiv>
            </TextLine>
            <TextLine id="tr_1_tl_7" custom="readingOrder {index:6;}">
                <Coords points="1386,1285 1429,1294 1503,1260 1548,1262 1563,1279 1681,1273 1724,1242 1778,1249 1816,1272 1820,1206 1732,1171 1621,1206 1573,1184 1552,1201 1505,1195 1477,1212 1431,1191 1391,1204"/>
                <Baseline points="1397,1238 1420,1241 1465,1238 1510,1235 1555,1235 1599,1232 1644,1229 1689,1223 1734,1220 1779,1217 1823,1220"/>
                <TextEquiv>
                    <Unicode>Betriebsgesellschaft m. b. H.</Unicode>
                </TextEquiv>
            </TextLine>
            <TextLine id="tr_1_tl_8" custom="readingOrder {index:7;}">
                <Coords points="1638,1434 2094,1380 2248,1410 2625,1337 3057,1361 3087,1242 2996,1223 2846,1283 2702,1234 2259,1242 1646,1358"/>
                <Baseline points="1653,1405 1698,1405 1743,1402 1788,1399 1832,1399 1877,1399 1922,1391 1967,1388 2011,1385 2056,1382 2101,1379 2146,1376 2191,1370 2235,1367 2280,1364 2325,1361 2370,1355 2414,1352 2459,1346 2504,1343 2549,1343 2594,1337 2638,1334 2683,1331 2728,1325 2773,1322 2817,1322 2862,1319 2907,1313 2952,1310 2996,1304 3041,1301 3086,1301"/>
                <TextEquiv>
                    <Unicode>wären, uns als Vorspeise den „Anatol“ zu über-</Unicode>
                </TextEquiv>
            </TextLine>
            <TextLine id="tr_1_tl_9" custom="readingOrder {index:8;}">
                <Coords points="2467,1406 2476,1408 2493,1397 2515,1406 2536,1399 2541,1404 2562,1393 2609,1410 2635,1395 2672,1395 2674,1350 2644,1348 2622,1361 2597,1345 2575,1356 2549,1345 2536,1356 2468,1358"/>
                <Baseline points="2477,1388 2498,1388 2543,1385 2588,1388 2632,1385 2677,1385"/>
                <TextEquiv>
                    <Unicode>a-</Unicode>
                </TextEquiv>
            </TextLine>
            <TextLine id="tr_1_tl_10" custom="readingOrder {index:9;}">
                <Coords points="1649,1524 2584,1496 2798,1431 3024,1442 3028,1373 2442,1423 2173,1378 1986,1444 1655,1451"/>
                <Baseline points="1659,1519 1686,1516 1731,1510 1776,1510 1820,1504 1865,1504 1910,1501 1955,1495 1999,1492 2044,1489 2089,1486 2134,1480 2179,1477 2223,1474 2268,1468 2313,1468 2358,1465 2402,1459 2447,1456 2492,1453 2537,1450 2582,1444 2626,1441 2671,1438 2716,1435 2761,1429 2805,1429 2850,1423 2895,1420 2940,1417 2985,1417 3029,1417"/>
                <TextEquiv>
                    <Unicode>lassen, den wir in den Kmmerspielen Anfang</Unicode>
                </TextEquiv>
            </TextLine>
            <TextLine id="tr_1_tl_11" custom="readingOrder {index:10;}">
                <Coords points="1649,1629 2390,1603 2667,1545 2915,1565 2994,1546 3001,1444 2805,1438 2427,1522 2042,1490 1868,1545 1657,1520"/>
                <Baseline points="1662,1611 1701,1608 1746,1608 1791,1605 1835,1599 1880,1599 1925,1591 1970,1591 2014,1588 2059,1585 2104,1582 2149,1579 2194,1576 2238,1570 2283,1567 2328,1564 2373,1561 2417,1558 2462,1555 2507,1549 2552,1549 2596,1543 2641,1540 2686,1537 2731,1534 2776,1531 2820,1525 2865,1522 2910,1519 2955,1519 2999,1525"/>
                <TextEquiv>
                    <Unicode>Dezember herauszubringen den Wunsch haben:</Unicode>
                </TextEquiv>
            </TextLine>
            <TextLine id="tr_1_tl_12" custom="readingOrder {index:11;}">
                <Coords points="1642,1683 1670,1689 1748,1657 1773,1668 1851,1642 1896,1638 1935,1651 2010,1627 2038,1636 2044,1593 1853,1603 1690,1640 1649,1629"/>
                <Baseline points="1656,1656 1689,1656 1734,1650 1779,1647 1823,1638 1868,1632 1913,1626 1958,1620 2002,1617 2047,1614"/>
                <TextEquiv>
                    <Unicode>Dʼoù le prix de lʼhonneur ses maires.</Unicode>
                </TextEquiv>
            </TextLine>
            <TextLine id="tr_1_tl_13" custom="readingOrder {index:12;}">
                <Coords points="1818,1719 1977,1735 2194,1683 2996,1634 3035,1618 3041,1546 1823,1659"/>
                <Baseline points="1829,1704 1832,1704 1877,1701 1922,1698 1967,1695 2011,1692 2056,1689 2101,1689 2146,1683 2191,1677 2235,1674 2280,1671 2325,1668 2370,1665 2414,1662 2459,1659 2504,1656 2549,1653 2594,1647 2638,1644 2683,1638 2728,1635 2773,1632 2817,1629 2862,1623 2907,1620 2952,1620 2996,1614 3041,1614"/>
                <TextEquiv>
                    <Unicode>Dass Ter „einsame Weg“ von uns für den</Unicode>
                </TextEquiv>
            </TextLine>
            <TextLine id="tr_1_tl_14" custom="readingOrder {index:13;}">
                <Coords points="1674,1842 2771,1741 2986,1778 2994,1690 2855,1657 2495,1709 2317,1676 1679,1776"/>
                <Baseline points="1686,1820 1698,1817 1743,1811 1788,1808 1832,1805 1877,1802 1922,1799 1967,1794 2011,1791 2056,1791 2101,1785 2146,1785 2191,1779 2235,1776 2280,1773 2325,1767 2370,1764 2414,1761 2459,1758 2504,1755 2549,1749 2594,1746 2638,1740 2683,1740 2728,1734 2773,1734 2817,1728 2862,1725 2907,1722 2952,1716 2996,1713"/>
                <TextEquiv>
                    <Unicode>nächsten Herbst und nicht schon für diese</Unicode>
                </TextEquiv>
            </TextLine>
            <TextLine id="tr_1_tl_15" custom="readingOrder {index:14;}">
                <Coords points="1679,1926 2328,1902 2590,1849 2713,1877 2878,1818 3026,1831 3029,1778 2906,1752 2457,1821 2132,1805 1982,1863 1743,1876 1685,1840"/>
                <Baseline points="1689,1910 1734,1910 1779,1904 1823,1901 1868,1898 1913,1895 1958,1889 2002,1886 2047,1883 2092,1880 2137,1877 2182,1871 2226,1868 2271,1865 2316,1862 2361,1859 2405,1859 2450,1853 2495,1847 2540,1844 2585,1841 2629,1838 2674,1835 2719,1832 2764,1826 2808,1823 2853,1820 2898,1814 2943,1811 2988,1808 3032,1808"/>
                <TextEquiv>
                    <Unicode>Spielzeit in Aussicht genommen ist, werden</Unicode>
                </TextEquiv>
            </TextLine>
            <TextLine id="tr_1_tl_16" custom="readingOrder {index:15;}">
                <Coords points="1689,2012 2035,2020 2706,1935 2796,1964 2934,1920 3031,1954 3041,1842 1692,1949"/>
                <Baseline points="1698,2008 1743,2005 1788,1999 1832,1996 1877,1994 1922,1991 1967,1988 2011,1982 2056,1979 2101,1976 2146,1973 2191,1970 2235,1964 2280,1961 2325,1958 2370,1955 2414,1952 2459,1949 2504,1943 2549,1940 2594,1937 2638,1931 2683,1928 2728,1925 2773,1922 2817,1919 2862,1919 2907,1913 2952,1907 2996,1904 3041,1901"/>
                <TextEquiv>
                    <Unicode>Sie verstehen. Sowohl die Überlastung des</Unicode>
                </TextEquiv>
            </TextLine>
            <TextLine id="tr_1_tl_17" custom="readingOrder {index:16;}">
                <Coords points="1689,2119 2167,2107 2371,2057 2410,2094 2556,2085 3052,2010 3056,1960 2975,1935 2876,1977 2291,1990 2117,2035 1696,2016"/>
                <Baseline points="1698,2101 1713,2098 1758,2095 1802,2092 1847,2089 1892,2083 1937,2080 1982,2080 2026,2077 2071,2071 2116,2068 2161,2065 2205,2062 2250,2056 2295,2053 2340,2050 2385,2047 2429,2044 2474,2041 2519,2038 2564,2032 2608,2029 2653,2026 2698,2023 2743,2020 2788,2017 2832,2011 2877,2008 2922,2005 2967,1999 3011,1994 3056,1988"/>
                <TextEquiv>
                    <Unicode>Deutschen Theaters mit längst fälligen Pre-</Unicode>
                </TextEquiv>
            </TextLine>
            <TextLine id="tr_1_tl_18" custom="readingOrder {index:17;}">
                <Coords points="1698,2214 1924,2220 2059,2169 2431,2169 2779,2107 2867,2141 2981,2119 2985,2059 1705,2130"/>
                <Baseline points="1710,2194 1734,2194 1779,2188 1823,2185 1868,2182 1913,2179 1958,2176 2002,2173 2047,2167 2092,2164 2137,2158 2182,2155 2226,2152 2271,2149 2316,2143 2361,2140 2405,2137 2450,2134 2495,2131 2540,2125 2585,2122 2629,2119 2674,2116 2719,2110 2764,2107 2808,2104 2853,2101 2898,2098 2943,2092 2988,2089"/>
                <TextEquiv>
                    <Unicode>mieren als die Unklarheit über die Pläne</Unicode>
                </TextEquiv>
            </TextLine>
            <TextLine id="tr_1_tl_19" custom="readingOrder {index:18;}">
                <Coords points="1705,2283 2021,2306 2760,2208 3203,2222 3215,2081 1711,2223"/>
                <Baseline points="1716,2280 1734,2280 1779,2280 1823,2280 1868,2277 1913,2271 1958,2268 2002,2265 2047,2262 2092,2259 2137,2253 2182,2250 2226,2247 2271,2241 2316,2238 2361,2235 2405,2232 2450,2226 2495,2226 2540,2223 2585,2220 2629,2214 2674,2211 2719,2205 2764,2202 2808,2199 2853,2196 2898,2194 2943,2191 2988,2185 3032,2182 3077,2179 3122,2176 3167,2176 3211,2173"/>
                <TextEquiv>
                    <Unicode>Bassermanns in dieser Saison macht ein früheres</Unicode>
                </TextEquiv>
            </TextLine>
            <TextLine id="tr_1_tl_20" custom="readingOrder {index:19;}">
                <Coords points="1715,2394 1967,2379 2042,2403 2066,2382 2231,2356 2332,2384 2339,2300 2106,2294 1990,2339 1920,2315 1870,2338 1720,2315"/>
                <Baseline points="1725,2382 1758,2379 1802,2379 1847,2373 1892,2370 1937,2367 1982,2364 2026,2358 2071,2355 2116,2352 2161,2349 2205,2343 2250,2340 2295,2337 2340,2334"/>
                <TextEquiv>
                    <Unicode>Ansetzen unmöglich.</Unicode>
                </TextEquiv>
            </TextLine>
            <TextLine id="tr_1_tl_21" custom="readingOrder {index:20;}">
                <Coords points="1907,2496 2326,2470 2523,2416 2726,2440 2895,2392 3155,2416 3164,2291 2882,2341 2556,2317 2347,2382 2223,2358 2124,2418 1915,2382"/>
                <Baseline points="1919,2459 1955,2456 1999,2453 2044,2450 2089,2450 2134,2447 2179,2441 2223,2438 2268,2435 2313,2432 2358,2429 2402,2426 2447,2420 2492,2417 2537,2411 2582,2408 2626,2405 2671,2399 2716,2396 2761,2394 2805,2391 2850,2388 2895,2385 2940,2382 2985,2379 3029,2376 3074,2373 3119,2370 3164,2373"/>
                <TextEquiv>
                    <Unicode>Ich wäre Ihnen persönlich sehr dankbar,</Unicode>
                </TextEquiv>
            </TextLine>
            <TextLine id="tr_1_tl_22" custom="readingOrder {index:21;}">
                <Coords points="1735,2616 3071,2510 3207,2480 3211,2435 2755,2427 2519,2480 2435,2444 2229,2513 2098,2478 1743,2521"/>
                <Baseline points="1749,2579 1782,2576 1826,2573 1871,2573 1916,2567 1961,2564 2005,2564 2050,2561 2095,2555 2140,2549 2185,2546 2229,2540 2274,2537 2319,2534 2364,2531 2408,2528 2453,2525 2498,2519 2543,2516 2588,2513 2632,2507 2677,2504 2722,2501 2767,2498 2811,2495 2856,2492 2901,2489 2946,2486 2991,2480 3035,2477 3080,2474 3125,2471 3170,2468 3214,2471"/>
                <TextEquiv>
                    <Unicode>wenn Sie sich entschliessen könnten, auf diese</Unicode>
                </TextEquiv>
            </TextLine>
            <TextLine id="tr_1_tl_23" custom="readingOrder {index:22;}">
                <Coords points="1724,2698 2207,2710 2594,2620 3155,2635 3188,2539 1732,2599"/>
                <Baseline points="1734,2686 1755,2683 1799,2680 1844,2677 1889,2677 1934,2671 1979,2671 2023,2668 2068,2662 2113,2659 2158,2653 2202,2650 2247,2647 2292,2644 2337,2638 2382,2635 2426,2632 2471,2626 2516,2623 2561,2620 2605,2617 2650,2611 2695,2608 2740,2605 2785,2602 2829,2599 2874,2596 2919,2594 2964,2594 3008,2588 3053,2582 3098,2579 3143,2576 3188,2579"/>
                <TextEquiv>
                    <Unicode>Vorschläge einzugehen und bitten Sie in jedem</Unicode>
                </TextEquiv>
            </TextLine>
        </TextRegion>
    </Page>
</PcGts>
