4408 3625
2113 807 2710 943 Berlin, 6. Juni 1919.
1490 1273 2508 1408 Herrn Dr. Arthur Schnitzler
2514 1365 2817 1472 Wien XVIII
2266 1457 2769 1613 Sternwartestr. 71
1509 1628 2264 1760 Sehr verehrter Herr Doktor,
1790 1806 2874 1907 ich danke Ihnen herzlich für Ihren lie-
1509 1904 2878 1996 benswürdigen Brief und die vertrauensvolle Bedeu-
1518 1973 2927 2087 tung, die Sie meiner Regie des "Reigens" beimessen.
1812 2062 2955 2168 Da ich selbst bestimmt das werk inszenie-
1514 2143 2958 2258 ren möchte, und da für Sie nach Ihrem Wort meine Re-
1514 2233 2947 2365 gie ein conditio sine qua non für die Aufführung an
1509 2330 2986 2437 meinen Bühnen ist, so möchte ich Sie herzlich bitten,
1512 2418 2936 2514 mir auch die Voraussetzungen für eine bestimmte Zu-
1523 2499 2694 2631 sage einer solchen Uebernahme zu gewähren.
1841 2609 2900 2686 Die Eröffnung des "Grossen Schauspiel-
