4408 3705
2188 591 2974 756 Charlottenburg, d. 7. XI. 28.
1410 665 1730 752 Reinhardt.
1287 720 1698 891 Holländer
1291 853 1504 1008 Rou
1274 974 2809 1232 Mein lieber und verehrter Herr Dr. Schnitzler,
1516 1270 2938 1456 Mich traf bei meiner Rückkehr nicht nur
1395 1381 2872 1537 ein Wust von Arbeit an, sondern ich stiess
1404 1474 2898 1641 auch auf Komplikationen schwerster Art
1750 1506 1908 1567 auch
1410 1569 2910 1698 Und diese Verhältnisse habere sich bis
1412 1664 3003 1861 zu dem Grade gesteigert, dass wir gestern
1422 1738 2952 1928 infolge des  Greike ohne Licht Waren und
1436 1837 3001 2037 nicht Spielen konnten. Trotzdem bemitze
1424 1940 2912 2101 ich die erste freie Stunde, ein Ihnen
1442 2031 2972 2208 Bericht zu erstatten. Die Proben von
1448 2148 3043 2301 "Reigen" sollen, wenn nichts ungeahntes
1464 2248 3007 2426 dazwischen kommt, in der kommenden
1472 2331 2914 2513 Woche beginnen, and all all daran
2609 2422 2718 2496 G.C.H.P.
1484 2436 2962 2642 gesetzt werden, die Première des „Regen“
1496 2579 2878 2710 in November herauszubringen.
2654 2613 2940 2714 9 Jesuwertig
1512 2656 3081 2805 Voraussetzung ist natürlich, dass der Freik¬
1518 2744 3011 2942 wie ich hoffe, sehr bald sein Ende erreicht,
