4456 3559
2072 743 2170 882 G.C.P.
1549 873 3081 1027 uns ordnungsmässig die gesamte Abrechnung. Diese
1545 993 3063 1081 Abrechnung trug zum Teil bei einzelnen Beträgen
1540 1060 3114 1208 den Vermerk, dass die Tantièmen an die jeweiligen
1438 1168 3233 1299 Direktionen in Skandnavien zur Weiterleitung über-
1540 1279 3161 1380 geben seien, was auch den Tatsachen entsprach. Mona¬
1545 1364 3038 1489 te später erfuhren wir dann durch Ihren Verlag,
1540 1480 3047 1590 dass bisher keine Beträge eingegangen seien und
1531 1547 3159 1672 daraufhin begann nun von uns aus ein längeres Hin-
1536 1643 3108 1784 und Herk orrespondieren mit den einzelnen Theatern
1534 1739 2974 1873 in Skandthavien, wobei sich eine ganze Anzahl
1540 1831 3103 1945 von Missverständnissen herausstellte. Die Theater
1527 1920 1630 1982 G.C.F.
1788 1931 1907 1989 mais
1536 1924 2985 2043 selbst haben durchaus korrekt verfahren, aber
1340 1987 1447 2096 G.H.F.P.
1502 2023 1619 2103 V.P.
1737 2020 2081 2090 reVoeilnd
1534 2003 3123 2172 sich ausserordentlich schwerfällig in allen diesen
1735 2121 1956 2183 Gollais
2072 2121 2253 2192 Londresse
2393 2125 2480 2181 G.F.P
1531 2125 3016 2253 Dingen verhalten, sodass wir hier nie ein ganz
1657 2221 1761 2284 V.V.P.
1534 2237 3043 2360 klares Bild über die tatsächlichen Verhältnisse
1534 2317 3141 2454 bekommen konnten. Es hätte keinen Zweck gehabt, wie
1554 2416 3163 2554 wir das auch dem Verlage S. Fischer gegenüber betont
1880 2514 1962 2572 dans les
2389 2507 3103 2639 ie nicht völlig nach je-
1531 2512 2349 2634 haben, Dinge abzurechnen,
1527 2612 3072 2764 der Richtung hin geklärt waren und nur eine ober
