4408 3672
2341 697 2532 800 Berlin, den
2392 1025 2481 1131 n i
1735 1025 2267 1156 Herrn Arthur S
2630 1231 3084 1349 ernwartestr. 71.
1327 1428 1425 1519 G.C.P.
1661 1387 3102 1557 Sehr verehrter lieber Herr Arthur Schnitzler,
1837 1570 3035 1690 Wenn ich Ihnen, in meinem letzten Tele¬
1661 1630 3022 1791 gramm Ihre Fragen auch bereits beantwortet
1659 1730 2993 1868 habe, so drängt es mich doch, noch einige
1661 1849 2924 1982 persönliche Worte an Sie zu richten und
1673 1955 3129 2069 ausserdem auch über den „Reigen“ ausführlicher
1666 2020 3058 2151 mit Ihnen zu sprechen. Ich bitte Sie herz¬
1666 2109 3035 2232 lich, es als keine leere Redensart aufzufas-
1666 2194 3029 2349 sen, wenn ich ihnen erkläre: Gerade Ihnen
1664 2285 3107 2430 gegenüber habe ich es besonders bitter empfun¬
1664 2390 3055 2499 den, dass die verflossene Spielzeit Ihre be¬
1688 2472 2851 2610 rechtigten Wünsche nicht erfüllt hat.
