4488 3577
2251 721 3128 866 Berlin A.W. 6, den 7. Februar 1921
2249 847 2517 908 Schumannstr. 13a
1846 864 2625 973 ist ihre Stemme ein, xxx
2697 942 3000 1061 Gewandte herausamt
1317 966 2638 1066 Deutsches Theater. Kammerspiele
2244 1018 2353 1098 IV.
1458 1029 2192 1159 Großes Schauspielhaus
2385 1033 3152 1150 und mich gesind Lädner
2186 1053 2335 1139 G.C.F.P.
1473 1098 1904 1181 Betriebsgesellschaft m. b. H.
1768 1105 3020 1243 nelei smede2 ist dasjarebbe aab Morat Lemnte
1278 1174 1402 1345 B
1540 1200 3252 1358 der Theater und damit die Verantwortung für die Existenz von
2385 1319 2820 1389 receuil de l'année.
1549 1326 3267 1464 700 Menschen zu einem Zeitpunkt übernommen, der äusserst kri-
1386 1339 1490 1534 Nunen.
1540 1417 3208 1573 tisch war. Und die Situation wurde im Verlauf der folgenden
1373 1490 1469 1631 Täivätä
1540 1545 3232 1655 4 Monate immer kritischer: sodass ich selbst bei starkem Er-
1542 1607 3184 1744 folge mit der Möglichkeit eines wirtschaftlichen Zusammen-
1549 1729 3230 1841 bruchs rechnen muss, denn während der kurzen Zeit meines di-
1549 1804 3260 1939 rektorialen Tirkens hatte sich der Etat meiner Bühnen, infol-
1555 1915 3234 2032 ge der tarifmässigen Erhöhungen der Löhne und Gagen, um sage
1555 1991 3171 2114 und schreibe 1 Million erhöht. Mit dieser ungeheuerlichen
1937 2058 2316 2121 votre beau moins ou une autre ami-
1555 2071 3267 2203 Steigerung des Ausgabenstandes hat keine andere Berliner Büh-
1551 2177 3200 2283 ne auch nur annäbernd zu kämpfen, weil es im Wesen unseres
1562 2253 3299 2379 grossen Apparates liegt, auf hunderte von Arbeitern angewiesen
1562 2335 3197 2485 zu sein, wo die anderen mit 1 bis 2 Dtz. auskommen können.
1750 2424 3206 2552 Sie werden mir vielleicht sagen: selbstverständlich
1564 2543 3280 2658 glaube ich Ihnen diese Darstellung Ihrer Nöte; aber was haben
1545 2589 3245 2732 sie mit der Aufführung eines verhältnismässig einfachen und
2742 2708 3122 2825 figurenarmen
