4455 3592
1677 704 2130 821 Le Décembre F. A. M r de
1859 779 2136 862 .cEt xxx
1656 813 3094 997 Ich verkenne das Gewicht der Bedenken nicht,
2358 888 3052 973 alsigkeiten xxx waren xxx
1507 945 2947 1072 die sich Ihnen sofort aufdrängen werden. Sie
2554 999 2918 1068 xxx
1515 1007 3080 1181 werden sich wohl sagen:„ hier wird mir nun neuer-
1517 1092 3105 1280 dings ein Vertrag angeboten, für dessen Einhaltung
1523 1207 3028 1355 ich keine grössere Gewähr empfange, als für die
1525 1345 2961 1476 Einhaltung des Vertrages über die Schwestern.
2277 1424 2593 1493 niel enier
1535 1410 2971 1565 Nun darf ich aber feststellen, dass ähnliche
1533 1523 3038 1656 Gedankenreihen hier besprochen worden sind. Wir
1543 1618 3048 1747 sagen uns selbst: Wenn wir ihnen gegenüber nun
1543 1705 3096 1853 eine neue Verbindlichkeit eingehen und auch diese
1537 1792 3133 1964 nicht einhalten, dann muss Ihr Vertrauen zum Deut-
1555 1911 3072 2049 sohen Theater ein für alle Mal erschüttert sein,
1551 2012 3054 2160 dann sind Ihre Beziehungen mit uns kaum mehr wie
1547 2091 3028 2255 herzustellen. Dass aus solcher Erkenntnis der
1565 2190 3052 2356 bestimmte und energische Willen, die neu zu über-
1559 2294 3054 2441 nehmende Verpflichtung auch zu erfüllen, hervorg
1574 2423 2196 2526 hen muss, ist klar.
1725 2463 3048 2623 Es wäre mir sehr lieb, wenn Ihnen dieser
1582 2569 3208 2734 Vorschlag diskutabel erschiene und wenn Sie geneigt
