4472 3608
2115 669 2969 874 Berlin UW. 6, den 30. September 192
2117 802 2393 917 Schumannstr. 13a.
1922 905 2929 1076 Es Ehew „stniemeg Jante absdorat
1212 924 1907 1100 Deutsches Theater - Kammerspiele
1236 1024 2934 1207 ###. xxx.
1329 1019 1803 1129 Großes Schauspielhaus
1529 1119 2948 1295 gedosset nendl ihm xxxx.tseb tedeiftlados/mi xxx
1267 1176 1362 1312 be
1319 1214 2936 1364 ö meile mi me esso, zaw Jniemeg Jdoim saiweg timow
1369 1279 3129 1457 ist, als die ähnlichen Zustände in Wien. Es ist doch
1343 1374 3155 1555 gar kein Zweifel, dass es sich für Sie um eine mo-
1269 1491 3181 1622 ralische Genugtuung handelt, und dass die Höhe der in
1334 1572 2991 1726 Frage kommenden Summen schliesglich Nebensache ist.
1384 1636 3215 1829 ### aus ähnlichen Erwägungen heraus, bittet Sie BOI-
1314 1741 3203 1893 LAENDER, sich mit einer Garantiesumme für „Anatol“ zu-
1519 1822 3188 1991 frieden zu geben, die der für den „Reigen“ gezahlten
1538 1931 3179 2091 gleichkommt, das ist also Mk. 10 000.—, statt der von
1274 1929 1405 2100 Näytteen
1538 2012 3179 2153 Ihnen vorgeschlagenen Mk. 20 000.—. Es ist uns völ¬
1548 2103 3208 2250 lig klar, dass die Endsumme der „Anatol“Tantième, auch
1529 2200 3158 2331 die von Ihnen genannte Summe weit übersteigen wird.
1550 2269 3198 2422 Das Theater ist aber in seinen wirtschaftlichen Mass-
1557 2355 3134 2527 nahmen so beengt, dass eine Zahlung von Mk. 20 000.-
1557 2438 3241 2636 durchaus keine so einfache Sache ist. Herr HollaENDER
1567 2548 3188 2755 hat, als er mit mir über diese Dinge sprach, die
2958 2646 3162 2748 michaus
