4488 3577
2994 657 3203 801 192 1.
2302 675 2784 809 Berlin UW. 6, den 30.
2300 772 2579 865 Schumannstr. 18a.
1398 886 2115 1047 Deutsches Theater. Kmmerspiele
2030 977 2684 1119 Il. xxx
1522 987 1993 1088 Großes Schauspielhaus
1547 1066 1974 1175 Betriebsgesellschaft m. d. H.
2214 1099 2338 1189 28
1646 1099 3310 1276 flächliche Abrechnung, für die wir die Verantwortung
1656 1239 3201 1404 nicht völlig übernehmen konnten, zu schicken. Erst
1662 1324 3279 1518 ein langwieriger Briefwechsel hat nun endlich Klar-
1658 1472 3230 1623 heit gebracht und wir haben Ihrem Verlage gestern
1664 1569 3221 1718 mitgeteilt, dass nunmehr unverzüglich die genaue
1666 1654 3269 1786 Aufstellung und gleichzeitig auch die Beträge fol-
1673 1755 3234 1933 gen. Wir bitten Sie, schr verehrter Herr Doktor,
1685 1854 3240 2001 wegender langen Verzögerung vielmals um Entschul-
1681 1958 3314 2119 digung und bitten Sie, überzeugt zu sein, dass wir
1687 2036 3209 2216 alles getan haben, um in penibelster Weise ab zu-
1681 2156 3164 2309 rechnen. Wenn das Resultat so lange auf sich
1702 2255 3197 2395 warten liess, so lag es tatsächlich daran, dass
1691 2338 3203 2523 die skandinasischen Theater sich sehr viel Zeit
1699 2445 3273 2600 liessen und dann auch noch, der deutschen Sprache
1716 2559 3302 2691 nicht so sehr kundig, manchmal so unklar ausdrück-
1718 2651 3153 2839 ten, dass wiederholt Rückfragen notwendig wa-
