4456 3576
2439 700 2573 829 A.H.M.
1395 772 3160 975 Sie ja wissen - besondere Liebe empfinde, mit HALLAENDER
1409 879 3115 1051 lange gesprochen. Er hat mich versichert, dass alles ge-
2611 960 2974 1027 adresseur et les mêmes
1405 987 3101 1144 schehen ist, um die Aufführung des Stückes möglich zu
1409 1096 3160 1218 machen, dass dieser Versuch aber bisher daran scheiterte,
1417 1173 3177 1328 dass BOISSI zu der Rolle des Casanova keine Beziehung fin-
1419 1266 3208 1417 den kann und sich weigert sie zu spielen. Es ist Ihnen ja
1424 1338 3175 1481 bekannt, dass ein Versuch, die Rolle mit JANSSEN, der übri-
1428 1428 3189 1596 gens aus dem Verbande des Deutschen Theaters geschieden ist,
1436 1519 3189 1665 zu besetzen, gescheitert ist. Ich muss nach meiner Kennt-
1436 1617 3189 1772 nis der biesigen Personalverbältnisse zugestehen, dass augen-
1433 1691 3196 1837 blicklich eine Besetzungsmöglichkeit nicht besteht. Ich se-
1299 1801 3172 1940 he nur eine, allerdings nicht ganz befriedigende Lösung, in
1436 1894 3232 2042 der Besetzung des Casanova durchGEORGE, der vom 1. Januar 22
1276 1983 3199 2150 an dem Deutschen Theater angehört.GEORGE, der wesentlich
1345 2078 3249 2198 schwerer ist als MOISSI, kann den Casanova zweifellos spielen,
1462 2138 3273 2300 würde ihn aber wohl mehr von der brutalen als von der ele-
1407 2238 2862 2384 ganten Seite aus anfassen.
1376 2298 3246 2477 betrifft auf diese Darstellung des Tatbestandes, die ich Ihnen
1299 2439 3218 2556 rückhaltlos und ohne Nebengedanken gebe, möge Sie davon über
1479 2501 3220 2714 zeugen, dass nicht etwa Gleichgültigkeit vonseiten HollaEw
