4472 3578
2191 609 3045 762 Berlin WW. 6, den 1. Dez. 192 1
2186 741 2475 848 Schumannstr. 13a.
1278 873 1993 1003 Deutsches Theater. Kmmerspiele
1978 926 2180 1052 Herrn
1396 966 1878 1064 Großes Schauspielhaus
2086 970 2788 1130 Dr. Arthur Schnitzler
1423 1027 1851 1147 Betriebsgesellschaft m. b. H.
2615 1066 2777 1155 Wie
2578 1145 2674 1194 — —
1293 1128 1383 1225 B
2456 1180 3026 1318 Sternwartestrasse
1523 1388 2425 1540 Sehr verehrter Herr Doktor!
1719 1482 3105 1670 Ihr Brief vom 24.v.M., der gestern in meine
1451 1598 3109 1808 Hände gelangte, hat mir keinen geringen Schrecken
1348 1577 1476 1701 Päivä.
1542 1692 3055 1865 eingejagt. Ich wähnte den Betrag von Mk.10.000
2981 1773 3098 1824 G.C.H
1548 1775 3133 1958 längst in Ihren Händen, da er auf meine Veranlas
1540 1873 3049 2069 sung und nach Ausweis unserer Bücher am 10.v.M.
1383 1855 1511 1972 P.
1552 1978 3051 2141 eingezahlt wurde. Ich habe sofort recherchiere
1322 1958 1412 2073 Räässä
1561 2088 3109 2246 und nun ein grosses Versehen seitens unseres Ren-
1569 2172 3070 2353 danten feststellen müssen: Nach meiner Rückkehr
1563 2248 3181 2433 aus Wien habe ich unseren Rendanten auf einem Merk-
1577 2380 3098 2547 zettel sofort die Adresse Ihres Bankdepots ange-
1585 2477 3162 2654 geben. Der Rendant hat wohl diesen Zettel irgend-
1583 2590 2975 2767 wie verloren und hat dann, als ich zufällig
