3792 3703
2583 644 2768 768 191 9
1955 648 2394 793 Berlin, den 15. 5.
1120 866 1695 988 Deutsches Theater zu Berlin
1343 1189 2260 1333 Herrn Dr. Arthur Schnitzler
2238 1287 2392 1388 Wien
2053 1370 2610 1488 Sternwartestr. 73
1356 1463 2219 1589 Sehr verehrter Herr Doktor,
2421 1500 2510 1579 G.F.P.
1703 1551 2909 1675 ich danke Ihnen bestens für Ihren lie-
1364 1695 2923 1778 benswürdigen ausführlichen Brief. Ihren eingehen-
1356 1754 2953 1870 den Ausführungen verschliesse ich mich nicht. Nach
1303 1850 2933 1978 meiner Ihnen schon aus dem vorigen Brief bekannten
1370 1959 2906 2051 eingehenden Begründung bin ich entschlossen, den
1386 2053 2811 2136 „Reigen“ persönli ch zu inszenieren. Nur ganz
1368 2144 2874 2226 ausserordentliche Verhältnisse könnten mich zum
1364 2222 2652 2313 Rücktritt von diesem Entschluss zwingen.
1705 2299 2852 2425 Mit meiner Regieübernahme hängt die
1362 2404 2902 2512 Festsetzung des Termins eng zusammen. Bei meiner
1362 2467 2819 2598 vorgesehenen Rückkehr im Laufe des September
1370 2593 2976 2709 und den brennenden dringenden Aufgaben des Grossen
1364 2646 3000 2813 Schauspielhauses ist es für meine persönliche Regie
