<?xml version="1.0" encoding="UTF-8" standalone="yes"?>
<PcGts xmlns="http://schema.primaresearch.org/PAGE/gts/pagecontent/2013-07-15" xmlns:xsi="http://www.w3.org/2001/XMLSchema-instance" xsi:schemaLocation="http://schema.primaresearch.org/PAGE/gts/pagecontent/2013-07-15 http://schema.primaresearch.org/PAGE/gts/pagecontent/2013-07-15/pagecontent.xsd">
    <Metadata>
        <Creator>prov=READ-COOP:name=TrHtr:version=2.1.0:model_id=51170:date=25_07_2023_15:35</Creator>
        <Created>2023-05-01T22:06:05.922+02:00</Created>
        <LastChange>2023-07-25T15:35:13.146+02:00</LastChange>
        <TranskribusMetadata docId="1416473" pageId="54948133" pageNr="24" tsid="130706154" status="IN_PROGRESS" userId="64420" imgUrl="https://files.transkribus.eu/Get?id=SUHDAVQDDGUHBDLUVNVYOVHQ&amp;fileType=view" xmlUrl="https://files.transkribus.eu/Get?id=FJCCFJINDGBLAWJNZFEBFMXA" imageId="44452176"/>
    </Metadata>
    <Page imageFilename="1416473_0024.jpg" imageWidth="4488" imageHeight="3560">
        <ReadingOrder>
            <OrderedGroup id="ro_1711829943269" caption="Regions reading order">
                <RegionRefIndexed index="0" regionRef="tr_1"/>
            </OrderedGroup>
        </ReadingOrder>
        <TextRegion id="tr_1" custom="readingOrder {index:0;}">
            <Coords points="1296,636 3201,636 3201,2802 1296,2802"/>
            <TextLine id="tr_1_tl_1" custom="readingOrder {index:0;}">
                <Coords points="1367,740 1384,740 1407,723 1421,725 1451,709 1478,715 1517,705 1540,686 1602,696 1611,613 1590,609 1548,634 1536,630 1507,642 1476,638 1434,615 1411,621 1380,615"/>
                <Baseline points="1379,713 1385,710 1430,704 1475,698 1520,692 1564,689 1609,686"/>
                <TextEquiv>
                    <Unicode>Reall</Unicode>
                </TextEquiv>
            </TextLine>
            <TextLine id="tr_1_tl_2" custom="readingOrder {index:1;}">
                <Coords points="1480,808 1492,808 1498,813 1503,808 1513,808 1532,794 1548,798 1561,790 1586,796 1594,742 1577,736 1565,721 1552,727 1538,711 1513,725 1490,725"/>
                <Baseline points="1493,791 1502,791 1547,788 1591,779"/>
                <TextEquiv>
                    <Unicode>ll.</Unicode>
                </TextEquiv>
            </TextLine>
            <TextLine id="tr_1_tl_3" custom="readingOrder {index:2;}">
                <Coords points="2203,831 2429,819 2714,867 2964,827 3051,850 3090,844 3090,702 3013,731 2868,705 2708,773 2300,788 2203,765"/>
                <Baseline points="2213,818 2242,818 2287,818 2332,818 2377,818 2422,815 2466,815 2511,812 2556,815 2601,815 2646,818 2690,815 2735,815 2780,815 2825,812 2870,809 2914,809 2959,809 3004,812 3049,809 3094,815"/>
                <TextEquiv>
                    <Unicode>Berlin WW. 6, den 2. Dezember 1920.</Unicode>
                </TextEquiv>
            </TextLine>
            <TextLine id="tr_1_tl_4" custom="readingOrder {index:3;}">
                <Coords points="1342,867 1380,879 1386,873 1390,877 1407,875 1428,862 1440,875 1449,877 1478,756 1465,752 1451,738 1434,742 1428,732 1403,748 1392,734 1380,740 1370,738"/>
                <Baseline points="1358,842 1379,833 1424,821 1469,815"/>
                <TextEquiv>
                    <Unicode>4o</Unicode>
                </TextEquiv>
            </TextLine>
            <TextLine id="tr_1_tl_5" custom="readingOrder {index:4;}">
                <Coords points="2192,916 2213,906 2230,914 2267,894 2292,896 2307,887 2382,894 2431,883 2442,891 2461,875 2475,877 2477,829 2429,821 2390,835 2355,819 2317,837 2298,825 2261,835 2193,831"/>
                <Baseline points="2204,863 2213,863 2257,863 2302,860 2347,860 2392,857 2437,857 2481,854"/>
                <TextEquiv>
                    <Unicode>Schumannstr. 15a.</Unicode>
                </TextEquiv>
            </TextLine>
            <TextLine id="tr_1_tl_6" custom="readingOrder {index:5;}">
                <Coords points="1286,1022 1392,1045 1463,1027 1563,1043 1712,1010 1866,1033 1985,1020 2001,917 1897,943 1825,927 1775,962 1698,946 1619,968 1419,966 1365,939 1313,966 1288,954"/>
                <Baseline points="1296,1024 1329,1021 1373,1021 1418,1018 1463,1015 1508,1015 1553,1015 1597,1012 1642,1012 1687,1009 1732,1006 1777,1006 1821,1006 1866,1006 1911,1003 1956,1003 2001,1000"/>
                <TextEquiv>
                    <Unicode>Deutsches Theater. Kmmerspiele</Unicode>
                </TextEquiv>
            </TextLine>
            <TextLine id="tr_1_tl_7" custom="readingOrder {index:6;}">
                <Coords points="2059,1070 2147,1070 2157,1068 2172,1052 2184,1056 2234,1050 2234,1000 2209,998 2186,981 2143,998 2134,993 2113,995 2101,987 2059,997"/>
                <Baseline points="2069,1045 2105,1042 2150,1042 2195,1042 2239,1042"/>
                <TextEquiv>
                    <Unicode>Herrn</Unicode>
                </TextEquiv>
            </TextLine>
            <TextLine id="tr_1_tl_8" custom="readingOrder {index:7;}">
                <Coords points="1411,1103 1492,1089 1521,1099 1546,1085 1735,1099 1874,1079 1874,1031 1827,1020 1773,1029 1741,1012 1679,1012 1571,1043 1548,1029 1492,1041 1478,1029 1413,1033"/>
                <Baseline points="1421,1081 1430,1081 1475,1078 1520,1078 1564,1078 1609,1075 1654,1072 1699,1072 1744,1072 1788,1072 1833,1069 1878,1066"/>
                <TextEquiv>
                    <Unicode>Großes Schauspielhaus</Unicode>
                </TextEquiv>
            </TextLine>
            <TextLine id="tr_1_tl_9" custom="readingOrder {index:8;}">
                <Coords points="2226,1143 2483,1168 2573,1143 2752,1191 2943,1128 3121,1166 3121,1047 3086,1031 2885,1077 2762,1039 2546,1068 2226,1041"/>
                <Baseline points="2236,1128 2275,1125 2320,1125 2365,1125 2410,1122 2454,1122 2499,1122 2544,1122 2589,1122 2634,1122 2678,1119 2723,1122 2768,1119 2813,1119 2858,1119 2902,1116 2947,1116 2992,1119 3037,1119 3082,1119 3126,1125"/>
                <TextEquiv>
                    <Unicode>Dr. Arthur Schnitzler,</Unicode>
                </TextEquiv>
            </TextLine>
            <TextLine id="tr_1_tl_10" custom="readingOrder {index:9;}">
                <Coords points="1430,1189 1467,1182 1515,1195 1611,1145 1658,1155 1683,1143 1717,1166 1785,1158 1808,1141 1864,1147 1864,1079 1850,1076 1791,1091 1754,1079 1739,1095 1656,1085 1584,1097 1546,1085 1521,1099 1494,1089 1432,1103"/>
                <Baseline points="1442,1131 1463,1128 1508,1128 1553,1128 1597,1128 1642,1128 1687,1128 1732,1125 1777,1125 1821,1125 1866,1125"/>
                <TextEquiv>
                    <Unicode>Betriebsgesellschaft m. b. H.</Unicode>
                </TextEquiv>
            </TextLine>
            <TextLine id="tr_1_tl_11" custom="readingOrder {index:10;}">
                <Coords points="1847,1554 2141,1563 2604,1507 3017,1569 3121,1544 3123,1426 2914,1446 2818,1409 2702,1461 2521,1424 2421,1451 2257,1374 1928,1407 1848,1370"/>
                <Baseline points="1857,1523 1872,1523 1917,1520 1962,1520 2006,1520 2051,1517 2096,1517 2141,1517 2186,1520 2230,1514 2275,1514 2320,1514 2365,1511 2410,1511 2454,1511 2499,1511 2544,1511 2589,1508 2634,1508 2678,1508 2723,1505 2768,1505 2813,1505 2858,1505 2902,1505 2947,1505 2992,1505 3037,1505 3082,1508 3126,1514"/>
                <TextEquiv>
                    <Unicode>Mein lieber, verehrter Herr Doktor Schnitzler,</Unicode>
                </TextEquiv>
            </TextLine>
            <TextLine id="tr_1_tl_12" custom="readingOrder {index:11;}">
                <Coords points="2022,1663 2247,1683 2498,1638 3142,1633 3142,1581 3071,1565 2774,1604 2610,1567 2486,1606 2022,1567"/>
                <Baseline points="2033,1651 2072,1645 2117,1645 2162,1645 2207,1642 2251,1642 2296,1642 2341,1642 2386,1642 2431,1639 2475,1639 2520,1636 2565,1636 2610,1636 2655,1633 2699,1633 2744,1633 2789,1633 2834,1633 2879,1630 2923,1630 2968,1630 3013,1630 3058,1630 3103,1630 3147,1630"/>
                <TextEquiv>
                    <Unicode>ich habe die Herren Reusch und Sladek in</Unicode>
                </TextEquiv>
            </TextLine>
            <TextLine id="tr_1_tl_13" custom="readingOrder {index:12;}">
                <Coords points="1644,1748 2625,1756 3069,1727 3115,1667 1644,1685"/>
                <Baseline points="1654,1741 1684,1738 1729,1738 1774,1738 1818,1738 1863,1738 1908,1735 1953,1735 1998,1735 2042,1735 2087,1732 2132,1732 2177,1732 2222,1732 2266,1732 2311,1729 2356,1729 2401,1729 2446,1729 2490,1726 2535,1726 2580,1726 2625,1723 2670,1723 2714,1720 2759,1720 2804,1720 2849,1717 2893,1717 2938,1717 2983,1717 3028,1717 3073,1714 3117,1714"/>
                <TextEquiv>
                    <Unicode>ihrem Entschlusse, zu Ihnen zu reisen, durchaus bekräf-</Unicode>
                </TextEquiv>
            </TextLine>
            <TextLine id="tr_1_tl_14" custom="readingOrder {index:13;}">
                <Coords points="1646,1852 2645,1847 3113,1808 3115,1769 2990,1731 2882,1775 2517,1748 2317,1781 2234,1739 2066,1783 1648,1771"/>
                <Baseline points="1657,1824 1687,1827 1732,1827 1777,1827 1821,1824 1866,1824 1911,1821 1956,1821 2001,1821 2045,1821 2090,1818 2135,1818 2180,1818 2225,1818 2269,1818 2314,1815 2359,1815 2404,1812 2448,1812 2493,1812 2538,1812 2583,1809 2628,1809 2672,1806 2717,1806 2762,1806 2807,1806 2852,1806 2896,1803 2941,1803 2986,1803 3031,1800 3076,1800 3120,1806"/>
                <TextEquiv>
                    <Unicode>tigt, weil mir die Angelegenheit, mit die es sich han-</Unicode>
                </TextEquiv>
            </TextLine>
            <TextLine id="tr_1_tl_15" custom="readingOrder {index:14;}">
                <Coords points="1640,1953 3175,1895 3175,1839 3107,1812 2912,1860 1642,1847"/>
                <Baseline points="1651,1917 1657,1917 1702,1914 1747,1914 1791,1914 1836,1911 1881,1911 1926,1908 1971,1908 2015,1908 2060,1908 2105,1905 2150,1905 2195,1905 2239,1905 2284,1905 2329,1902 2374,1902 2419,1899 2463,1899 2508,1899 2553,1896 2598,1896 2643,1896 2687,1896 2732,1896 2777,1896 2822,1893 2867,1893 2911,1890 2956,1890 3001,1893 3046,1890 3091,1890 3135,1890 3180,1887"/>
                <TextEquiv>
                    <Unicode>delt, von solcher Wichtigkeit erscheint, dass ich unter</Unicode>
                </TextEquiv>
            </TextLine>
            <TextLine id="tr_1_tl_16" custom="readingOrder {index:15;}">
                <Coords points="1636,2008 3136,2018 3173,1893 1638,1974"/>
                <Baseline points="1648,2006 1654,2006 1699,2003 1744,2003 1788,2001 1833,2001 1878,1998 1923,1998 1968,1995 2012,1995 2057,1995 2102,1992 2147,1992 2192,1992 2236,1989 2281,1989 2326,1989 2371,1989 2416,1989 2460,1986 2505,1983 2550,1983 2595,1983 2640,1983 2684,1980 2729,1980 2774,1980 2819,1980 2864,1980 2908,1980 2953,1977 2998,1980 3043,1980 3088,1980 3132,1983 3177,1986"/>
                <TextEquiv>
                    <Unicode>keinen Umständen schriftlich erledigen wollte.</Unicode>
                </TextEquiv>
            </TextLine>
            <TextLine id="tr_1_tl_17" custom="readingOrder {index:16;}">
                <Coords points="2028,2109 2494,2072 2587,2101 3111,2087 3128,1999 3003,2024 2783,1991 2558,2026 2030,2010"/>
                <Baseline points="2039,2087 2057,2084 2102,2081 2147,2078 2192,2078 2236,2078 2281,2075 2326,2075 2371,2075 2416,2072 2460,2072 2505,2072 2550,2072 2595,2072 2640,2072 2684,2069 2729,2066 2774,2066 2819,2066 2864,2066 2908,2066 2953,2063 2998,2063 3043,2063 3088,2063 3132,2069"/>
                <TextEquiv>
                    <Unicode>Obwohl all meine Dispositionen, die ich</Unicode>
                </TextEquiv>
            </TextLine>
            <TextLine id="tr_1_tl_18" custom="readingOrder {index:17;}">
                <Coords points="1650,2186 3128,2182 3146,2074 3055,2114 2853,2072 2230,2118 1652,2087"/>
                <Baseline points="1660,2177 1669,2177 1714,2177 1759,2174 1803,2171 1848,2171 1893,2171 1938,2171 1983,2168 2027,2168 2072,2168 2117,2168 2162,2165 2207,2165 2251,2165 2296,2165 2341,2165 2386,2165 2431,2165 2475,2162 2520,2159 2565,2159 2610,2159 2655,2156 2699,2156 2744,2156 2789,2156 2834,2153 2879,2153 2923,2153 2968,2150 3013,2150 3058,2150 3103,2150 3147,2150"/>
                <TextEquiv>
                    <Unicode>im Einverständnis mit Ihnen getroffen und bereits aus-</Unicode>
                </TextEquiv>
            </TextLine>
            <TextLine id="tr_1_tl_19" custom="readingOrder {index:18;}">
                <Coords points="1644,2303 2591,2251 2733,2290 2833,2247 3119,2246 3121,2180 2529,2213 2247,2168 1902,2222 1646,2190"/>
                <Baseline points="1654,2263 1690,2263 1735,2260 1779,2260 1824,2257 1869,2257 1914,2257 1959,2257 2003,2257 2048,2254 2093,2254 2138,2254 2183,2251 2227,2251 2272,2251 2317,2251 2362,2248 2407,2245 2451,2248 2496,2245 2541,2245 2586,2245 2631,2242 2675,2242 2720,2242 2765,2242 2810,2242 2855,2242 2899,2239 2944,2239 2989,2239 3034,2239 3079,2236 3123,2233"/>
                <TextEquiv>
                    <Unicode>zuführen begonnen hatte, über den Haufen geworfen und</Unicode>
                </TextEquiv>
            </TextLine>
            <TextLine id="tr_1_tl_20" custom="readingOrder {index:19;}">
                <Coords points="1656,2382 3146,2336 3146,2278 3067,2247 1658,2301"/>
                <Baseline points="1669,2350 1672,2347 1717,2347 1762,2347 1806,2347 1851,2344 1896,2344 1941,2344 1986,2344 2030,2341 2075,2341 2120,2341 2165,2338 2210,2338 2254,2338 2299,2338 2344,2338 2389,2335 2434,2335 2478,2332 2523,2332 2568,2332 2613,2332 2658,2332 2702,2332 2747,2329 2792,2329 2837,2329 2882,2326 2926,2326 2971,2326 3016,2326 3061,2326 3106,2326 3150,2320"/>
                <TextEquiv>
                    <Unicode>dadurch das Theater und ich auf das Empfindlichste ge-</Unicode>
                </TextEquiv>
            </TextLine>
            <TextLine id="tr_1_tl_21" custom="readingOrder {index:20;}">
                <Coords points="1650,2459 2589,2423 2839,2459 3113,2440 3115,2369 2926,2334 2673,2386 1652,2380"/>
                <Baseline points="1660,2440 1684,2437 1729,2434 1774,2434 1818,2431 1863,2431 1908,2431 1953,2431 1998,2428 2042,2431 2087,2431 2132,2428 2177,2425 2222,2425 2266,2425 2311,2425 2356,2422 2401,2422 2446,2419 2490,2419 2535,2419 2580,2416 2625,2416 2670,2416 2714,2416 2759,2413 2804,2413 2849,2413 2893,2413 2938,2413 2983,2410 3028,2410 3073,2410 3117,2413"/>
                <TextEquiv>
                    <Unicode>schädigt werden, konnte ich mich den schwerwiegenden</Unicode>
                </TextEquiv>
            </TextLine>
            <TextLine id="tr_1_tl_22" custom="readingOrder {index:21;}">
                <Coords points="1662,2539 1985,2564 2066,2519 2631,2506 2858,2539 3121,2513 3123,2446 1662,2465"/>
                <Baseline points="1672,2517 1693,2520 1738,2520 1782,2517 1827,2517 1872,2517 1917,2514 1962,2514 2006,2511 2051,2514 2096,2514 2141,2511 2186,2511 2230,2511 2275,2508 2320,2508 2365,2508 2410,2508 2454,2505 2499,2505 2544,2505 2589,2505 2634,2502 2678,2502 2723,2502 2768,2499 2813,2499 2858,2499 2902,2499 2947,2499 2992,2496 3037,2493 3082,2493 3126,2496"/>
                <TextEquiv>
                    <Unicode>Angumenten des Herrn Dir. Reusch nicht verschliessen</Unicode>
                </TextEquiv>
            </TextLine>
            <TextLine id="tr_1_tl_23" custom="readingOrder {index:22;}">
                <Coords points="1658,2627 1866,2650 2087,2602 2496,2623 2880,2585 3030,2618 3051,2540 2436,2519 2082,2579 1660,2539"/>
                <Baseline points="1669,2613 1711,2610 1756,2607 1800,2604 1845,2604 1890,2607 1935,2604 1980,2604 2024,2601 2069,2601 2114,2601 2159,2598 2204,2601 2248,2598 2293,2598 2338,2595 2383,2595 2428,2592 2472,2592 2517,2589 2562,2592 2607,2589 2652,2589 2696,2589 2741,2589 2786,2586 2831,2586 2876,2586 2920,2583 2965,2583 3010,2583 3055,2583"/>
                <TextEquiv>
                    <Unicode>und ich glaube, dass, wenn Sie ihn mit guten Ohren</Unicode>
                </TextEquiv>
            </TextLine>
            <TextLine id="tr_1_tl_24" custom="readingOrder {index:23;}">
                <Coords points="1650,2710 3196,2697 3198,2604 2675,2641 2486,2600 2338,2658 1995,2614 1652,2641"/>
                <Baseline points="1660,2702 1678,2699 1723,2696 1768,2696 1812,2693 1857,2693 1902,2690 1947,2690 1992,2690 2036,2687 2081,2687 2126,2687 2171,2684 2216,2684 2260,2684 2305,2681 2350,2681 2395,2681 2440,2681 2484,2678 2529,2678 2574,2675 2619,2675 2664,2675 2708,2675 2753,2675 2798,2675 2843,2672 2888,2672 2932,2672 2977,2670 3022,2670 3067,2670 3112,2670 3156,2667 3201,2675"/>
                <TextEquiv>
                    <Unicode>zuhören werden, Sie sich seiner Auffassung anschliessen</Unicode>
                </TextEquiv>
            </TextLine>
            <TextLine id="tr_1_tl_25" custom="readingOrder {index:24;}">
                <Coords points="1658,2797 2269,2835 2619,2805 2932,2866 3011,2828 3011,2727 2889,2739 2779,2687 2627,2731 2296,2741 2207,2700 1658,2749"/>
                <Baseline points="1669,2792 1672,2792 1717,2786 1762,2786 1806,2786 1851,2786 1896,2783 1941,2783 1986,2780 2030,2783 2075,2780 2120,2780 2165,2780 2210,2780 2254,2777 2299,2777 2344,2777 2389,2777 2434,2774 2478,2777 2523,2777 2568,2777 2613,2777 2658,2777 2702,2777 2747,2777 2792,2777 2837,2777 2882,2774 2926,2777 2971,2780 3016,2783"/>
                <TextEquiv>
                    <Unicode>müssen, da er lediglich Ihre Interessen vertritt.</Unicode>
                </TextEquiv>
            </TextLine>
        </TextRegion>
    </Page>
</PcGts>
