4391 3655
2339 674 3019 793 Berlin, den 24.4.1920.
1786 1013 3052 1162 chung getroffen, laut der er früher als
1782 1130 3110 1254 es kontraktlich vorgesehen ist, sein Enga-
1781 1220 2530 1352 gement bei uns antritt.
1868 1294 3136 1438 Bezüglich des „Reigen“ möchte ich Ihnen
1370 1432 1490 1526 IOSOVOS3T.
1779 1394 3080 1514 mitteilen, dass von mehreren Seiten aller
1786 1490 3029 1609 dings an mich herangetreten worden ist,
1784 1547 3068 1675 das Werk frei zu geben. Jede Unterhand¬
1791 1652 3052 1794 lung in der Richtung ist von vornherein
1801 1763 3070 1883 vor mir abgelehnt worden. Ich habe nie¬
1791 1852 3065 1950 mals daran gedacht, dies Stück einer an¬
1398 1824 1483 1951 thum.
1784 1935 3067 2051 deren Bühne zu überlassen. Ich habe im¬
1792 2012 3115 2148 mer an der Absicht festgehalten, das Werk
1806 2113 2989 2228 selbst zu inszenieren, daran hat sich
1801 2224 2310 2343 nichts geändert.
1958 2281 3159 2423 Was die Aufführungstermine anbetriftt,
1802 2403 3067 2506 so dürfen Sie mir glauben, dass bei dem
1812 2471 3024 2607 spezifischen Charakter des Stückes die
