4440 3688
1590 816 2950 945 Wahl des Aufführungstermina von vielen Im¬
1578 900 2968 1025 ponderabilien abhängig ist, die sich nur an
1605 985 2935 1140 Ort und Stelle und nur gefühlsmässig beur¬
1608 1100 2870 1236 teilen lassen. Deshalb möchte ich Sie
1588 1185 2981 1325 herzlich bitten, in diesem besonderen Falle
1598 1294 2981 1407 mir eine grössere Freiheit einzuräumen und
1612 1385 2993 1498 das Vertrauen zu haben, dass ich denjenigen
1607 1449 2935 1592 Termin wählen werde, der Ihren und meinen
1614 1559 2799 1672 Interessen am meisten förderlich ist.
1690 1634 3008 1781 Da die Uraufführung in Wien bereits gewe¬
1610 1719 2988 1841 sen ist, wäre ich Ihnen sehr dankbar, wenn
1608 1812 3050 1939 Sie mir gelegentlich etwas über die Erfahrun¬
1616 1910 3062 2023 gen, die dabei gemacht worden sind, mitteilen
1619 1979 2957 2134 wollten. Es interessiert mich namentlich,
1623 2074 2959 2216 in welcher Weise dramaturgische und szeni-
1619 2192 2833 2308 sche Fragen im „Reigen“ gelöst wurden.
1718 2254 2970 2410 Ich möchte Ihnen am Schlusse meines Brie###
1596 2335 3024 2490 fes noch einmal sagen, dass es mir eine wirk-
1610 2428 3070 2568 liche Freude ist, Sie wieder mit dem Deutschen
