4472 3594
1723 636 2117 824 2 L 1/2 L2
2264 710 2367 833 G.F.P.
1841 752 2191 864 .8.
1634 841 3125 1006 nannt, weil seine Leistung so wenig den Erwar¬
1653 895 3142 1095 tungen entsprach, die man in ihn gesetzt hatte,
1651 1038 3189 1160 dass man nun aus einiger Entfernung ein Versagen
1649 1127 3177 1292 seinerseits in Erinnerung hatte. Die Angelegen-
1648 1240 3131 1381 heit ist zweifellos völlig verfahren, doch dies
1663 1305 3187 1472 sollte meiner Ansicht nach nicht des Grund sein,
1673 1408 3204 1580 den bedeutendsten Dramatiker Österreichs dauernd
2305 1506 2692 1564 Deutschlands
1667 1510 3129 1651 dem bedeutendsten Theater/zu entfremden. Ich
2262 1613 2382 1661 G.C.H.F.P
1678 1603 3129 1731 entnehme Ihrem Brief mit freudiger Genugtuung,
1680 1725 3102 1835 dass auch Sie ein ähnliches Gefühl haben und
1669 1777 3111 1953 dass Sie gern dem Deutschen Theater eine gold¬
1678 1882 3160 2054 dene Brücke bauen. Werin nun die Tat bestehen
2172 1891 2307 1959 wurden
1698 1990 3167 2135 soll, die Ihnen die Wiederanknüpfung der alten
2276 2058 2413 2117 G.H.F.P.
1704 2077 3125 2224 Beziehungen möglich macht, darüber haben wir
2767 2133 2908 2199 .H
1702 2175 3030 2280 hier lange und ernsthaft gesprochen. Sie
2359 2237 2495 2297 heib
2003 2255 2295 2319 Herrn Hoch¬
1700 2232 3191 2415 kann unserer Ansicht nach nur darin bestehen,
1708 2268 1874 2332 Mai ee
2293 2338 2390 2396 Votre
1711 2324 3102 2518 dass das Deutsche Theater eines Ihrer Werke
1719 2415 3229 2593 in das Repertoire aufhimmt, das durch sein eige-
2365 2427 2452 2485 dA
1731 2496 3289 2717 nes Gewicht dafür zeugt, wie wertvoll und wichtig
