4504 3543
2195 760 3056 878 Berlin WW. 6, den 7. Februar 1921.
1761 863 2844 972 Schumannstr. 150
1201 874 1511 976 -jdem redi
2093 918 2946 1043 elloh sib und sta Ahew das auf
1284 956 1999 1070 Deutsches Theater Kammerspiele
2296 994 2394 1105 II.
2418 996 2953 1128 zwelche Aufgenommen ange¬
1250 1041 2264 1121 Großes Schauspielhaus
1420 1114 2026 1253 Betriebsgesellschaft m. b. H.
2026 1101 2946 1224 Gedofdt###erxxon zxx refeigensdog
1495 1177 3183 1322 und auch heute noch nicht vorliegt. Ich habe Reusch, der mir
1266 1208 1446 1315 Bustavasta
1373 1293 3163 1389 und Ihnen als der geeignetste Regisseur erschien, engagiert
1500 1375 3156 1498 und die Proben begannen in der für das Theater wichtigsten
1335 1389 1435 1493 wähän.
1507 1455 3194 1569 und besten Zeit. Diese Proben sind gescheitert - gerade her-
1500 1562 3131 1680 ausgesagt - am Widerstande der Schauspieler, die geradezu
1507 1629 3178 1781 streikten, ae Frau Terwin und auch ### den anderen, die ihre
1509 1745 3225 1841 Rolle nicht dankbar genug fanden. Auch der Regisseur hat mir
1516 1812 3205 1946 wiederholt die Aussichtslosigkeit, das Stück bei diesen Ver-
1513 1921 3160 2008 hältnissen unter Dach und Fach zu bringen, klargelegt. Ich
1513 2021 3122 2104 nehme bei der wahrheitsliebe von Reusch an, dass er auch
1513 2068 3221 2211 heute noch den Mut hat für diese seine Überzeugung einzuste-
1518 2189 3163 2276 hen. Ich will sie mit den vielen Einzelheiten nicht anöden
1302 2135 1391 2289 Näyttelystä lukien.
1509 2282 3247 2387 und will Ihnen die Berichte über all die Gespräche, die ich
1509 2347 3214 2456 mit den einzelnen Schauspielern hatte, um ihnen Lust für ihre
1522 2427 3238 2583 Aufgabe zu machen, ersparen. Heute liegen in Berlin nicht nur
2494 2523 2596 2576 P.P.
1524 2543 3120 2683 bei uns, sondern bei allen in Frage kommenden Bühnen die
2851 2601 2940 2652 die
2521 2610 2677 2708 adresse
2839 2608 3073 2766 Dinge
