3735 3704
1031 635 1802 795 Deutsches Theater zu Berlin
2109 666 2890 799 Berlin, den 19. April 1919.
1382 908 1550 1027 Herrn
1679 1023 2569 1140 Fr. Arthur Schnitzler
2620 1136 2817 1261 Wien
2550 1209 2972 1343 .........................
1484 1451 2245 1578 Sehr verehrter Herr Doktor,
1621 1542 3009 1687 ich schätze Sie im Besitze meines telegraphischen
1478 1658 2989 1771 Dankes für Ihre freundlichen Zeilen und meines prinzi-
1459 1757 2919 1878 piellen Einverständnisses für die Aufführung von “Re
1480 1845 1632 1933 gen".
1624 1892 2931 2046 In Beantwortung Ihrer einzelnen Anfragen möchte
1486 1997 2329 2124 ich Ihnen folgendes mitteilen:
1478 2081 3009 2195 1) Ich halte die Aufführung Ihres Werkes künstlerisch
1568 2158 1681 2226 mir
1476 2171 3021 2277 nicht für opportun, sondern für unbedingt wünschenswert.
1472 2275 3003 2376 Dabei ist allerdings Voraussetzung, dass bei den Gefah-
1476 2347 2968 2480 ren, die in der Gegenständlichkeit des Stoffel liegen,
1476 2448 2978 2568 das Werk nicht in unkünstlerische und undelikate Hände
1472 2556 2968 2653 kommt, die es der Senaationslust eines allzu bereiten
1462 2651 2976 2743 Publikums ausliefern könnten. Ich nehme aber bestimmt
1472 2728 2966 2853 an, dass sich die Bedenken, die sich bei der Verkörpe-
1482 2833 2997 2937 rung jener durch wagerechte Striche angedeuteten Situa-
1470 2903 3042 3026 tionen ergeben können, durch eine völlig sensationsfreie,
1443 3009 3009 3132 reine künstlerische und diskrete Inzzenierung überwinden
2704 3083 2962 3231 lassen.
