3792 3703
1293 1010 2922 1147 nicht möglich, den 15. November 1919 als Endtermin
1301 1105 2809 1222 anzunehmen. Dazu kommt, dass der ausgezeichnete
1301 1188 2779 1330 Schauspieler Walther Jansen, bisher Hoftheater
1299 1287 2888 1404 München, der in erster Linie für die Darstelluggen
1311 1382 2793 1514 im „Reigen“ in Betracht kommt, erst von Anfang
1311 1463 2752 1605 Dezember ab an meine Bühnen verpflichtet ist.
1546 1597 2928 1680 Ich schlage Ihnen daher vor, den 31. Januar
1307 1680 2718 1785 1919 als Endtermin in den Vertrag zu setzen.
1566 1757 2851 1858 Hinsichtlich des vorgeschlagenen Termins
1317 1831 2817 1961 für die „Schwestern" werden Sie es selbst nicht
1324 1947 2756 2042 für angängig halten, zwei Uraufführungen so
1317 2024 2797 2127 dicht aufeinander folgen zu lassen. Dies würde
1315 2107 2936 2240 ja Ihrem eigensten Interesse durchaus zuwiderlaufer
1577 2208 2775 2313 Ich würde daher als Endtermin für die
1342 2291 2700 2412 „Schwestern“ den 31. März 1920 vorschlagen.
1441 2384 2740 2499 Ich hoffe mit Ihnen, dass der Sommer uns
1334 2475 2489 2619 eine persönliche Begegnung beschert.
1485 2570 2412 2692 Mit den herzlichsten Grüssen
1613 2671 2186 2791 Ihr sehr ergebner
1718 2754 2831 2922 Max Remmerst.
