4472 3578
2730 691 3121 846 1.12.92.1.
2232 711 2600 807 Berlin Aw. 6, den
2232 789 2514 889 Schumannstr. 13a.
1308 877 2264 1026 Deutsches Theater  Kmmerspiele II.
1437 993 1907 1087 Großes Schauspielhaus
1445 1063 1888 1175 Betriebsgesellschaft m. b. H.
1788 1110 3174 1241 Bezüglich eines Vertrages über den „Anatol“
1553 1218 3129 1384 muss ich Sie wohl missverstanden haben. Ich nahm
1288 1241 1380 1357 d.
1561 1310 3117 1447 an, nachdem ich Ihre mündliche Zusicherung hatte
1572 1416 3211 1545 und nachdem alle Ihre übrigen Wünsche erfüllt waren,
1566 1512 3186 1645 dass mit der Einzahlung des Betrages von 10.000 Mk.
1574 1651 3180 1799 die Abmachung perfekt war, was ja auch tatsächlich
1580 1758 3151 1909 der Fall ist und was Sie, sehr verehrter Herr Dok-
1578 1854 3178 1978 tor, ja auch keineswegs bestreiten. Ich habe wohl
1322 1907 1420 2009 Eds.
1566 1933 3209 2064 überhört, dass Sie auch noch den formalen Austausch
3051 1995 3182 2060 G.C.F.P.
1580 2021 3151 2164 von Verträgen wünschen. Ich werde das selbstver¬
1578 2097 3198 2252 ständlich sofort nachholen. Die Proben zu „Anatol“
1578 2209 2651 2363 beginnen bereits in diesen Tagen.
1805 2305 3131 2450 Was nun die Erwerbung anderer Ihrer Werke
1594 2426 3176 2571 anlangt, so habe ich heute Herrn Dr. Hock gebeten,
