4456 3559
1390 629 2180 781 sej inzufallen sein wurde.
1919 731 2180 794 Léfait à 2 h., 1/2. 2.2.
1429 705 3099 874 figurenarmen Stückes, wie es mein Verk ist, zu tun? Nicht
1421 809 3140 965 mehr und nicht weniger, als dass ich ich unter dem Zwange solcher
2663 896 3186 1043 die mir schon
1492 907 2620 1058 erhältnisse den Verlust kostbarer Probeze
2314 991 2620 1045 cʼest eu une autre beaucoup de nouveau
1429 1002 3147 1117 einmal durch den widerstand der Schauspieler zunichte gemacht
1440 1115 3179 1210 wurde, nicht noch einmal riskieren darf. Es darf kein zweites-
1856 1169 2778 1238 abstorndnere V ein Jimab xxx redend
1434 1182 3149 1288 mal vorkommen, dass die Proben unterbrochen und ein Stück ab-
2553 1251 2780 1310 le dernier
1720 1264 1971 1338 remorried
1440 1256 3127 1368 gesetzt wird. Ich kann also die Probe Ihres Stückes nur dann
2479 1329 2923 1401 .vollkommen
2151 1349 2292 1405 G.C.F.P.
1436 1381 3147 1479 ansetzen, wenn ich einer tadellosen Besetzung/sicher bin und
1984 1434 2672 1518 :
1442 1444 2464 1570 ich sehe diese leider zurzeit nicht.
2366 1505 3132 1640 nenloses Bild meiner Nöte und
1696 1529 2314 1644 Ich habe Ihnen ein lück
2370 1605 2613 1674 (ouvrage).
1974 1618 2308 1692 G.C.H.S.
1444 1607 3106 1722 sorgen gegeben. Nicht gerne. Denn es fällt mir schwer einen
1451 1700 3190 1820 Dritten mit dem, was mich jetzt schlaflose Wochen gekostet hat
1451 1809 3164 1928 zu belasten. Aber mir liegt so unendlich viel daran, zwischen
1449 1876 3077 1997 Ihnen und mir jene Klarheit und jenen Boden des Vertrauens
1206 1976 1403 2093 G.H.F.P.
1453 1967 3134 2084 zu schaffen, die für mich Vorbedingung gemeinsamen künftigen
2258 2065 2362 2136 P.S.F.P
1449 2075 2117 2193 Zusammenarbeitens sind.
2433 2069 2576 2208 G.F.P
1707 2151 3140 2262 Wenn diese Ehrliche Darlegung dazu beitragen könnte
1462 2238 3127 2370 ein altes, durch unglückselige Missverständnisse genährtes
1455 2364 3149 2453 Misstrauen zu beseitigen und die Beziehungen zwischen uns zu
1457 2414 3106 2544 schaffen, die mir so unendlich wertvoll sind, wäre niemand
2711 2505 2917 2589 dim eis
2273 2507 2572 2616 geordnisse
1798 2520 1950 2587 G.C.F.F:D.
2600 2507 2707 2618 Ihr
1466 2529 1924 2648 glücklicher als
2425 2555 3197 2704 Ihr die von Herzen Grüßen
2316 2611 3121 2815 des Felia Holläender
