4472 3608
2144 735 2984 889 Berlin plv. 6, den 26. August 92.1
2138 854 2407 932 Schumannstr. 13a.
1228 994 1937 1150 Deutsches Theater = Kammerspiele
1343 1088 1832 1191 Großes Schauspielhaus
1374 1154 1809 1275 Betriebsgesellschaft m. b. H.
2171 1185 2276 1271 II.
1510 1345 3134 1542 HOLLAENDERS vorliegt, sondern, dass es sich tatsächlich
1524 1456 3079 1612 um augenblicklich unüberwindbare Hindernisse handelt.
1692 1540 2485 1668 lʼannée lʼautre beaucoup de nouveau.
1805 1549 3161 1682 Mein verehrendes Verhältnis zu Ihnen ist Ih-
1538 1637 3138 1842 nen wohl bekannt, dass ich von Ihrer Seite wohl ein
1610 1641 1703 1750 t
1540 1684 3175 1933 gewisses Vertrauen erwarten darf, Ich würde mich aus-
1551 1813 3194 1986 serordentlich freuen, wenn Sie sich entschliessen könn-
1563 1869 3208 2085 ten, die dem „Anatol“ so günstige Situation, ohne Rück-
1553 1994 3208 2175 sicht auf das augenblickliche Schicksal der Schwestern",
1571 2072 3208 2253 in dem von uns gewünschten Sinne auszunützen. Ich würde
1590 2158 3212 2343 es mit Stolz als einen persönlichen Erfolg buchen, wenn
1579 2253 2742 2469 es mir gelänge,Sie dazu zu bestimmen.
1883 2382 2491 2536 Mit besten Grüssen
2380 2540 2990 2668 aufrichtig ergebener
2499 2612 2945 2812 Stefan Hock
