4504 3577
1542 733 3204 896 Schwierigkeiten durch das Verbot entstanden, habe ich auch
1538 886 3263 992 für meinen Teil auf den Vertreter des Kultusministeriums ein-
1560 966 3215 1082 gewirkt und soweit ich konnte zu helfen gesucht, und das Re-
1549 1060 3272 1158 sultat hat ja die Erwartungen, denen ich Ihnen damals in Wien
1557 1154 3248 1274 Ausdruck gegeben, nicht blos erfüllt, sondern sie weit über-
1555 1224 3180 1320 troffen. Diese Aufführung hat für das Stück nicht blos in
1557 1272 3228 1418 Deutschland und Oesterreich sondern, wie ich annehme, auch
1551 1411 3202 1523 für das ganze Ausland, mit Glück die Bresche geschlagen. Es
1555 1466 3215 1621 ist nicht der Zweck dieser Ausführungen meine Meiristen zu
1618 1597 1714 1636 1790
1577 1575 3257 1693 unterstreichen; sondern ich wollte lediglich damit sagen, wie
1577 1684 1658 1728 G.C.F.P.
1765 1669 2048 1736 Pour le dit-il
1570 1656 3278 1810 viel mir an Ihnen liegt und welche Freude es mir war für Ihre
1566 1756 2087 1896 sache einzutreten.
1797 1854 3263 1959 was nun die „Schwestern“ anlangt, will ich auch hier
1568 1941 3230 2068 mit aller Wahrheit, die ich für mich unbedingt in Anspruch
2203 2022 2284 2074 G.C.
1564 2018 3263 2129 nehme, zu Ihnen sprechen. Ich habe getan, was ich tun konnte
1579 2103 3272 2225 um die Aufführung des Werkes zu ermöglichen. Ich habe, da es
2351 2181 2493 2247 G.C.H.P
1963 2194 2262 2262 Ce nouvelle ettämme e
1573 2225 3318 2345 mir nicht gelang Moissi für diese Rolle zu gewinnen, mit Jans-
1579 2297 3305 2445 sen, der jetzt als der charmanteste Schauspieler der jüngeren
1579 2349 3274 2498 Generation gilt, einen neuen Vertrag für diese Spielzeit ab-
1581 2460 3333 2576 geschlossen, hauptsächlich für diese eine Rolle, da eine ande
2327 2541 2602 2607 Aufsabe
1588 2580 3322 2655 re wesentliche und tragende Rolle damals für ihn nicht vorlag
1560 2635 1913 2777 xxxasd sib at
3049 2652 3165 2768 und
