4391 3655
1575 854 2831 984 widerstrebt mir, noch einmal all die Wi-
1564 1004 2845 1094 drigkeiten aufzuzählen, durch die meine
1575 1068 2803 1189 Vorsätze durchkreuzt worden sind. Ich
1572 1163 2828 1281 glaube Ihnen aber versichern zu dürfen,
1579 1247 2850 1343 dass Sie in der nächsten Spielzeit keine
1575 1333 2895 1476 Enttäuschungen erleben werden. Die wirt¬
1579 1426 2922 1572 schaftliche und künstlerische Sorge um das
1579 1533 2858 1646 Grosse Haus, das, wie Sie wissen, um so
1575 1607 2907 1742 viel Monate später fertig wurde, ist wenn
1570 1722 2898 1812 auch nicht ganz von mir genommen, so doch
1579 1797 2846 1891 wesentlich geringer geworden. Wir sind
1579 1878 2885 2016 in der Lage, die festgesetzten Premieren¬
1580 1967 2912 2107 daten der kommenden Saison inne zu halten
1585 2073 2823 2191 und Ihnen gegenüber fühle ich mich be¬
1570 2142 2835 2281 sonders verpflichtet, darauf zu achten,
1572 2253 2846 2360 dass die gemeinsam festgelegten Termine
1579 2355 2826 2473 gewahrt werden. Ich habe, damit Ihrem
1592 2414 2831 2545 Wunsohe gemäss die Premiere der „Schwe¬
1577 2539 2927 2633 stern“. Oktober bezw. November stattfindet,
1580 2606 2861 2737 mit Herrn Walter Janssen eine neue Abma¬
