4472 3594
1616 726 1704 829 G.H.
2002 719 2116 863 S. A. P.
1607 831 3116 1027 für die nächste Zeit ins Auge zu fassen. Das Inter¬
2348 964 2487 1038 aber
1616 951 3101 1120 esse für den "Einsamen Weg" von dem ich Ihnen bereits
1616 1063 3147 1217 berichtet habe, besteht nach wie vor. Wir sind allerings
1616 1126 3128 1297 wie ich Ihnen ebenfalls schon schrieb, der Ansicht, dass
1620 1226 3086 1409 die Aufführung dieses Werkes, wenn nicht unvorhergese-
1629 1319 3114 1472 hen ein neues für die Rolle geeignetes Talent uns be¬
1639 1418 3084 1561 gegnet, die Mitwirkung Bassermanns zur Voraussetzung
1637 1502 3084 1650 hat. Wir hoffen, dass Bassermann uns in der ersten
1641 1570 3090 1726 Hälfte der nächsten Saison zur Verfügung stehen wird
1648 1658 3055 1814 und wären Ihnen dankbar, wenn diese Eventualität Sie
1658 1726 3074 1896 dazu veranlassen könnte, das Stück für uns zu reser-
2285 1856 2639 1962 et rebheslick
1658 1888 1880 2006 vieren.
1747 1922 3095 2078 Ich persönlich habe den Eindruck, dass bei den ge-
2361 2021 2449 2084 Lung
1675 1996 3131 2171 genwärtigen hiesigen Stimmen Professor Bernhardi neu¬
1685 2103 3101 2255 erdings auf einen starken Erfolg rechnen könnte und
1683 2171 3126 2365 würde mich sehr freuen, wenn Sie auf diese vage Andeu¬
1392 2249 1487 2333 G.P.
1688 2264 3169 2443 tung hin auch bei diesem Stück zunächst an uns denken
2464 2388 2664 2479 vie: Idee
2211 2397 2394 2515 filsa eT
1700 2420 1918 2540 würden.
1802 2436 3177 2641 "Anatol" kommt, wie besprochen, Ende Dezember her¬
1698 2540 3204 2723 aus. Die Rollen sind bereits ausgeteilt. Wir spielen
