4472 3594
1349 650 2084 821 so redmetges. Ob xxx
1905 742 2194 858 G.C.P.
2903 821 3023 903 Geschäft
2493 826 2606 935 G.C.F.P
1404 838 3122 1012 durchaus ernst gemeinte, wenn auch scherzhaft geäusserte
2539 937 2840 997 Geschäftnisch
1392 973 3098 1103 Bemerkung gemacht, dass er sehr glücklich wäre, wenn er
1404 1065 3093 1180 in wirtschaftlicher Beziehung mit Ihnen tauschen könnte,
1404 1161 3155 1296 womit gewiss nicht gemeint war, dass er in allen übri-
1390 1228 2992 1392 gen Beziehungen einen solchen Täusch ablehnen würde.
1366 1334 3168 1467 Ich glaube nun wirklich, dass es keinen rechten Sinn
1200 1308 1320 1484 o
1308 1428 3131 1558 hat, in einem Augenblick, wo man im Begriff ist, sich
1416 1510 3105 1640 wieder zu finden, die Angelegenheit an verhältnismässig
3035 1592 3168 1715 Dass
1320 1590 2999 1746 kleinen materiellen Differenzen scheitern zu lassen.
1315 1696 3083 1843 das Deutsche Theater Ihre Werke, ob es nun neue oder
1250 1780 3148 1913 ältere sind, in höherem Masse, als bisher pflegen will, ist
1342 1872 3143 2004 eine sahr ernsthaft und ohne jeden Hintergedanken ausge-
1241 1968 2862 2096 sprochene Absicht HoLLAENDE Rie.
1221 1997 3160 2197 Reichen Sie uns also nun versöhnt die Hand, und
1281 2127 3117 2283 lassen Sie es bei den vorgeschlagenen Summen bewenden.
1253 2252 2883 2392 zasM redotirdtad Mit bestem Gruss:  rede tai retsedr esl
1269 2332 2878 2467 --.000 0S.M nov gamide? ente sesb Jgneed lømendes
1255 2414 2956 2556 KOMALION rmeH.tai edosz sdostnie oe en sehr eergebener
1298 2505 2522 2664 stb.doorge egnie saaib rech tim dim
2508 2498 2980 2676 Stefan Hock
1327 2621 1607 2782 wederb.
