4472 3578
1981 670 2086 795 G.H.F.P
1628 876 3097 1005 nicht anwesend war und er den Betrag einzahlen
1626 956 3007 1096 wollte, sich im Kleinen Schauspielhause bei
1624 1033 3056 1219 der Direktion Eysoldt/Sladek nach Ihrem Bank-
1641 1112 3064 1289 Konto erkundigt und dort wurde ihm die Mittei-
1644 1197 3044 1377 lung, dass die Direktion Eysoldt/Sladek die
1652 1324 3134 1477 Reigentantièmen an Ihm Münchener Bank abführte.
1650 1421 2996 1571 Aus diesem Umstande zog unser Rendant dann
1650 1453 3097 1652 den Schluss, auch die 10.000 Mark an Ihr Mün¬
1663 1607 3097 1757 chener Bankkonto abzusenden. Ich habe unseren
1668 1696 3055 1825 Rendanten sofort veranlasst, Ihnen zu tele¬
1668 1790 3007 1933 grafieren und alles in Ordnung zu bringen.
1677 1876 3007 2035 Jedenfalls ist der Betrag am 10.d.M. einge-
1679 1950 3115 2110 zahlt, nur eben an die Münchener Bank, statt
1688 2075 3086 2204 wie verabredet an die Berliner Bank-Filiale.
1699 2167 2981 2324 Ich bitte Sie, hochverehrter Herr Doktor,
1701 2219 3160 2421 vielmals wegen des Versehens um Verzeihung und
1699 2360 3136 2530 hoffe, dass Ihnen der Betrag nunmehr bald von
1709 2467 2694 2620 Ihrer Bank avisiert werden wird.
