3464 4312
2394 578 2577 739 353
584 837 2778 1089 bisher. Vergebens. Bald ermüdet, musste er und
602 986 2933 1214 seine Kollegen ihre Schritte mässigen. Sie holten
608 1162 2817 1403 tief Atem. Arthur machte unnütze Versuche neu -
615 1314 3015 1576 erdings zu etlen — es half nichts. Trostlos gesenha
608 1494 2753 1689 ten Hauptes schritt er voran...Es war sieben
605 1594 3015 1868 Uhr, als alle drei schwetgend wieder auf der Spitze
612 1801 2884 1984 waren und von dem schweren Steigen ermüdet, sich
608 1944 2939 2169 auf den Stufen des tempelartigen Gebäudes nieder
615 2078 2991 2321 liessen, das oben auf der Spitze steht. Es war ein
615 2239 3061 2452 melancholischer Anblick, wie die Sonne in der Ferne.
624 2413 2900 2586 am Randes des Himmels röter und rôter wurde, wie
618 2547 2845 2772 die ersten Nachtwolken am Himmel erschienen und
621 2687 2900 2884 wie die drei Quintaner auf den kühlen Stufen sas
627 2833 2994 3091 sen, alle drei den Kopf auf die Hände gestützt und
624 2985 2808 3268 vor sich hinsehend — — Freilich mit verschiede
624 3204 1263 3395 nem Ausdruck.
618 3310 2948 3496 Plötzlich erhob sich Falke. "Noch ist nicht alles
636 3447 2976 3672 verloren," rief er aus. "Kommt hinunter! Wir.. ich
639 3663 1722 3849 kann sie noch treffen.
642 3691 3046 3943 Und schon stürzte er auf der andern Seite hinunter.
