3352 4248
2914 353 3004 507 7
460 600 2994 783 Eine drückende Stille herrschte nach diesen an und für
467 763 2950 910 sich so harmlosen Worten. Wahlmann lächelte tronisch.
470 887 2267 1080 "Und wie ist die Notiz unterzeichnet!"
480 1060 1834 1220 "Mit w", schrie Falke wütend.
487 1223 3014 1377 "Ein wahres Weh für die Christenheit," rief der fromme
460 1377 3004 1544 Professor aus, und blickte wehmutsvoll gen Himmel, der
463 1537 3147 1684 sich übrigens wenig um Fräulein Lambert und deren "beinah
470 1674 3034 1830 gänzlich entblössten Foram" zu kümmern schien, indem er
467 1830 3014 1997 durchaus keine Miene machte einzufallen, was doch nach
467 1974 3100 2170 der Meinung Jakob Magers bei solchen Vorfällen unbedingt
467 2134 1554 2317 hätte geschehen sollen.
487 2310 2970 2460 "Mit W unterzeichnet", wiederholte der Kanzletrat und
460 2420 2294 2634 liess seinen Kopf auf die Brust sinken.
487 2587 2954 2787 "Ganz richtig so muss es sein", sagte sehr legern Herr
467 2744 2957 2917 Wahlmann, indem er seine Handschuhe in die Rocktasche
467 2907 853 3084 steckte
480 3024 3154 3227 "Wieso ganz richtig, wieso muss es so sein!“ liessen sich
460 3200 2207 3367 die ungefähr sechs Stimmen vernehmen.
480 3357 3067 3530 "Ich wüsste nicht, warum ich mich mit einem andern Buch
470 3614 2987 3790 staben unterzeichnen sollte, wenn ich Wahlmann heisse.
