3560 4360
2551 584 2733 733 306
687 872 2970 1091 Plötzlich fiel Arthur nach hinten zu Boden, doch
696 1046 2918 1256 war ihn, als würde er eine hohen, hohen Berg in
702 1198 3004 1380 riesiger Geschwindigkeit herunterkollern— und mit
705 1332 2970 1544 einem Male sassen sie alle an einem langen Tisch
699 1471 3143 1699 zwischen bewaldeten Bergen und jeder hatte ein Stück
702 1654 3034 1800 der ungeheuren Zigarre im Mund. Ein Kellner brach¬
705 1803 2912 2003 te den Suppentopf; Mager öffnete den Deckel, da
699 1946 3019 2158 sprang plötzlich ein blonder Lockenkopf empor und
3000 2076 3131 2274 G.H.S.
690 2116 2921 2274 lächelte Arthur liebreich zu; dieser wollte die
687 2244 3092 2472 Tächelnden Lippen Fannts hüssen—fort war das Haupt
702 2423 3010 2569 und Arthur zog seine Nase verbrannt aus der Suppe
690 2581 2997 2712 hervor. – Im selben Augenblick zogen die Kollegen
696 2712 2982 2928 alle schon auf der Strasse weiter. Das Bild wech-
690 2888 2955 3083 selte immer und immer.- Sie fingen an zu singen-
690 3016 2997 3235 ein tolles verwirrtes Lied von Mädchen! Liebe und
693 3165 3101 3344 küssen— Mager gebot Einhalt, aber die Burschen san-
690 3323 3034 3554 gen lautor und lauter; da sahen sie von Ferne Leu-
696 3456 3080 3691 te näherziehen— es waren lauter Mädchen- ein Insti-
690 3642 3076 3824 tut, wie es schien. Und die sangen auch ein tolles,
