3528 4328
2529 545 2719 806 358
642 982 2127 1178 also vom Teufel nicht umgarnen.
633 1131 2989 1313 Der fromme Professor blieb stehen und sah träumer-
665 1239 2974 1462 isch in die Finsternis hinaus. Da er zugleich ein
659 1430 2974 1632 Bukett zur Nase hielt, das ihm ein Schüler soeben
677 1609 2634 1761 gegeben, bot er ein sehr malerisches Bild.
659 1732 2965 1907 Plötzlich hörte er in der tiefen Stille Schritte.
683 1910 3003 2107 graziöse, leichte, elfenartige Schritte, eine Ge-
683 2054 2971 2277 stalt hob sich aus der Dunkelheit, eine schlanke,
694 2198 3038 2403 volle Mädchengestalt mit feurigen Augen und langen
694 2344 2992 2529 schwarzen, herabwallenden Haaren. Mager schreckte
697 2488 2901 2681 zurück. Bald aber hatte er sich wieder gefasst.
691 2669 2953 2836 Diese bleich -roten Wangen waren ihm nicht unbe-
700 2798 3012 3015 kannt, diese schullenden Lippen hatte er schon ge
712 2951 2959 3156 sehen, dieser üppige Busen war ihm schon vor die
689 3123 2889 3311 Augen gekommen. Selbstverständlich dachte sich
703 3246 2983 3443 das der fromme Professor in weit weniger frivolen
694 3416 2942 3592 Ausdrücken, aber im Grunde genommen war es doch
721 3566 3021 3771 dasselbe. Schwerer zu schildern, als die Gedanken
732 3718 2792 3938 des christlichen Herren wären seine Gefühle!
