3480 4360
2493 555 2691 728 288
728 869 3078 1091 thres Bruders, er hörte mit wohlgefälligen Lächeln
731 1015 3044 1237 zu und- seit der Zeit bin ich sowohl mehr Kollege
741 1125 3133 1414 als Professor des jungen Bruch, und- mehr verliebt
747 1368 1981 1566 in Berta als in Estrella.“
753 1460 3111 1701 "Metri lieber Nelke, das ist im Grund genommen eine
768 1646 3175 1859 sehr einfache Geschichte. Aber Estrella bedaure ich-
768 1822 2008 2002 wenn Du ihr Herz brichst!"
792 1941 3044 2139 "Lächerlich- nichtsdestoveniger müssen wir noch
786 2145 1627 2316 darüber sprechen.“
826 2240 3121 2453 "Ah Nelke," rief Waschlapski plötzlich aus. "Sieh,
789 2392 2444 2633 wer da kommt! Ist das nicht Brucht!“
820 2542 3118 2773 "Richtig, Waschlapski, mit einer Dame Arm in Arm!“
823 2737 1804 2926 “Ist das ein Flegel!"
820 2886 3060 3069 „Und der andre junge Mann— Waschlapskt sieh hin¬
817 2990 3206 3221 der Junge Mann, der an der andern Seite des saubern
801 3197 2133 3386 Dämchen geht- tst Rahasseg!"
808 3310 3264 3553 Und in diesem Augenblickzak sah man aus dem Schatten
826 3459 3218 3703 der Bäume, vom Licht einer Laterne beleuchtet, xxxet
838 3623 3175 3864 vielleicht siebzehnjährige hoffnungsvolle Jünglin-
