3352 4168
2844 368 2978 523 19
2462 516 2925 734 26. X. 76
891 814 1665 961 Zweites Kapitel.
1062 941 1755 1159 Die Studenten
422 1193 3092 1464 Der Leser wird in eine andre, freiere Atmosphäre geführt.
1772 1414 2546 1605 Gaudeamus igitur
1772 1585 2673 1762 Juvenes dum sunns
425 1899 3022 2027 Zur selben Zeit, da sich die Menschenbeglücker getrennt
436 2044 3069 2231 hatten und hetmwärts zogen, zur selben Zeit, da der Mond
452 2228 3035 2378 tronisch lächelnd auf sie herabsch, sassen in einer Ree
442 2372 3105 2539 tauration im Prater fünf junge Leute, die im Getriebe der
425 2509 3119 2660 Welt noch nicht so ganz versauert waren und nach ihrem ge
432 2660 3099 2837 spräch zu schliessen, nicht im Begriffe standen einen Ver¬
439 2817 1625 2955 ein Pudicitia zu gründen-
442 2975 3062 3149 "Also mein Vater war auch unter diesen Radthalen?" fragte
425 3129 2971 3266 ein junger, hübscher Mann lächelnd, indem er den Rauch
425 3246 2801 3461 seiner Zigarre in kleinen Ringen aus dem Und blies.
432 3447 3032 3638 „Wie ich Dir sagte, Falke“, antwortete Heinrich Wahlmann.
425 3531 2921 3765 derselbe, den wir schon im vorigen Kapitel kennen ge
