3560 4392
2520 458 2708 634 37 4
721 775 2651 970 heit fragen, ob morgen Linkmaustana ist."
736 931 2690 1131 "Gewiss, und die letzte in dieser Saison."
751 1080 3064 1269 "Ah, ich danke sehr, aber ich will nicht länger x
751 1263 1116 1451 stören.
745 1374 2930 1571 In diesem Augenblick grüsste die Linkmaus nach
757 1535 3085 1730 einer gegenüber liegenden Loge hinüber. In dersel¬
772 1661 3136 1912 ben sass ein schöner Mann in den besten Jahren mit
775 1840 3181 2023 einem wunderbar schönen Mädchen,das in den von den
775 1987 3001 2182 schwärzen Augen eigentämlich beleuchteten Zügen
787 2164 2894 2331 einen unverkennbar orientalischen Tyrus trug.
784 2313 2927 2523 Kühle und die beiden andern Herrn sahen unver
796 2496 1284 2660 wandt hin.
790 2603 3082 2795 Kühle nahm zuerst das Wort."Darf man wohl wissen
811 2750 2864 2948 wer dieser Herr und wer dieses Mädchen ist?“
835 2912 3103 3109 "Das Mädchen kenne ich nicht," antwortete die Ba-
826 3016 2960 3247 ronin ruhig, "der Herr heisst Baron Constatin
820 3226 2229 3453 Linkmaus und ist mein Gemahl.
826 3382 3124 3573 Die Herren in der Loge machten alle sehr verdutz-
850 3555 1517 3803 tex Gesichter.
