3448 4312
2862 441 2989 659 57
646 677 3039 811 zu seinem nicht sehr angenehmen Erstattenen bemerkte,
646 789 3132 973 waren demdunkeln Augen des Fräulein Talmas von einer
649 973 3104 1137 geradezu merkwürdigen Bewegltohkett..Bald war es die
653 1066 3089 1262 ser, bald jener, den ein Strahl aus threm Auge traf,
646 1243 3045 1420 Jeden gleich glührend, aber nicht jeden glich vor
662 1386 3154 1563 mundend. Kühle hielt sich für den aller Verwundetsten
656 1585 3083 1731 und dachte nach, wie er sie wenigstens auf sich auf
646 1715 1709 1892 merksan machen könnte.
649 1883 2989 2032 tot
668 2001 3014 2175 die erste Stufe auf der schwanken Letter der Lte###
659 2185 3083 2355 O, wie viele Stunfe„ hat diese Letter, die unter den
646 2334 3142 2498 Menschen gar keine Namen haben; und wohl dem, der dte
671 2464 3151 2644 ersten schnell unter sich hat und bald zu jener Stufe
671 2685 2160 2822 kommt, die Kuss oder gar.
677 2828 3120 3024 Genug. Wir sind schon zu hoch gestiegen. Ich wünsche
668 2993 3173 3148 Jedem meiner Leser und Leserinnen die letzte Stufe zu
677 3145 2604 3269 erklimmen, dte man gar verschieden nennt.
662 3195 3042 3421 Kühle war vorderhand erst im Begriffe die erste zu
674 3400 3160 3574 ersteigen. Und gerade diese ist sehr hoch, denn alle-
