3544 4376
2570 331 2784 551 321
590 693 2904 928 Was Falke, Sinnig und Weizen anbelangt, so hatten
599 859 2958 1069 sie die Heiligen alle verlassen und waren ins Frei-
606 1030 2958 1256 e getreten. Die jungen Burschen traten unter einen
618 1166 2964 1371 frischgrünen Baum, Falke steckte( das erste Mal in
615 1316 2895 1503 seinem Leben) eine Zigarette, wenn auch verkehrt,
621 1491 3043 1648 so doch sehr selbstbewusst in den Mund; und Sinnig»
630 1624 2853 1808 der bleiche, rieb ein Zündhölzchen an die Mauer
627 1777 2988 1973 und Weizen— bließ es wieder aus. Zum Schluss aber
651 1928 3025 2115 gelang es den vereinten Bemühungen, dass alle dret,
633 2079 2859 2265 Zigaretten im Mund wohlgemut und durstig in den
651 2220 2949 2443 Gasthof kamen. Kur ze Zeit nachdem sie sich nieder
663 2341 3006 2582 gelassen, marschierten die übrigen an. M### ass und
672 2546 2931 2720 trank, verbarg die Zigretten wenn Mager e###n her
666 2684 2877 2913 sah und machte sich schliesslich wieder auf den
666 2823 3073 3037 Weg gegen Mödling zu. Es war kaum ein Uhr. Man woll-
672 2976 3028 3178 te über den Husarentempel in die Brühl und bet den
675 3115 3058 3365 dret Raben die Jause einnehmen. Bet den drei Raben
684 3293 3028 3488 Glücklicher Falke, der Du jetzt mit offener Jacke,
681 3425 3091 3687 die Zigarette mehr im Mund haltend als sie rauchend
