3400 4344
2465 363 2650 504 sai
686 662 2925 850 "Suchen Sie sich vielleicht auf diese Weise mei
680 859 1694 1014 re Liebe zu gewinnen!
686 961 2952 1161 „Vielleicht bin ich noch nicht auf dem richtigen
683 1137 2990 1301 Wege. Oder doch! Sie schwetgen? Nun, so hören Sie
683 1266 2966 1460 mich weiter. In der Nacht, in welche die nächste
686 1445 2758 1642 Linkmaustana fällt, werden Sie mich lieben.“
715 1630 1853 1788 "Ich begreife Sie nicht.
718 1735 3054 1914 "Das wünsche ich. Sie sollen mich nicht begreifen.
692 1905 3048 2090 Erst, wenn Sie mich lieben, werden Ste mich begrei
718 2110 944 2242 fen."
750 2193 2606 2366 „Und wenn ich schon einen andern liebe?“
733 2345 2237 2538 "O Talma, das tun Sie ja nicht."
718 2530 1996 2706 Beide schwiegen eine Weile.
742 2662 2521 2832 "Leben Sie wohl," sagte sie plötzlich.
2814 2796 2905 2984 e
2404 2832 2497 2955 P.S
747 2855 1134 2999 "Woh in?"
756 3019 1363 3154 "Wach Hause."
771 3136 1961 3301 "Ich werde Sie begletten."
777 3292 1897 3450 "Sie sind zudringlich. „
759 3406 3037 3661 "Ah, wahrhaftig, es hätte den Anscheln. Nun, ich
