3432 4328
2535 471 2644 599 95
636 689 3142 948 fühlt aber wie ihm bei einem furchtbar verständlichen
636 951 2896 1107 und verständnisinnigen Blick, der zwischen Herrn
620 1079 2849 1269 Norbert und Fräuleln Talma gewechselt wird, das
2416 1269 2531 1381 —
624 1231 2369 1397 Blut siedend heiss in den Kopf stieg.
624 1362 3043 1577 Die Mustkkapelle spielte eben einen frischen Marsch
639 1521 2899 1746 bet dem es einem unwillkürlich froh und s leicht
642 1702 2868 1849 ums Herz ward. Aber es hätte dieses Marschee si
639 1814 2862 1976 cher nicht bedurft, um Arthur Falke glücklich zu
627 1986 2824 2157 machen, der an Fannis Seite in der sogenannten
648 2132 2915 2298 "hintern Allee" wohlgemut dahinschritt. Der klei
636 2254 2884 2444 ne Fritz war freilich ein nur sehr formeller be
645 2475 2722 2622 schützer und wandte durchaus nichts ein, als
633 2616 2868 2768 Arthur vorschlug, um noch sicherer vor etwaigen
648 2790 2940 2921 unliebsamen Begegnungen zu sein, in den geenüber-
633 2915 2959 3093 liegenden Rathauspark zu gehen. Wir müssen,da wir
655 3049 2909 3248 dem Zusammentreffen der beiden jungen Leute nicht
648 3223 2893 3439 betwohnten, uns mit dem begnügen, was wir jetzt
645 3401 1512 3573 zu hören bekommen.
661 3538 3061 3732 "Nun, Du kannst sicher sein, dass ich für die Brühl
