3384 4232
3043 265 3175 507 14
560 520 3050 738 er hiemit dringend aufgefordert selbes den Flammen zu
560 685 3205 881 überliefern. Auch jede Art von unsittlichen Bildern,z. B.
570 834 3166 1023 eine nachte Venus, oder andres wohllüstiges Zeug muss ver
573 990 3209 1175 brannt werden, kurz alles, was nichts in strengster Ueber
579 1152 3182 1371 einstimmung mit den strengsten Begriffen von Moral steht
570 1324 3225 1523 muss vernichtet werden. Und fa-Ils ein Mitglied der hoch
586 1394 3252 1662 geehrten Versammlung auf einer Uebertretung dieser Gesetz
589 1639 3103 1788 betroffen wird,muss dasselbe augenblicklich austreten.
583 1815 2146 1980 Nehmen Sie das an, meine Herren!"
606 1957 1460 2129 „Wir nehmen es an."
351 2040 483 2192 S
603 2066 3162 2285 Gegen alle Immgelität und Unsittlichkeit, teils öffent
593 2242 3179 2411 lich teils privatim aufzutreten, sei unsere erhabene Auf
606 2397 3139 2593 gabe. Meine Herren, das Ziel, welcke wir uns stecken
619 2546 3262 2752 tst ein wahrhaft edles, und jeder der Anwesenden wird sich
623 2699 3192 2881 gewiss mit Freuden allen Mühen unterziehen, die zu dies
629 2864 1477 3053 sem Zwecke führen.
609 3017 2507 3205 Erhaben ertönte es aus der Kehle Losers!
626 3146 3255 3328 “Werden auch Jünglinge in diese Versammlung aufgenommen?“
619 3315 3281 3517 liess sich ein gewisser Herr Strohmüller vernehmen, dessen
629 3454 3235 3666 Vergangenheit unedlich poetisch und dessen Gegenwart un-
