3560 4424
2739 418 2931 631 395
720 871 2952 1061 tigte mit Kennermiene den Stock seines Freundes.
726 948 2872 1111 "Den hast Du auf dem Kohlmarkt gehauft, nicht!"
738 1108 2928 1304 "Nein, zufällig," entgegnete der schöne Jaques
723 1260 2904 1452 und warf den Kopf zurück, wodurch der Hut noch
726 1396 2973 1630 tiefer zu sitzen ham, "in der Praterstrasse.Al
735 1586 1553 1775 so tauschen wird?"
744 1675 3133 1915 "Nein, lieber Jaques, das tu ich nicht.“ Ein Schlag
732 1900 3008 2051 auf seine Schulter hatte zur Folge, dass er sich
738 1992 2925 2220 umdrehte und dadurch den Don Juan Gries fæ ge -
744 2172 2848 2356 wahrte, welcher, wie er schleunigst erzählte,
741 2350 2875 2513 eben seine beiden blinden vts à vts begleitet
747 2466 2982 2664 hatte, die heute das erstemal lange Kleider tru
759 2670 2970 2890 gen. "Sie werden aber von jetzt an wieder kurze
756 2836 2878 2961 tragen, ich habe ihnen gesagt, dass Ihnen die
759 3014 1998 3130 langen nicht gut stehen. "
741 3050 2970 3334 Faike war durchaus nicht in der Laune Bertholds
750 3313 2845 3456 Geschätz anzuhören, winkte deshalb Moriz zu
759 3396 2890 3571 und ging mit ihm allein durch die Alleen, die
768 3536 2990 3779 heute, da es ein Gartenfest gab, von Spaziergän
