3416 4328
2608 545 2789 683 122
633 838 2992 1058 Zuerst war es ganz still; plötzlich erhob sich ein
642 1014 2962 1198 Gemurmel, das stärker und stürker wurde; ein all
650 1190 2880 1383 gemeines Rufen: "Hinaus mit dem Verrüter," ent -
648 1330 2842 1521 stand, Mager war der erste, der den Stuhl unter
662 1488 2807 1667 dem Meineidigen wegzog und ihn unsanft zur für
656 1623 2833 1808 hindrängte, ein andrer machte die Türe auf und
656 1755 2742 2060 der Präsident endlich gab dem Verräter einen
659 1919 2877 2154 Stoss, das### er mit einem Male einen Satz machte,
683 2074 2948 2265 der ihn beinahe zu Fall gebracht hätte. Nun ward
686 2244 2854 2432 die Türe zugeschlagen; ein halblautes Flüstern
700 2408 2907 2578 entstand, nach und nach setzte man sich und nun
700 2526 2983 2722 begann der Präsident folgendermassen zu sprechen;
712 2693 2822 2889 "Man wird mich wohl nicht der Ungerechtigkeit
697 2839 2874 3021 zethen, weil ich jenen nichtswürdigen Menächen
718 3006 2868 3226 nicht aufforderte sich zu verteidigen; denn er
727 3147 2889 3334 hat sich durch sein plötzliches Erbleichen und
727 3323 2801 3501 kraftloses Niedersinken das Urteil selbst ge¬
730 3446 2816 3654 sprochen. Traurig ist es freilich, dass schon
732 3621 2857 3838 im ersten Monat des Bestandes unseres Verd na
