3352 4200
2754 389 2879 604 31
1075 525 1847 793 Drittes Kapitel.
1215 729 2047 932 Die Gymnastasten.
436 915 2515 1111 Der Leser erfährt einige Herzensgeschichten.
1554 1032 2790 1254 Es gibt keine Kinder mehr.
2054 1179 2758 1397 (alter Spruch
2837 1190 3094 1379 G.C.F.P.
418 1236 629 1454 Dood
422 1408 704 1611 nicht
225 1518 3101 1826 1) Es ist merkwürdig was auf dieser Welt alles zu gleicher
436 1758 539 1886 G.H.F.P
447 1808 2972 2011 Zeit geschieht. Es ist derselbe Märzabend, der sowohl
468 1965 3115 2169 die Philister im Gasthause, als auch die Xs lebensfrohen
461 2093 3130 2319 Studenten im Gasthaus vereinte und von dem ich jetzt wie
468 2308 1336 2483 der erzählen will.
1961 2308 2068 2458 G.F.P.
464 2401 3222 2604 Gibt es wohl einen Wiener, der den Volksgarten nicht kennt
464 2576 3097 2790 Der nicht weiss, welch lustiges Volk an warmen, dämmern
986 2751 1086 2826 Sevl
482 2712 2997 2940 den Abenden da zusammen findet, um die frohen, freten
468 2908 3112 3083 Stunden zu geniessen. Ich meine hier besonders die männ
475 2994 3187 3226 liche Jungend, die sich in dem weltberühmten Alter der Fle
482 3197 3226 3433 geljahre befindet. Es ist dies eine so weitgehende Bezeich¬
475 3358 3051 3583 nung, die leider sehr oft aus der Luft gegriffen, auch
497 3544 3130 3783 auf die schuldlosesten Wesen angewendet wird. Nebst die
