<?xml version="1.0" encoding="UTF-8" standalone="yes"?>
<PcGts xmlns="http://schema.primaresearch.org/PAGE/gts/pagecontent/2013-07-15" xmlns:xsi="http://www.w3.org/2001/XMLSchema-instance" xsi:schemaLocation="http://schema.primaresearch.org/PAGE/gts/pagecontent/2013-07-15 http://schema.primaresearch.org/PAGE/gts/pagecontent/2013-07-15/pagecontent.xsd">
    <Metadata>
        <Creator>prov=READ-COOP:name=TrHtr:version=2.1.0:model_id=51170:date=14_08_2023_17:55</Creator>
        <Created>2023-05-10T14:32:23.933+02:00</Created>
        <LastChange>2023-08-14T17:55:52.799+02:00</LastChange>
        <TranskribusMetadata docId="1428639" pageId="55422138" pageNr="144" tsid="132819529" status="IN_PROGRESS" userId="64420" imgUrl="https://files.transkribus.eu/Get?id=CNCWSMGBHORBGYSWGCEHZOYZ&amp;fileType=view" xmlUrl="https://files.transkribus.eu/Get?id=EGWWSSAZTFECYRLEQWDYBHLP" imageId="44696217"/>
    </Metadata>
    <Page imageFilename="1428639_0144.jpg" imageWidth="3448" imageHeight="4328">
        <ReadingOrder>
            <OrderedGroup id="ro_1711818875601" caption="Regions reading order">
                <RegionRefIndexed index="0" regionRef="tr_1"/>
            </OrderedGroup>
        </ReadingOrder>
        <TextRegion id="tr_1" custom="readingOrder {index:0;}">
            <Coords points="713,582 3169,582 3169,3717 713,3717"/>
            <TextLine id="tr_1_tl_1" custom="readingOrder {index:0;}">
                <Coords points="2779,667 2800,664 2830,683 2858,686 2888,713 2897,707 2915,719 2964,719 2967,528 2931,540 2925,534 2897,561 2873,567 2830,561 2812,576 2782,573"/>
                <Baseline points="2799,635 2841,635 2886,632 2931,632 2975,632"/>
                <TextEquiv>
                    <Unicode>241</Unicode>
                </TextEquiv>
            </TextLine>
            <TextLine id="tr_1_tl_2" custom="readingOrder {index:1;}">
                <Coords points="698,1056 2391,1028 2991,940 2994,865 968,907 701,816"/>
                <Baseline points="713,967 716,967 761,964 805,964 850,967 895,964 940,964 984,961 1029,964 1074,964 1119,964 1164,961 1208,964 1253,961 1298,961 1343,958 1387,958 1432,955 1477,955 1522,955 1567,955 1611,952 1656,949 1701,952 1746,952 1790,952 1835,952 1880,952 1925,952 1969,949 2014,949 2059,949 2104,946 2149,946 2193,949 2238,946 2283,943 2328,943 2372,940 2417,940 2462,940 2507,943 2552,940 2596,937 2641,940 2686,940 2731,937 2775,937 2820,937 2865,934 2910,931 2954,925 2999,922"/>
                <TextEquiv>
                    <Unicode>Du Herrn Hermanm Fiedel, Korrepetitor und Orgel</Unicode>
                </TextEquiv>
            </TextLine>
            <TextLine id="tr_1_tl_3" custom="readingOrder {index:2;}">
                <Coords points="713,1198 2794,1150 2882,1110 2885,983 716,1065"/>
                <Baseline points="734,1125 740,1125 785,1122 829,1119 874,1119 919,1116 964,1116 1008,1113 1053,1113 1098,1113 1143,1113 1187,1113 1232,1113 1277,1113 1322,1113 1367,1110 1411,1110 1456,1110 1501,1110 1546,1110 1590,1107 1635,1107 1680,1107 1725,1104 1770,1104 1814,1104 1859,1101 1904,1101 1949,1101 1993,1098 2038,1095 2083,1095 2128,1095 2172,1095 2217,1092 2262,1092 2307,1092 2352,1092 2396,1089 2441,1089 2486,1089 2531,1089 2575,1086 2620,1083 2665,1083 2710,1083 2754,1083 2799,1083 2844,1080 2889,1080"/>
                <TextEquiv>
                    <Unicode>spieler am Opernhaus, sagst es würde Dir einen</Unicode>
                </TextEquiv>
            </TextLine>
            <TextLine id="tr_1_tl_4" custom="readingOrder {index:3;}">
                <Coords points="713,1341 2509,1314 2900,1259 2903,1126 716,1235"/>
                <Baseline points="734,1280 758,1280 802,1274 847,1271 892,1271 937,1268 982,1268 1026,1265 1071,1268 1116,1268 1161,1268 1205,1265 1250,1265 1295,1262 1340,1262 1384,1262 1429,1259 1474,1259 1519,1259 1564,1259 1608,1256 1653,1256 1698,1256 1743,1253 1787,1253 1832,1253 1877,1250 1922,1250 1967,1250 2011,1250 2056,1244 2101,1244 2146,1244 2190,1244 2235,1241 2280,1238 2325,1238 2369,1238 2414,1238 2459,1238 2504,1235 2549,1235 2593,1235 2638,1232 2683,1235 2728,1232 2772,1232 2817,1229 2862,1229 2907,1226"/>
                <TextEquiv>
                    <Unicode>gottvollen Spass machen ein paar Mal im Ballet</Unicode>
                </TextEquiv>
            </TextLine>
            <TextLine id="tr_1_tl_5" custom="readingOrder {index:4;}">
                <Coords points="722,1480 2175,1490 3000,1399 3161,1474 3167,1320 725,1383"/>
                <Baseline points="743,1426 752,1426 796,1423 841,1423 886,1420 931,1420 976,1417 1020,1417 1065,1417 1110,1417 1155,1417 1199,1417 1244,1417 1289,1414 1334,1414 1378,1414 1423,1414 1468,1414 1513,1414 1558,1411 1602,1411 1647,1411 1692,1408 1737,1408 1781,1408 1826,1408 1871,1405 1916,1402 1961,1402 2005,1402 2050,1402 2095,1399 2140,1399 2184,1399 2229,1396 2274,1396 2319,1393 2363,1393 2408,1390 2453,1387 2498,1390 2543,1390 2587,1387 2632,1390 2677,1387 2722,1387 2766,1384 2811,1381 2856,1381 2901,1381 2946,1381 2990,1381 3035,1381 3080,1381 3125,1378 3169,1376"/>
                <TextEquiv>
                    <Unicode>chor - Du kannst ja sehr gut tanzeh - aufzutreten, x</Unicode>
                </TextEquiv>
            </TextLine>
            <TextLine id="tr_1_tl_6" custom="readingOrder {index:5;}">
                <Coords points="716,1641 2952,1590 2955,1420 2548,1493 719,1493"/>
                <Baseline points="734,1570 770,1573 814,1570 859,1570 904,1570 949,1567 993,1567 1038,1567 1083,1567 1128,1564 1173,1564 1217,1564 1262,1564 1307,1561 1352,1561 1396,1561 1441,1564 1486,1561 1531,1561 1575,1561 1620,1561 1665,1558 1710,1558 1755,1555 1799,1555 1844,1555 1889,1555 1934,1552 1978,1552 2023,1552 2068,1552 2113,1549 2158,1549 2202,1549 2247,1549 2292,1546 2337,1546 2381,1543 2426,1543 2471,1543 2516,1543 2560,1543 2605,1540 2650,1540 2695,1540 2740,1537 2784,1540 2829,1537 2874,1534 2919,1534 2963,1537"/>
                <TextEquiv>
                    <Unicode>nur um das hiesige Balletwesen kennen zu lernen.</Unicode>
                </TextEquiv>
            </TextLine>
            <TextLine id="tr_1_tl_7" custom="readingOrder {index:6;}">
                <Coords points="701,1781 2976,1732 2976,1638 2573,1587 704,1653"/>
                <Baseline points="719,1731 743,1731 787,1728 832,1728 877,1728 922,1725 967,1728 1011,1725 1056,1725 1101,1722 1146,1722 1190,1722 1235,1719 1280,1719 1325,1716 1370,1716 1414,1716 1459,1716 1504,1716 1549,1713 1593,1713 1638,1713 1683,1713 1728,1713 1772,1713 1817,1710 1862,1710 1907,1707 1952,1707 1996,1707 2041,1707 2086,1707 2131,1704 2175,1704 2220,1701 2265,1701 2310,1701 2355,1701 2399,1698 2444,1698 2489,1695 2534,1695 2578,1695 2623,1695 2668,1695 2713,1695 2757,1695 2802,1692 2847,1692 2892,1692 2937,1689 2981,1686"/>
                <TextEquiv>
                    <Unicode>dadurch bekommst Du Gelegenheit sie zu sehen, zu</Unicode>
                </TextEquiv>
            </TextLine>
            <TextLine id="tr_1_tl_8" custom="readingOrder {index:7;}">
                <Coords points="719,1945 2843,1887 2943,1863 2946,1744 722,1823"/>
                <Baseline points="740,1886 755,1883 799,1880 844,1883 889,1880 934,1877 979,1877 1023,1877 1068,1877 1113,1877 1158,1877 1202,1874 1247,1874 1292,1874 1337,1871 1381,1871 1426,1871 1471,1868 1516,1868 1561,1868 1605,1868 1650,1868 1695,1871 1740,1868 1784,1865 1829,1865 1874,1859 1919,1859 1964,1856 2008,1853 2053,1856 2098,1856 2143,1856 2187,1853 2232,1853 2277,1853 2322,1850 2366,1847 2411,1847 2456,1847 2501,1847 2546,1847 2590,1847 2635,1847 2680,1847 2725,1844 2769,1844 2814,1841 2859,1841 2904,1841 2949,1844"/>
                <TextEquiv>
                    <Unicode>sprechen, zu küssen, günstigen Falls bricht ein</Unicode>
                </TextEquiv>
            </TextLine>
            <TextLine id="tr_1_tl_9" custom="readingOrder {index:8;}">
                <Coords points="710,2108 2554,2063 2906,2030 2934,1939 713,1957"/>
                <Baseline points="731,2038 743,2038 787,2035 832,2035 877,2032 922,2035 967,2035 1011,2035 1056,2032 1101,2029 1146,2029 1190,2029 1235,2029 1280,2026 1325,2026 1370,2026 1414,2023 1459,2023 1504,2023 1549,2020 1593,2020 1638,2020 1683,2020 1728,2020 1772,2017 1817,2014 1862,2014 1907,2011 1952,2011 1996,2014 2041,2011 2086,2011 2131,2011 2175,2008 2220,2008 2265,2008 2310,2008 2355,2008 2399,2005 2444,2005 2489,2002 2534,2002 2578,2002 2623,2002 2668,2002 2713,1999 2757,1999 2802,1999 2847,1996 2892,1993 2937,1987"/>
                <TextEquiv>
                    <Unicode>Feuer aus und Du hast Glegenheit sie zu retten</Unicode>
                </TextEquiv>
            </TextLine>
            <TextLine id="tr_1_tl_10" custom="readingOrder {index:9;}">
                <Coords points="722,2248 752,2245 798,2266 828,2260 862,2227 880,2242 928,2230 943,2245 1025,2221 1038,2230 1059,2212 1092,2212 1095,2127 1047,2121 962,2151 883,2118 852,2136 758,2108 725,2115"/>
                <Baseline points="743,2190 787,2193 832,2190 877,2190 922,2190 967,2190 1011,2190 1056,2187 1102,2175"/>
                <TextEquiv>
                    <Unicode>kurz...“</Unicode>
                </TextEquiv>
            </TextLine>
            <TextLine id="tr_1_tl_11" custom="readingOrder {index:10;}">
                <Coords points="731,2336 1256,2409 2054,2312 2706,2357 2997,2312 3000,2236 734,2251"/>
                <Baseline points="749,2325 770,2322 814,2325 859,2328 904,2331 949,2337 993,2334 1038,2334 1083,2334 1128,2331 1173,2328 1217,2325 1262,2328 1307,2328 1352,2325 1396,2325 1441,2325 1486,2322 1531,2322 1575,2322 1620,2322 1665,2322 1710,2322 1755,2319 1799,2316 1844,2316 1889,2316 1934,2313 1978,2307 2023,2307 2068,2310 2113,2310 2158,2310 2202,2313 2247,2313 2292,2313 2337,2310 2381,2310 2426,2307 2471,2307 2516,2307 2560,2304 2605,2301 2650,2304 2695,2301 2740,2301 2784,2301 2829,2301 2874,2298 2919,2295 2963,2295 3008,2295"/>
                <TextEquiv>
                    <Unicode>„0, ich verstehe Dich ganz,“ rief Falke aus, dem</Unicode>
                </TextEquiv>
            </TextLine>
            <TextLine id="tr_1_tl_12" custom="readingOrder {index:11;}">
                <Coords points="716,2564 2242,2554 2997,2491 3025,2394 719,2412"/>
                <Baseline points="737,2495 743,2492 787,2492 832,2489 877,2489 922,2489 967,2489 1011,2492 1056,2492 1101,2486 1146,2486 1190,2483 1235,2483 1280,2480 1325,2480 1370,2480 1414,2483 1459,2480 1504,2480 1549,2480 1593,2477 1638,2477 1683,2477 1728,2480 1772,2474 1817,2474 1862,2474 1907,2471 1952,2468 1996,2468 2041,2468 2086,2468 2131,2468 2175,2465 2220,2465 2265,2465 2310,2465 2355,2462 2399,2459 2444,2459 2489,2459 2534,2456 2578,2456 2623,2456 2668,2453 2713,2453 2757,2453 2802,2453 2847,2450 2892,2450 2937,2444 2981,2441 3026,2438"/>
                <TextEquiv>
                    <Unicode>Freund um den Hals fallend. "Wunderbar! Unüber -</Unicode>
                </TextEquiv>
            </TextLine>
            <TextLine id="tr_1_tl_13" custom="readingOrder {index:12;}">
                <Coords points="2788,2642 2803,2642 2815,2648 2830,2636 2843,2645 2852,2642 2870,2648 2876,2551 2861,2548 2852,2557 2840,2551 2821,2560 2812,2554 2794,2557"/>
                <Baseline points="2808,2617 2835,2614 2880,2611"/>
                <TextEquiv>
                    <Unicode>P.S.</Unicode>
                </TextEquiv>
            </TextLine>
            <TextLine id="tr_1_tl_14" custom="readingOrder {index:13;}">
                <Coords points="728,2700 840,2727 919,2691 950,2712 1077,2679 1135,2709 1186,2682 1274,2685 1277,2551 1210,2545 1104,2585 995,2551 959,2570 919,2557 868,2588 780,2582 734,2603"/>
                <Baseline points="749,2644 790,2644 835,2644 880,2644 925,2644 970,2644 1014,2644 1059,2641 1104,2641 1149,2638 1193,2632 1238,2623 1283,2617"/>
                <TextEquiv>
                    <Unicode>trefflich!"</Unicode>
                </TextEquiv>
            </TextLine>
            <TextLine id="tr_1_tl_15" custom="readingOrder {index:14;}">
                <Coords points="743,2858 3082,2794 3085,2667 746,2733"/>
                <Baseline points="761,2799 805,2796 850,2796 895,2796 940,2796 984,2796 1029,2796 1074,2793 1119,2793 1164,2793 1208,2790 1253,2790 1298,2787 1343,2787 1387,2784 1432,2787 1477,2787 1522,2784 1567,2784 1611,2781 1656,2778 1701,2778 1746,2778 1790,2775 1835,2775 1880,2775 1925,2769 1969,2769 2014,2769 2059,2769 2104,2766 2149,2766 2193,2766 2238,2763 2283,2766 2328,2763 2372,2766 2417,2766 2462,2763 2507,2763 2552,2760 2596,2757 2641,2757 2686,2754 2731,2754 2775,2752 2820,2754 2865,2752 2910,2752 2954,2749 2999,2749 3044,2746 3089,2734"/>
                <TextEquiv>
                    <Unicode>"Mässige Dich, ich weiss ohnehin, dass ich ein ge</Unicode>
                </TextEquiv>
            </TextLine>
            <TextLine id="tr_1_tl_16" custom="readingOrder {index:15;}">
                <Coords points="722,3028 2624,2982 3000,2912 3003,2809 725,2918"/>
                <Baseline points="743,2951 770,2951 814,2949 859,2949 904,2949 949,2949 993,2949 1038,2946 1083,2943 1128,2943 1173,2940 1217,2940 1262,2937 1307,2937 1352,2937 1396,2934 1441,2934 1486,2937 1531,2934 1575,2931 1620,2931 1665,2931 1710,2931 1755,2931 1799,2928 1844,2928 1889,2922 1934,2922 1978,2922 2023,2922 2068,2922 2113,2922 2158,2919 2202,2919 2247,2919 2292,2916 2337,2916 2381,2916 2426,2916 2471,2913 2516,2913 2560,2910 2605,2910 2650,2907 2695,2907 2740,2907 2784,2904 2829,2901 2874,2901 2919,2901 2963,2898 3008,2895"/>
                <TextEquiv>
                    <Unicode>scheiter Kerl bin," erwiderte Kühle, die Freuden</Unicode>
                </TextEquiv>
            </TextLine>
            <TextLine id="tr_1_tl_17" custom="readingOrder {index:16;}">
                <Coords points="728,3182 2928,3119 2931,2982 731,3031"/>
                <Baseline points="746,3110 782,3107 826,3107 871,3107 916,3104 961,3101 1005,3101 1050,3101 1095,3101 1140,3098 1184,3095 1229,3095 1274,3095 1319,3092 1364,3092 1408,3092 1453,3089 1498,3089 1543,3089 1587,3089 1632,3089 1677,3089 1722,3089 1767,3086 1811,3083 1856,3083 1901,3080 1946,3080 1990,3077 2035,3077 2080,3077 2125,3077 2169,3074 2214,3074 2259,3071 2304,3071 2349,3071 2393,3074 2438,3074 2483,3071 2528,3071 2572,3068 2617,3071 2662,3065 2707,3065 2752,3065 2796,3065 2841,3062 2886,3062 2931,3065"/>
                <TextEquiv>
                    <Unicode>bezeugungen des Freundes abwehrend. “Doch steh,</Unicode>
                </TextEquiv>
            </TextLine>
            <TextLine id="tr_1_tl_18" custom="readingOrder {index:17;}">
                <Coords points="725,3292 856,3255 1016,3331 1107,3298 1168,3328 1210,3301 1383,3307 1405,3301 1408,3176 1256,3167 1171,3195 1053,3176 986,3204 907,3167 856,3198 728,3185"/>
                <Baseline points="746,3253 787,3253 832,3253 877,3253 922,3250 967,3250 1011,3250 1056,3250 1101,3250 1146,3247 1190,3244 1235,3244 1280,3241 1325,3241 1370,3235 1414,3223"/>
                <TextEquiv>
                    <Unicode>hier ist sie."</Unicode>
                </TextEquiv>
            </TextLine>
            <TextLine id="tr_1_tl_19" custom="readingOrder {index:18;}">
                <Coords points="734,3413 1936,3468 2184,3377 2925,3377 2952,3270 737,3331"/>
                <Baseline points="752,3402 764,3402 808,3402 853,3399 898,3399 943,3396 987,3396 1032,3393 1077,3393 1122,3390 1167,3390 1211,3390 1256,3387 1301,3384 1346,3381 1390,3384 1435,3381 1480,3378 1525,3378 1570,3378 1614,3378 1659,3375 1704,3375 1749,3375 1793,3375 1838,3372 1883,3372 1928,3369 1972,3369 2017,3369 2062,3366 2107,3366 2152,3363 2196,3363 2241,3360 2286,3360 2331,3357 2375,3360 2420,3357 2465,3357 2510,3354 2555,3354 2599,3354 2644,3351 2689,3348 2734,3345 2778,3345 2823,3343 2868,3340 2913,3340 2957,3337"/>
                <TextEquiv>
                    <Unicode>In diesem Augenblich rauschte Fräulein Talma in</Unicode>
                </TextEquiv>
            </TextLine>
            <TextLine id="tr_1_tl_20" custom="readingOrder {index:19;}">
                <Coords points="728,3628 2703,3580 2903,3513 2906,3422 731,3480"/>
                <Baseline points="749,3557 761,3557 805,3554 850,3554 895,3557 940,3554 984,3554 1029,3551 1074,3551 1119,3548 1164,3545 1208,3542 1253,3542 1298,3542 1343,3542 1387,3540 1432,3540 1477,3540 1522,3537 1567,3534 1611,3531 1656,3531 1701,3531 1746,3531 1790,3528 1835,3528 1880,3525 1925,3525 1969,3522 2014,3522 2059,3522 2104,3522 2149,3519 2193,3519 2238,3516 2283,3513 2328,3513 2372,3513 2417,3510 2462,3510 2507,3507 2552,3507 2596,3504 2641,3504 2686,3504 2731,3501 2775,3501 2820,3498 2865,3498 2910,3492"/>
                <TextEquiv>
                    <Unicode>auffallender, aber wirklich reizender Toilette</Unicode>
                </TextEquiv>
            </TextLine>
            <TextLine id="tr_1_tl_21" custom="readingOrder {index:20;}">
                <Coords points="725,3725 1107,3695 1426,3823 2378,3716 2733,3765 3003,3710 3006,3577 728,3631"/>
                <Baseline points="743,3707 773,3707 817,3707 862,3707 907,3707 952,3707 996,3701 1041,3701 1086,3698 1131,3695 1176,3695 1220,3692 1265,3692 1310,3692 1355,3692 1399,3689 1444,3689 1489,3689 1534,3686 1578,3686 1623,3683 1668,3680 1713,3677 1758,3674 1802,3674 1847,3674 1892,3674 1937,3671 1981,3671 2026,3668 2071,3671 2116,3668 2161,3665 2205,3662 2250,3662 2295,3662 2340,3659 2384,3659 2429,3656 2474,3656 2519,3656 2563,3653 2608,3656 2653,3656 2698,3653 2743,3653 2787,3650 2832,3647 2877,3644 2922,3644 2966,3641 3011,3638"/>
                <TextEquiv>
                    <Unicode>herbet. Um die Schultern hing ihr ein Theaterman</Unicode>
                </TextEquiv>
            </TextLine>
        </TextRegion>
    </Page>
</PcGts>
