3496 4344
2449 416 2636 561 344.
558 754 2883 962 Kühle des Waldes zu erquicken. Dies geschah auch.
558 905 2868 1113 Albertine nahm schleunigst von Nelke Besitz, wäh-
567 1075 2865 1262 rend Fiedel Estrellas Arm nahm, Falke ud Kühle a-
585 1235 2099 1404 ber hinter ihnen dreinschritten.
600 1345 2853 1538 “Aber gewiss, ich bitte Sie. ich denke doch, Sie
597 1511 2895 1713 werden mich herauskennen?" So fragte Albertine ih¬
606 1657 2915 1870 ren Kavalier, zärtlich zu ihm aufblickend, ach, so
606 1808 2963 2013 zärtlich, dass selbst Fiedel verdriesslich die Kir¬
612 1950 2883 2197 pen zusammenbiss, trotzdem Estrella auch ihn mit
623 2143 1716 2336 zärtlichen Bugen ansah.
612 2292 2853 2464 Ach, mit so särtlichen Augen, dass selbst Nelke
629 2411 2927 2607 verdriesslich die Stirne in Falten zog, obwohl er
626 2601 1906 2770 Selbst an allem Schuld war.
626 2702 3016 2927 Aber so sind die Menschen. Wenn sie auch nicht lie¬
650 2898 2437 3076 ben — — eifersüchtig bleiben sie stets.
638 3031 3013 3212 Nelke besonders befand sich in der unbehaglichsten
644 3197 2975 3361 Situation. Mit Albertine durfte er nicht schöntun
656 3322 2978 3524 mehr um Estrella, die ihn sonst stets sekiert hät
671 3465 2903 3684 te, als um Berta willen. Trotzdem war aber auch
