3560 4376
2680 386 2861 650 380
736 775 3059 979 aus, wo sie mit ihren Eltern und den beiden Kränz
748 967 3000 1196 lein sass. Sie hatte gestern Abend Glück gehabt.
760 1107 3030 1285 Sie war noch gerade vor Ankunft ihrer Eltern zu -
760 1223 2973 1436 rückgekehrt und hatte gesagt, sie sei bei einer
763 1407 2988 1611 Schulkollegin gewesen, da sie es aus Langeweile
766 1534 2994 1754 nicht ausgehalten. Nach dem obligaten folgte ei
329 1626 665 1855 Spektakel
775 1686 3033 1884 ne schnelle Versöhnung. Arthur sah soeben hinab.
798 1834 3187 2062 "Da ist Fannt," sagte er zu Mortz. "Am Ende ist sie
801 2018 2997 2267 beleidigt, dass ich das Rendez-nous nicht ein -
798 2166 1350 2359 gehalten. „
804 2312 3065 2546 "Josef Kränzlein ist in der Loge," sagte
807 2490 1338 2677 xxxx Moriz.
825 2573 3184 2801 "Habe es schon bemerkt," erwiderte Arthur, der die
813 2742 3086 2985 Stirn in finstre Falten stehend, gedankenlos auf
822 2973 2941 3143 die Bühne starrte. Ach, er war eifersüchtig.
1510 3057 3074 3276 Loser sah wenig auf die Vorgänge,
831 3226 3051 3460 die sich auf der Bühne abspielten, er hatte nur
822 3386 3036 3591 Augen für sein vis à vis, für die reizende Kon
849 3514 3057 3742 stantinopolitanerin, die mit Constantin Linkmaus
