3480 4376
2478 598 2675 779 348.
666 854 2910 1139 thur leiser hinzu. Ich bitte euch, ratet mir, was
669 1023 2972 1279 tun?" Ich meinesteils glaube, dass mir einzig und
669 1232 2966 1425 allein helfen kann, über Stock und Steinherunter-
669 1312 3058 1642 zurennen in die ganze andere Stppschaft beim Teufel
672 1583 1226 1791 zu lassen.“
1380 1598 1541 1746 G.H.F.P
696 1618 3064 1943 "Oh, mir wirst Du doch erlauben, mit Dirzu rennen!"
690 1865 1377 2085 fragte Sinnig.
729 1949 3088 2204 "Wies beliebt, wenn Du so viel Schnelligkeit in den
690 2127 3026 2398 Beinen hast, ists mir recht. Ebenso Du, lieber Wei¬
699 2320 970 2514 zen!"
1633 2326 1990 2505 G.H.F.P.
690 2395 3043 2669 Während Professor Mager, der Fromme, gühnte, (viel-
702 2556 3032 2808 leicht verwandelte sich das Gähnen in seinem gott¬
711 2740 3067 2948 gefälligen Munde in ein Vaterunser) und die Klasse
717 2892 2936 3085 ihm nachschritt, hatte Arthur Falke schon einen
699 3014 3070 3252 Salte mortale über einen Baumstumpf durchs nächste
720 3207 3073 3403 Gebilsch zu dem spitalgewundenen Pfade gemacht, wo-
711 3314 3106 3600 hin ihm eben so kühn Weizen, noch kühner aber Sinn-
726 3531 3070 3734 nig folgte, der nämlich der Länge nach auf der ###-
