3480 4344
2606 384 2800 562 287
723 680 3009 844 nicht zart gebaute Mädchengestalt wurde sichtbar.
747 889 2365 1086 "Sie ists, Berta ists," rief Nelke.
726 989 3042 1228 Sie hatte seinen Ruf gehört, war tief errötet und
720 1152 3000 1346 hatte das Fenster, da sie eben ihres allzufreien
720 1324 2510 1500 Kostums gedachte, schnell geschlossen.
723 1463 3051 1666 Die Freunde setzten schwetgsam ihren Weg fort. Im
717 1597 3030 1835 Prater, wohin sie gelangt waren, wars recht still
738 1802 1270 1978 und einsam.
744 1962 3124 2114 "Ja, wohim kommen wir denn eigentlich,“ rief Wasch-
738 2092 2159 2274 lapskt aus. "Träumst Du Nelke?"
756 2229 3075 2383 "Ich? Was fällt Dir ein? Kann man denn in den Pra¬
741 2395 1926 2582 ter nur im Traum kommen?"
753 2525 2960 2736 “Aber zu solcher Stunde?! Komm, kehren wir um!“
750 2712 3036 2885 "Keineswegs, lieber Waschlapski, ich muss Dir des
729 2867 1566 3039 weitern erzählen.
756 3003 1058 3208 "Nun?"
747 3133 3069 3356 “Wo ich sie das erste Mal gesprochen und wann? Vor
744 3275 3042 3465 dret oder vier Tagen. Ich ging ihr nach und da es
732 3474 3124 3638 zu regnen begann, bot ich ihr meinen Schirm an. Wir
720 3616 3151 3774 hamen ins Gespräch, sie erzählte mir dieumpereten
