3528 4328
2589 506 2791 711 L24
769 893 2140 1060 ter welche sich Fannt nennt!“
778 1044 2443 1166 "Ja" antwortete Flock etwas gedehnt.
766 1181 3070 1365 "Also wissen sie wohl, dass Ihre Tochter mal eine
760 1326 1541 1505 Liebschaft hat?"
763 1483 2177 1665 Floch riss die Augen weit auf.
775 1605 3215 1777 "Wie, meine Tochter eine Liebschaft?" presste er ###
781 1792 1344 1947 dann heraus
772 1904 2413 2086 Mager machte eine bedauernde Miene.
793 2080 3133 2234 "Also, ihr Geliebter ist Herr Falche, leider muss
784 2262 1374 2404 ichs sagen."
787 2398 2519 2558 Was.. ich ihr Geliebter!" rief Falke.
814 2507 3091 2694 "Also nicht Sie, sondern Ihr Sohn Arthur, welcher
784 2685 1886 2876 mal in der Chwarta ist"
796 2867 2864 3021 Was sagen Sie, mein Sohn Arthur?" schrie der
790 3028 1320 3155 Kanzleirat.
805 3109 2719 3324 "Meine Tochter Fannt?" schrie Herr Flock.
802 3285 3170 3448 Ein Sicherheitswachmann, der eben über die Strasse
808 3433 3127 3618 schritt, musterte die drei Spaztergänger mit ver¬
805 3648 1662 3812 dächtigen Blicken.
