3448 4360
2572 625 2760 788 300
658 889 1847 1128 sie zur Geltung bringe. “
658 1052 2714 1271 "Gewiss Fiedel, Sie sinader liebenswürdigste
634 1246 1713 1434 Mensch, den ich henne.
664 1371 2893 1547 "Bei Tag und Nacht in Gesellschaft. Aber nachts,
661 1571 2960 1713 wenn ich allein bin (es kommt das zum Glück selten
661 1707 2878 1874 vor) da werd ich melancholtsch, dass ich weinen
655 1813 3011 1998 könnte; da wird mir so sentimental zu Mute und ich
664 1998 2987 2150 denke ans...doch von was anderm, Falke. Wie geden¬
667 2174 2371 2326 ken Sie den ersten Mai zuzubringen?"
652 2314 2975 2475 Fritz seufste und zuckte die Achseln.“'sist nicht
670 2487 2890 2656 mehr lang bis dahin. Uebermorgen, lieber Falke.
676 2590 3045 2750 "Ich weiss noch nicht, was ich tun werde. A propos,
673 2799 1813 2923 wann ist wieder Ballet!"
685 2890 2966 3090 "Am zweiten Mai ist eine grossartige Vorstellung.
664 3084 2999 3272 Norbert wirkt mit, ein grosses Ballet kommt vor...
664 3224 2978 3418 Estrella... ich sag Ihnen, ein Phantasiekostüm hat
670 3387 3105 3578 unser Theaterschneider für sie gemacht-wenn stes nur
673 3530 2014 3715 anzieht, es ist etwas frei.“
691 3666 2987 3873 "Das ist das wenigste,-aber wird es möglich, mich
