3576 4376
2428 417 2620 552 823
687 729 3058 933 Strassen,- schnell, dass Dich kein Behannter steht
696 885 3058 1086 zur Südbahn! Wie sie läuft! Wte sie eilt! In nicht
699 1056 3013 1231 langer Zeit steht sie beim Bahnhof. Wie Juftig es
711 1234 3031 1402 aus den steinigen Hallen herausweht! Wie angenehm
717 1375 2539 1546 es sich hier auf einer Bank ruhen wird!
705 1531 3118 1717 Es ist erst xxx Uhr, sie hat noch eine Stunde Zeit,
705 1642 3022 1867 Sie setzt sich einen Aigenblick auf die Bank, dann
723 1825 3007 2014 geht sie wieder unruhig hin und her. Wenn sie ei¬
717 1981 2926 2146 nen Bekannten träfe! Ihr wird Gang zu Mut. Aber
726 2134 3058 2317 gleich wieder nimmt ihr Gesicht den Trotzigen Aus¬
717 2263 3082 2449 druck an, der zu sagen scheint: Wenn ichs will, so
738 2449 3001 2569 tu ichs. Endlich erschallt das erste Glockenzei-
738 2611 2878 2755 chen. Sie löst eine Karte und eilt zum Naggon.
729 2737 2953 2893 Himmel! Schien es ihr nicht, als sei eben Onkel
729 2872 3043 3034 Ritter mit Pept Rotter eingestiegen? Schnell eilt
393 2842 477 3013 a
747 3040 3046 3202 sie in ein Coupée und setzt sich an die Eche. Ne¬
750 3178 3013 3361 ben ihr nimmt ein junger Mann Platz, der sie mit
753 3334 3148 3508 eigentümlichen Blicken mustert. Ihr gegenüber sitzt
744 3505 3073 3701 ein älterer Herr, der jeden Augenblick eine andre
