3480 4376
2501 436 2691 569 385
584 747 2884 1020 in grossem Verdacht, dass sie gestern wieder dort
587 904 2836 1120 war. Denn hören Sie, Herr Kanzleirat, ich verbot
611 1040 2685 1325 ihr mit ihrer Klasse am ersten Mai - das ist
605 1212 2872 1488 gestern — eine Landpartie zu machen. Nun war ich
622 1378 2715 1594 gestern mit meiner Frau bei einer Verwandten,
622 1517 2863 1784 komme nach Hause und eine halbe Minute nach mir,
622 1645 2925 1891 Fanni, die ich noch gar nicht vermisst hatte. Bei
631 1820 2765 2081 einer Kollegin wäre sie gewesen, erzählte sie
646 1968 2943 2199 trotzig, sie hätte keine Lust gehabt sich zu lang
661 2211 1073 2395 weilen."
673 2276 2967 2540 "Hm, hm, Herr Flock, lassen Sie sie morgen nur in
673 2415 2827 2661 den Volksgarten kommen; ich will den Buben auf
688 2596 2913 2839 frischer Tat ertoppen. Es hat gar nichts gefähr
682 2792 1876 3005 liches für Ihre Tochter.“
696 2887 2896 3159 „Nun Ihnen zu Liebe und ich werde Ihrem Beispiel
726 3038 2875 3284 folgen, Herr Kanzletrat und meine Tochter eben
711 3189 2907 3462 falls auf frischer Tat ertappen. Aber um wieder
705 3349 3088 3628 zurückzukommen - wenn Sie Material für Ihre "Moral"
729 3530 2890 3714 suchen, was tun Sie mit Ihrem Jungen? Zu Hause
