3464 4360
2647 414 2830 614 361.
730 721 2951 972 ten war, ihm ins Ohr flüsterte: "Nicht wahr, Du
730 892 2915 1105 liebst mich wie ich Dich liebe,“ dass pötzlich
747 1046 3096 1306 ein Gefühl der Seligkeit auf Jakobs keuschen Lip-
747 1205 3093 1418 pen brannte. Wozu erzählen, dass das Mädchen sei -
747 1338 3069 1583 nen Arm genommen hatte, und stumm an seiner Sel -
759 1557 1117 1746 te......
750 1630 3075 1896 Aber wende doch nicht schon wieder um, lieber Le-
774 1837 3134 2014 ser. Es ist gewiss kein Traum. Mager wird nicht am
768 1944 2963 2183 Ende dieses Kapittels aufwachen, um sich schlaf
721 2100 3051 2354 strunken die Augen zu reiben und zu bemerken, wie
789 2251 3163 2511 die Schüler ihn einsam beim Tische sitzen gelassen,
792 2460 3090 2650 alle Gartenlampen ausgelöscht, ein Dutzend Bier -
809 2558 3128 2824 glüser vor ihn hingestellt und einige Zigarren in
806 2741 3158 2948 einen Teller gelegt haben. Nein, mein Lieber. Kein
806 2889 2977 3090 Traum ists, wie jetzt Mager seiner Begleiterin
824 3039 3042 3249 ins Ohr flüstert: "Also ich muss Sie mal auchen
827 3178 3001 3382 blicklich verlassen, denn meine Schüler......“
830 3329 3010 3550 "O, mein Süsser, Lieber," erwiderte sie, indem
836 3503 3048 3722 sie sich auf eine Bank miederliess und Jakob zu
