3448 4312
2465 434 2652 612 250
859 759 3219 940 als möglich den Anstrich eines reichen Sonderlings
859 895 3134 1094 gegeben, was ihm freilich bei seiner angeborenen
856 1043 3276 1248 Schüchternheit und bei seiner geringen Verstellungs-
859 1239 2092 1404 kunst nur mit Milho gelang.
871 1386 3176 1573 "Ah, Estrella ist jene hübsche Balleteuse", sagte
862 1498 2715 1715 eben Falke in möglichst blasiertem Ten.
850 1676 3095 1841 Nicht wahr sie ist hübsch, das finden Sie auch¬
868 1835 3261 2004 und es hat es am Ende noch jeder gefunden, aber sie
859 1986 3089 2167 kommt nicht in die Linkmaustana. Ich will offen
877 2152 3119 2336 sein, man hat sie sehr in Verdacht, dass sie so
859 2293 1263 2483 lid ist.
865 2447 2884 2613 Wie? Das nennen Sie einen Verdacht!"
880 2592 3140 2776 Gewiss! Denn es ist am Ende keine ordentlich in
862 2733 3044 2941 der ganzen Bande; sehen Sie sich mal die Talma
865 2860 3131 3095 an. Sie ist wie ein Schmetterling, wenn sie sich
862 3044 3041 3258 auch nicht immer Blumen aussucht, und ich sage
865 3195 2944 3369 Ihnen, Herr Geyer, ich geb ihr selbst Recht.
2610 3342 2947 3511 e. Man
877 3381 2535 3562 "Nun, da hört man ja schöne Sachen.
841 3466 3167 3704 Lieber HerrGeyer, oder darf ich Sie kurweg Geyer
