3464 4296
2892 455 3023 580 48
583 580 2777 793 treten und in denen wir unsern Wahlmann, Falke,
570 776 1710 943 Kühle und Feld erkennen.
609 914 3013 1136 "Nun was sagt Ihr zu me inem Geschmacht!“ fragte Falke.
606 1064 3095 1290 "Nicht wahr, sie ist reisend! Und wiset Ihr etwas von
603 1222 2263 1415 threm Ruf, habt Ihr Euch erkundigt!‘
612 1343 3210 1579 “Sie soll eine der ordentlichsten sein,“ erstderte Feld.
612 1526 3200 1696 „Ihr Benehmen schien mir auch jetzt auf der Bühne nicht
609 1674 3072 1867 so herausfordernd, wie zum Beispiel das des Fräulein
609 1909 930 2030 Talma.
645 1978 3187 2158 "Deren Heraus for derung toh auch angenommen haben", be
609 2158 2594 2348 merkte sehr ruhig der lebenslustige Kühle.
632 2270 3268 2518 "Was!” riefen die andern drei, wie mit einer Stimme, “Du
632 2466 1886 2643 hast Dioh in sie verliebt!‘
655 2627 3151 2800 "Verliebt, sehr richtig und will sie auch augenblick -
629 2738 3128 2980 lich erwarten, um die Gelegenheit nicht ungenutzt vor
645 2977 1631 3141 stretchen zu lassen.“
675 3020 3154 3272 "Kühle, das will ich auch tun," rief Falke. “Ich still
652 3180 3167 3429 Estrella erwarten. Hab ich nicht recht, Kühle! Kommst
642 3354 3115 3566 Duf Lob wohl Wahlmann, leb wohl Feld, wir gehen zur
662 3586 2620 3789 Türe, die auf die Bühne führt, lebt wohl.'
