3400 4344
2414 486 2599 631 258
723 745 3013 968 "Neben dem höchsten Idealismus bin ich doch immer
711 963 2970 1148 so praktisch, diese notwendigen Dinge bei mir zu
700 1065 2896 1322 Haben.Also wenn Sie jetzt hören wollen!" Er be¬
705 1231 1388 1402 gann zu lesen:
688 1348 2442 1605 Mein Kind, mich quälen bange Zweifel,
686 1537 2311 1685 Die niemals weichen aus der Brust.
697 1685 2171 1894 Bist Du wohl Engel oder Teufel!
700 1862 2488 2054 Zum Schmerz gebor'n? geboren zur Lust!
2548 1922 2659 2111 G.F.P.
688 2114 2491 2339 Doch eines weiss ich, eins ist sicher!
686 2279 2302 2451 Dass Du mich niemals hast geliebt-
697 2454 2282 2596 Und drum... und drum.. una drùm..
717 2593 2948 2822 "Nun, und drumt” fragte Talma scheinbar sehr ge¬
703 2762 1034 2942 spannt.
708 2908 2908 3148 "Warten Sie nur ein wenig... es ist mir ein Klex
694 3070 1768 3305 auf das Wort gekommen.
711 3262 2951 3459 “Sie können mir ja ein anderes eben so gut dafür
686 3422 1171 3533 vorlesen.
697 3533 2982 3727 “Sehen sie, da ist der ganze Eindruck zerstört...
