3544 4376
2291 556 2475 751 636.
716 900 3042 1106 "Nun, wahrhaftig, das wird mir schon zu stark. Bin
710 1039 3051 1301 ich vielleicht daran Schuld, dass diese Lokomrende
710 1191 2955 1421 gepfliffen hat? Oder soll ich auch das Deiner Auf
710 1357 3051 1578 regung zugute halten?" Er lehnte sich ärgerlich in
719 1508 3042 1721 eine Ecke und sah zum Fenster hinaus. Nach ei¬
716 1686 2611 1875 ner längern Pause begann Estrella wieder.
739 1793 3063 2006 "Ich weiss eigentlich nicht, weshalb wir heute mit
731 1980 2594 2181 einander fahren. Rein nur um zu zanken."
722 2084 3057 2294 Nelke sah sie mit einem unnachahmlich verdriessli¬
739 2300 3063 2475 chen Blick an. "Jetzt möcht ich eigentlich wissen,
734 2434 3066 2626 warum Du schon wieder anfängst?" sagte er mit ver¬
745 2608 1496 2780 haltenem Aerger.
757 2702 3001 2908 "So, jetzt willst Du mir gar noch erzählen, dass
757 2870 2218 3077 ich angefangen habe zu zanken?"
748 3034 2183 3243 Na wer denn, vielleicht ich?!"
771 3173 1881 3380 "Ludwig, Du wirst grob!"
751 3307 3007 3531 Jetzt schaute er sie eine ganze Weile durchdrin-
780 3496 3098 3689 gend an. "Gott set Dank, dass ich jetzt nichts ge¬
873 3648 3025 3828 sprochen habe,“ brach er dann heraus.“Aber ich
