3544 4392
2387 581 2572 754 318
528 903 2768 1202 der Fritz aus, wir sagten"guten Tag", ich beglei
537 1088 2771 1325 tete sie, wir wurden per dux nach wenigen Tagen,
543 1232 2798 1457 im November zog sie aus, mein Vater hatte von un-
551 1352 2803 1625 serer Geschichte nichts bemerkt, da er selten zu
548 1507 2798 1762 Hause war, er wusste gar nichts von der Familie,
578 1672 2845 1915 die uns gegenüber wohnte. Im Winter traf ich Fan¬
578 1812 2847 2079 ni nur dreimal, einmal in der Nähe des Stadtthea¬
592 1965 2801 2240 ters, Zwemal kam sie mir, wie ich anfangs glaub¬
610 2135 2833 2408 te zufällig, zur Schule entgegen, wie sie mir a-
616 2296 2798 2519 ber gestand, geschah es mit Absicht. Jetzt aber
625 2419 2953 2689 ist die Geschichte wieder recht lustig- doch nein¬
636 2695 1402 2865 verdammtes Pech!
674 2789 2232 3003 "Was hast Du denn?" fragte Weizen.
683 2865 2974 3114 Ich erinnere mich des Wagens, den mein Vater auf-
660 3032 2941 3302 nahm und mit dem wir meistenteils des Abends aus-
669 3202 3023 3454 fahren. Du kannst Dir denken, wie ich mich da lang-
669 3343 3029 3598 weile. Nur einmal die Woche, wenn der Vater in sei-
672 3493 3020 3754 nem Klub ist, der, so viel ich glaube, die Tendenz
683 3639 2976 3909 hat, Moralität zu verbreiten und der Entsittlich-
