3448 4344
2702 442 2891 653 256
714 744 2785 933 vom Sofa aufhob und sich Kühlung aufächelte.
720 924 3056 1125 "Fräulein," bebte die schmelzende Stimme des Dich
720 1101 3041 1269 ters. "Würdigen Sie mich doch eines Blickes. Sie
711 1257 2971 1400 wissen ja, was ich für Sie letzte. Und nicht ein
708 1348 2297 1559 mal dieser Lohn wird mir sutetä.
705 1528 2965 1702 Er trat näher, Talma war wieder zum Fenster ge
714 1702 1071 1870 treten.
732 1806 2974 2016 "Dte Stunde ist da," begann Strohmüller von neu
717 1961 2940 2178 am, "die süsse Stunde, von der ich viel gehofft
708 2153 2406 2248 habe. Ja Fräulein-habe," seufzte er.
735 2284 2980 2474 "Nun ja," lächelte sie spöttisch, "habe. Nun was
711 2449 1177 2574 weiter. "
759 2602 3004 2757 "Clauben Sie nicht, Göttin meines Herzensm, dass
726 2736 2995 2934 ich Sie mit zudringlichen Anträgen bestürmen wer
717 2931 3169 3093 de. Ich habe nur einen kleinen, ganz kleinen Wunsch.
705 3041 2971 3239 Bei diesen Worten fühlte er auf die Brusttasche.
738 3233 2657 3379 "Nun welcher Wunsch ist das?“ fragte sie.
741 3364 2986 3581 "Ich möchte Ihnen ein kleines Lied vorlese. "Hier
720 3486 2949 3758 zog er ein Heft aus seiner Brusttasche. "Etnige
