3464 4328
2724 384 2921 534 265
714 705 2921 832 "Liebe Madame Flock, sehen Sie, wenn Sie wollen
699 832 2912 1017 bleib ich da, bis zu Haus kommt Ihr werter Herr
693 953 2918 1153 Gemahl. Aber ich schwör Ihnen, länger bleib ich
690 1130 2918 1320 nicht da, um alles in der Welt, damit ich nicht
690 1300 2828 1447 ausschau, wie als ob ich wollt schmarotzen. "
716 1441 3019 1592 "Frau Keiles, wenn Sie nicht dableiben zum Souper,
705 1612 2935 1736 bin ich beleidigt und mein Mann und die B Fannt,
696 1765 2973 1933 meine Tochter. Fanni, nicht wahr, Du bist belei -
705 1921 2129 2071 digt? Fanni, wo bist Du denn?"
719 2005 2785 2221 "Hier Mama," rief Fanni aus einer schattigen
693 2242 3022 2351 Fensternische hervor, wohin sie sich mit dem Jun
716 2369 2583 2533 gen Josef Kränzlein zurückgezogen hatte.
734 2510 2736 2704 "Nicht wahr Du bist auch beleidigt, Fannt?"
728 2666 1716 2843 “Worüber denn, Mamar”
731 2831 2952 3004 "Na, warum hast Du nicht zugehört. Die Frau Kei
719 2990 2987 3140 les will nicht dableiben zum Souper; und da frag
728 3126 2892 3285 Ich Dich, Fanni, ob Du nicht bist beleidigt. „
428 3152 517 3380 11
734 3296 2938 3469 “Ja ich bin sehr beleidigt, Frau Keiles," sagte
716 3435 2935 3628 Fanni, nicht ohne ein leises Lächeln, indem ihr
722 3622 2978 3781 Blick zugleich den Josef traf und beide einwenig
