3448 4168
2499 342 2680 571 114
785 616 1425 878 "Junger Herrr?"
782 788 3005 994 „Zurück, ich hab mein Buch vergessen,“ erwiderte
735 985 1877 1166 Arthur sehr kategorisch.
756 1130 2588 1294 "Der Herr Vater hat mir ausdrücklich.
756 1279 3023 1488 "Ioh hab nichts davon gesagt, dass er mir antwor¬
750 1440 2002 1609 ten soll, zurück, sag ich.
774 1529 2975 1764 "Ich kann absolut nicht ohne Befehl des Herrnra
753 1755 1000 1925 pas."
768 1842 2969 2056 "Erstens hat Er nicht zu sagen, des Herrn Papas
759 2020 2954 2240 sondern des Herrn Kanzletrats, wettens kannder
744 2222 2945 2368 Herr Kanzletrat ihm nicht von Wien aus zurufen,
759 2377 2975 2535 dass Er augenblicklich umzukehren hatt hat. Ich
756 2517 3017 2666 kannIhm mein Wort geben, Kutscher, dass mir mein
744 2645 2978 2841 Papa erst vor zwanzig Minuten gesagt hat:In Neu¬
750 2838 3032 2987 waldegg sollst Du lesen. Wie soll ich aber lesen,
756 2936 2978 3127 wenn ich kein Buch habe?  Leuchtet Ihm das etwa
762 3106 3073 3284 nicht ein? Was für ein Hirn hat er denn? Oder hat
750 3278 3145 3466 Er vielleicht ein Buch da, das Er mir lethen kann!“
747 3430 2966 3686 Der Kutscher machte ein immer Längeres Gesicht.
