3480 4344
2600 438 2785 644 277
732 801 3045 952 "Was hast Du nicht getan? Rede, rede sag ich Dir!
720 952 2546 1092 "Nein, ich rede nichts," schmollte sie.
723 1089 2981 1279 "Was, keck will sie noch werden, meine verliebte
714 1264 3063 1424 Tochter, keck mit ihrem Vater und nicht antworten?
702 1436 3136 1578 Rede, sag ich Dtr, reden selbst Du, Mädel, oder ich
720 1581 2942 1708 sprech kein Wort mehr mit Dir und geb Dich ganz
717 1730 2984 1866 und gar in ein Institut—oh, ich will Dich mores
717 1890 2198 2017 Iehren! Willst Du jetzt reden?"
729 2053 2942 2241 "Nein, ich will nicht und jetzt gerade wtl ich
720 2216 1064 2337 nicht.“
729 2368 2984 2510 "Ah, Du gibst also ganz einfach dadurch zu, dass
708 2504 2984 2637 Du kleines, vierzehnjähriges Mädel einen kleinen
726 2667 2924 2839 vierehnjährigen Buben gehüsst hast, auf offener
723 2833 2120 2927 Strasse, vor der Votivkirche.
2909 2854 3157 3012 ue de
738 2984 1978 3111 "Nein, das ist nicht wahr!"
738 3081 2464 3235 “Aber Du kennst den jungen Burschen?“
2631 3193 2758 3338 G.F.P.
744 3214 1869 3393 "Fretlich kenn ich ihn.“
753 3399 2891 3553 "Und Du kleines Ding bist in den dummen Jungen
732 3526 1285 3722 verliebt?!“
