3592 4376
2491 585 2676 705 unsere. 326
699 908 2924 1072 mit freieren Herzen auf den Weg, der sie gerade
702 1048 3106 1192 bei ethem Omnibus vorbetführte. "Welche Hitze," dach
711 1200 3055 1332 te sie sich, ich setze mich lieber hinein,“was sie
705 1350 3058 1499 auch sogleich tat. Durch eine Fügung desSchicksals
702 1514 2950 1622 sass sie wieder dem unaufhörlichen Zeitungsleser
717 1636 3094 1801 gegenüber. Eben wollte der Stellwagen abfahren, als
702 1816 2965 1989 sie eilige Schritte hörte und jemand den Konduk-
723 2001 1386 2126 teur anschrie:
723 2111 2320 2281 "Halt da, wir wollen noch hinein!"
735 2276 1565 2440 "Kein Platz mehr.“
720 2374 3013 2550 "Wir wollen noch hinein, as ist kein Omnibus mehr
714 2559 3109 2700 da und in dieser Grässlichen Hitze können wir nicht
723 2738 1078 2879 gehen."
738 2849 2580 3043 "Nichts da," rief der Kondukteur wieder.
705 3007 3004 3216 Pepi Ritter aber, ohne Umstände riss die Türe auf,
714 3168 3007 3318 sein Vater folgte ihm,- und beiden wurde vom Kon¬
714 3300 3028 3455 dukteur die Türe vor der Nase zugeschlagen. Der¬
723 3485 2867 3676 selbe rief "fertig!" und der Omnibus fuhr,weg.
714 3628 2974 3781 O, ver jetzt das Gesicht der beiden edlen Ritter
