3400 4232
2720 449 2870 672 82
658 714 2772 1013 es mir sehr leid tut, wenn wir uns jetzt sehr
655 937 2960 1125 selten, wie es scheint, sehen werden. (Faike hatte
644 1104 2762 1334 der Briefstellerin schon von dem Wagen seines
651 1282 2758 1484 Vaters erzählt). Im Volksgarten wird es wahr
651 1403 2817 1578 scheinlich immer fader und fader werden. Jeder
658 1543 2849 1738 kommt selten, Du kommst gar nicht, die Kirscher
641 1703 2831 1915 Rosa s ist dumm, die Kleine nicht minder, ich
658 1908 2995 2055 bin blöd etc. etc. Also lieber, lieber Arthur, wie
658 2009 2967 2208 geht es Dirl Meine Feder scheint auf mich böse zu
665 2173 2915 2389 sein, da sie fürchterlich kratzt und impertinent
679 2316 2842 2500 schlecht schreibt. Die Landpartien ärgern Dich
219 2330 665 2542 Die bewahlen
223 2518 637 2601 zu erwarten.
662 2469 2915 2668 mich detto. Nun habe ich einen kleinen Trost, da
233 2584 550 2685 den, mit
237 2650 609 2762 Kauchleirat
247 2647 3044 2838 Falkes Wegen) ich Dir öfters schretben kann und recht bald wieder
662 2821 2842 3019 einen Riesenbrt e f von Deiner Hand er
651 2971 2863 3113 warte. (Durch Sinnigs Vermittlung) Verzeth mir
655 3110 2964 3291 die Geistlosigheit dieses Briefes, da ich erstens
665 3246 2828 3441 furchtbar schnell schretben muss, wettens wie
665 3441 2971 3604 gesagt nicht geistreich bin. (Impertinenz von so
658 3566 2908 3817 einer Feder, wie sie mich quält ) - (nebetto i er
