3560 4360
2600 389 2782 560 307
698 698 2995 994 wirres Lied, von Burschen, Liebe und hüssen- die
728 875 3139 1093 Vorsteherin aber, ein schönes Fräulein, sang tapfer
737 1036 3133 1258 mit und wie die Mädchen mit den Gymnastasten zusam-
743 1186 3145 1411 mengetroffen waren, da flogen sie sich in die Arme-
749 1375 2591 1560 und Arthur hielt Fannt an setner Brust.
770 1495 3040 1758 "Fulke" hörte er Sinnigs Stimme rufen. "ich habe
761 1689 1806 1893 meine Pauline wieder.“
767 1791 3124 2028 Arthur sah auf und erblickte den kreushaarigen Mo¬
782 1941 3136 2186 ritz, die Lippen auf den Mund eines Mädchen gehef-
800 2094 3166 2315 tet. Doch sich da- Jakob Mager fliegt wie verrückt
815 2237 3226 2477 umher an dem Busen der Vorsteherin, bald küssen sie
809 2420 3181 2612 sich oben in der Luft, wo mit einem Mal eine Musik
824 2546 3193 2779 erschallt, bald tanzen sie unten herum und pressen
830 2800 2007 2959 die Lippen gegenetnander.
851 2893 1848 3109 "Jakob" flüstert sie.
857 3013 3163 3223 "Also, Cheliebte," ervidert er- und fort tollt es
857 3190 3196 3387 in der Dunkelheit, die mit einem Mal hereinbricht.
845 3324 3229 3555 Arthur ist plötzlich allein im Wald mit Fanni; sie
860 3468 3208 3753 sieht mit liebevollen Augen auf ihn herab, der zu
