3496 4360
2642 616 2838 749 285
755 920 1750 1073 bemerkte Waschlapski.
764 1052 3048 1227 "Doch, doch! Das heisst- ich wars. Oder noch bes¬
761 1215 3072 1398 ser, ich bin zwar in sie verliebt, aber in ein an-
758 1353 2180 1545 deres Mädchen noch weit mehr!"
770 1551 2219 1711 "Ach so, nun versteh ich Dich!“
749 1708 3111 1843 Sie gingen eine Wetle in der Dunkelheit nebeneinan-
758 1801 2967 2014 der her.Es war dieselbe Nacht, die auch für die
737 2005 2567 2155 Familie Falke und Flock so wichtig war.
776 2116 3057 2297 "Nun, Nelke," begann nach kurzer Zeit Waschlapski
752 2279 3063 2426 von neuem "bin ich indiskret, wenn ich frage, wel¬
761 2474 3093 2600 ches Fräulein Estrella aus Deinem Herzen verdrängt
749 2615 1022 2766 hat?"
758 2727 2624 2901 "Kennst Du denn Gymnastalschüler Bruch!“
758 2901 3048 3045 „Nur zu gut, erst heute hat er wieder eine Dritte
737 3024 2997 3238 bet mir bekommen; er tst überhaupt noch jedesmal
737 3202 1822 3376 bet mir durchgefallen!"
746 3307 2952 3520 “Oh was, das tut nichts zur Sache. Derselbe ist
746 3490 3157 3653 ein grosser Lamp; er steht in dem gefährlichen Alter
734 3659 1744 3845 von stebzehn Jahren.“
