<?xml version="1.0" encoding="UTF-8" standalone="yes"?>
<PcGts xmlns="http://schema.primaresearch.org/PAGE/gts/pagecontent/2013-07-15" xmlns:xsi="http://www.w3.org/2001/XMLSchema-instance" xsi:schemaLocation="http://schema.primaresearch.org/PAGE/gts/pagecontent/2013-07-15 http://schema.primaresearch.org/PAGE/gts/pagecontent/2013-07-15/pagecontent.xsd">
    <Metadata>
        <Creator>prov=READ-COOP:name=TrHtr:version=2.1.0:model_id=51170:date=14_08_2023_17:55</Creator>
        <Created>2023-05-10T14:32:06.828+02:00</Created>
        <LastChange>2023-08-14T17:55:22.240+02:00</LastChange>
        <TranskribusMetadata docId="1428639" pageId="55421351" pageNr="37" tsid="132819416" status="IN_PROGRESS" userId="64420" imgUrl="https://files.transkribus.eu/Get?id=SZEUPQYOGNVFSNFAVAZPMWVI&amp;fileType=view" xmlUrl="https://files.transkribus.eu/Get?id=ROGONDXXMYBVLOEXCMROTKYA" imageId="44695433"/>
    </Metadata>
    <Page imageFilename="1428639_0037.jpg" imageWidth="3368" imageHeight="4280">
        <ReadingOrder>
            <OrderedGroup id="ro_1711818675561" caption="Regions reading order">
                <RegionRefIndexed index="0" regionRef="tr_1"/>
                <RegionRefIndexed index="1" regionRef="tr_2"/>
            </OrderedGroup>
        </ReadingOrder>
        <TextRegion id="tr_1" custom="readingOrder {index:0;}">
            <Coords points="740,496 3154,496 3154,2287 740,2287"/>
            <TextLine id="tr_1_tl_1" custom="readingOrder {index:0;}">
                <Coords points="2940,606 3012,612 3058,645 3085,645 3094,460 3073,457 3064,466 3043,466 3006,448 2967,475 2946,469"/>
                <Baseline points="2960,555 2963,555 3008,549 3053,549 3098,546"/>
                <TextEquiv>
                    <Unicode>34</Unicode>
                </TextEquiv>
            </TextLine>
            <TextLine id="tr_1_tl_2" custom="readingOrder {index:1;}">
                <Coords points="721,781 3006,754 3006,612 2919,581 1444,651 727,575"/>
                <Baseline points="740,737 776,737 820,737 865,734 910,731 955,731 999,728 1044,728 1089,731 1134,728 1178,725 1223,722 1268,722 1313,722 1358,722 1402,719 1447,719 1492,719 1537,719 1581,719 1626,719 1671,716 1716,716 1760,713 1805,713 1850,713 1895,710 1940,710 1984,710 2029,710 2074,710 2119,707 2163,707 2208,704 2253,704 2298,707 2342,707 2387,707 2432,707 2477,704 2522,701 2566,698 2611,698 2656,698 2701,695 2745,698 2790,698 2835,698 2880,695 2924,692 2969,692 3014,692"/>
                <TextEquiv>
                    <Unicode>lauter sehr reantische Geschichten, auf die toh</Unicode>
                </TextEquiv>
            </TextLine>
            <TextLine id="tr_1_tl_3" custom="readingOrder {index:2;}">
                <Coords points="730,999 2985,996 3076,972 3079,769 733,830"/>
                <Baseline points="746,898 758,895 802,895 847,892 892,892 937,889 981,889 1026,889 1071,886 1116,889 1161,889 1205,889 1250,886 1295,883 1340,883 1384,880 1429,880 1474,880 1519,880 1563,880 1608,880 1653,877 1698,877 1743,874 1787,877 1832,874 1877,874 1922,874 1966,874 2011,871 2056,868 2101,868 2145,868 2190,868 2235,865 2280,865 2325,865 2369,865 2414,865 2459,865 2504,865 2548,865 2593,862 2638,859 2683,862 2727,859 2772,859 2817,859 2862,856 2907,853 2951,850 2996,847 3041,844 3086,847"/>
                <TextEquiv>
                    <Unicode>im Verlaufe dieses Kapitels noch zu sprechen kom -</Unicode>
                </TextEquiv>
            </TextLine>
            <TextLine id="tr_1_tl_4" custom="readingOrder {index:3;}">
                <Coords points="724,1150 799,1120 942,1138 1044,1111 1157,1123 1226,1081 1226,999 1181,975 1147,990 1026,966 948,999 890,969 827,972 727,999"/>
                <Baseline points="743,1056 787,1053 832,1053 877,1050 922,1047 967,1047 1011,1047 1056,1044 1101,1044 1146,1044 1190,1044 1235,1044"/>
                <TextEquiv>
                    <Unicode>mon werde.</Unicode>
                </TextEquiv>
            </TextLine>
            <TextLine id="tr_1_tl_5" custom="readingOrder {index:4;}">
                <Coords points="742,1265 2664,1265 3061,1166 3061,1099 2858,1069 745,1132"/>
                <Baseline points="761,1199 784,1199 829,1196 874,1196 919,1199 964,1199 1008,1199 1053,1196 1098,1199 1143,1190 1187,1187 1232,1190 1277,1190 1322,1190 1366,1187 1411,1184 1456,1184 1501,1187 1546,1184 1590,1187 1635,1184 1680,1184 1725,1181 1769,1181 1814,1181 1859,1181 1904,1178 1948,1178 1993,1178 2038,1175 2083,1172 2128,1172 2172,1172 2217,1172 2262,1172 2307,1172 2351,1169 2396,1169 2441,1172 2486,1172 2530,1167 2575,1164 2620,1164 2665,1167 2710,1164 2754,1164 2799,1161 2844,1161 2889,1158 2933,1158 2978,1158 3023,1155 3068,1149"/>
                <TextEquiv>
                    <Unicode>Während Qlut, Gries, Stelle und Sinnig zurückblie</Unicode>
                </TextEquiv>
            </TextLine>
            <TextLine id="tr_1_tl_6" custom="readingOrder {index:5;}">
                <Coords points="742,1447 2912,1374 3085,1432 3088,1253 745,1265"/>
                <Baseline points="758,1358 764,1358 808,1358 853,1358 898,1363 943,1361 987,1361 1032,1358 1077,1358 1122,1358 1167,1355 1211,1355 1256,1352 1301,1349 1346,1346 1390,1346 1435,1343 1480,1343 1525,1340 1569,1340 1614,1337 1659,1337 1704,1337 1749,1337 1793,1334 1838,1334 1883,1331 1928,1334 1972,1334 2017,1331 2062,1328 2107,1328 2151,1331 2196,1331 2241,1331 2286,1328 2331,1328 2375,1328 2420,1328 2465,1325 2510,1325 2554,1328 2599,1325 2644,1325 2689,1322 2733,1325 2778,1322 2823,1322 2868,1325 2913,1319 2957,1316 3002,1316 3047,1313 3092,1316"/>
                <TextEquiv>
                    <Unicode>ben, ging Arthur Falke einem Mädchen entgegen, das</Unicode>
                </TextEquiv>
            </TextLine>
            <TextLine id="tr_1_tl_7" custom="readingOrder {index:6;}">
                <Coords points="745,1574 2934,1571 2961,1399 748,1429"/>
                <Baseline points="764,1516 773,1513 817,1513 862,1510 907,1510 952,1510 996,1510 1041,1510 1086,1510 1131,1510 1175,1507 1220,1507 1265,1504 1310,1504 1355,1504 1399,1501 1444,1498 1489,1498 1534,1498 1578,1498 1623,1498 1668,1498 1713,1495 1757,1495 1802,1492 1847,1489 1892,1489 1937,1489 1981,1486 2026,1489 2071,1486 2116,1483 2160,1483 2205,1483 2250,1483 2295,1483 2339,1483 2384,1480 2429,1480 2474,1477 2519,1480 2563,1474 2608,1477 2653,1474 2698,1477 2742,1477 2787,1477 2832,1474 2877,1471 2921,1468 2966,1462"/>
                <TextEquiv>
                    <Unicode>an oben demselben Tage geboren war wie er selbst</Unicode>
                </TextEquiv>
            </TextLine>
            <TextLine id="tr_1_tl_8" custom="readingOrder {index:7;}">
                <Coords points="745,1738 2398,1735 2707,1632 2822,1723 3100,1717 3136,1523 748,1577"/>
                <Baseline points="761,1671 770,1668 814,1668 859,1668 904,1668 949,1668 993,1668 1038,1668 1083,1665 1128,1665 1172,1662 1217,1662 1262,1659 1307,1659 1352,1656 1396,1656 1441,1656 1486,1656 1531,1653 1575,1653 1620,1650 1665,1650 1710,1650 1754,1650 1799,1650 1844,1647 1889,1647 1934,1644 1978,1644 2023,1644 2068,1644 2113,1644 2157,1641 2202,1641 2247,1641 2292,1638 2336,1638 2381,1638 2426,1638 2471,1638 2516,1638 2560,1635 2605,1635 2650,1635 2695,1632 2739,1629 2784,1629 2829,1626 2874,1629 2918,1626 2963,1626 3008,1626 3053,1626 3098,1623 3142,1620"/>
                <TextEquiv>
                    <Unicode>und an der Hand ihren unvermeidlichen kleinen, drei</Unicode>
                </TextEquiv>
            </TextLine>
            <TextLine id="tr_1_tl_9" custom="readingOrder {index:8;}">
                <Coords points="751,1901 1302,1904 1444,1810 3146,1795 3146,1708 3043,1698 754,1732"/>
                <Baseline points="767,1829 781,1823 826,1823 871,1820 916,1820 961,1820 1005,1817 1050,1814 1095,1814 1140,1811 1184,1811 1229,1808 1274,1808 1319,1805 1363,1805 1408,1805 1453,1802 1498,1802 1543,1802 1587,1802 1632,1802 1677,1799 1722,1799 1766,1796 1811,1793 1856,1793 1901,1796 1945,1793 1990,1793 2035,1793 2080,1793 2125,1790 2169,1790 2214,1790 2259,1787 2304,1787 2348,1784 2393,1784 2438,1784 2483,1784 2528,1784 2572,1784 2617,1781 2662,1781 2707,1778 2751,1778 2796,1778 2841,1778 2886,1775 2930,1775 2975,1775 3020,1775 3065,1772 3110,1772 3154,1775"/>
                <TextEquiv>
                    <Unicode>jährigen Bruder Fritz führte. Dass etc. blinde Locken</Unicode>
                </TextEquiv>
            </TextLine>
            <TextLine id="tr_1_tl_10" custom="readingOrder {index:9;}">
                <Coords points="742,2047 2922,1965 2961,1892 745,1925"/>
                <Baseline points="758,1981 776,1981 820,1978 865,1978 910,1975 955,1975 999,1975 1044,1972 1089,1972 1134,1972 1178,1972 1223,1966 1268,1966 1313,1966 1358,1966 1402,1963 1447,1966 1492,1963 1537,1960 1581,1960 1626,1960 1671,1960 1716,1960 1760,1957 1805,1957 1850,1954 1895,1954 1940,1954 1984,1954 2029,1954 2074,1954 2119,1954 2163,1954 2208,1951 2253,1951 2298,1951 2342,1948 2387,1951 2432,1948 2477,1945 2522,1948 2566,1945 2611,1943 2656,1943 2701,1943 2745,1940 2790,1940 2835,1940 2880,1940 2924,1940 2969,1940"/>
                <TextEquiv>
                    <Unicode>hatte und die Auserkorene des jungen Falke war,</Unicode>
                </TextEquiv>
            </TextLine>
            <TextLine id="tr_1_tl_11" custom="readingOrder {index:10;}">
                <Coords points="745,2140 1916,2134 1919,2056 1611,2025 1441,2065 748,2047"/>
                <Baseline points="761,2125 805,2128 850,2125 895,2125 940,2128 984,2128 1029,2125 1074,2125 1119,2122 1164,2122 1208,2122 1253,2119 1298,2119 1343,2119 1387,2116 1432,2113 1477,2113 1522,2110 1566,2110 1611,2110 1656,2107 1701,2107 1746,2104 1790,2104 1835,2107 1880,2107 1925,2110"/>
                <TextEquiv>
                    <Unicode>braucht keiner Erwähnung.</Unicode>
                </TextEquiv>
            </TextLine>
            <TextLine id="tr_1_tl_12" custom="readingOrder {index:11;}">
                <Coords points="763,2371 1595,2389 1850,2265 3115,2246 3115,2110 2906,2168 2673,2077 2292,2204 1008,2222 766,2146"/>
                <Baseline points="781,2256 796,2262 841,2271 886,2274 931,2274 975,2277 1020,2277 1065,2277 1110,2274 1155,2274 1199,2271 1244,2268 1289,2268 1334,2265 1378,2265 1423,2262 1468,2265 1513,2262 1557,2262 1602,2259 1647,2259 1692,2256 1737,2256 1781,2253 1826,2253 1871,2256 1916,2250 1960,2250 2005,2253 2050,2253 2095,2256 2140,2253 2184,2250 2229,2250 2274,2250 2319,2247 2363,2247 2408,2244 2453,2244 2498,2244 2542,2241 2587,2244 2632,2241 2677,2241 2722,2241 2766,2238 2811,2238 2856,2235 2901,2235 2945,2235 2990,2232 3035,2229 3080,2226 3124,2226"/>
                <TextEquiv>
                    <Unicode>„Grüsse Dihh Gott, Arthur,“ sagte etc ih m dte Hand</Unicode>
                </TextEquiv>
            </TextLine>
        </TextRegion>
        <TextRegion id="tr_2" custom="readingOrder {index:1;}">
            <Coords points="767,2376 3223,2376 3223,3684 767,3684"/>
            <TextLine id="tr_2_tl_1" custom="readingOrder {index:0;}">
                <Coords points="751,2449 820,2461 851,2446 978,2473 1105,2428 1187,2461 1187,2368 1157,2371 1132,2352 1075,2371 1002,2358 751,2371"/>
                <Baseline points="767,2426 811,2429 856,2429 901,2429 946,2429 990,2429 1035,2429 1080,2426 1125,2426 1169,2426 1193,2426"/>
                <TextEquiv>
                    <Unicode>retchend.</Unicode>
                </TextEquiv>
            </TextLine>
            <TextLine id="tr_2_tl_2" custom="readingOrder {index:1;}">
                <Coords points="784,2589 3015,2607 3218,2567 3221,2446 2283,2343 1892,2358 1747,2464 1465,2395 787,2461"/>
                <Baseline points="802,2578 805,2578 850,2578 895,2578 940,2578 984,2578 1029,2575 1074,2575 1119,2572 1164,2572 1208,2572 1253,2569 1298,2572 1343,2572 1387,2569 1432,2569 1477,2569 1522,2566 1566,2566 1611,2563 1656,2563 1701,2563 1746,2560 1790,2560 1835,2560 1880,2560 1925,2560 1969,2560 2014,2557 2059,2557 2104,2557 2148,2554 2193,2554 2238,2554 2283,2551 2328,2551 2372,2551 2417,2551 2462,2548 2507,2548 2551,2548 2596,2545 2641,2545 2686,2542 2730,2542 2775,2542 2820,2542 2865,2542 2910,2542 2954,2542 2999,2539 3044,2539 3089,2539 3133,2539 3178,2542 3223,2542"/>
                <TextEquiv>
                    <Unicode>"Ich dachte schon Du würdest nicht mehr kommen, Fann</Unicode>
                </TextEquiv>
            </TextLine>
            <TextLine id="tr_2_tl_3" custom="readingOrder {index:2;}">
                <Coords points="766,2758 3031,2731 3058,2595 769,2616"/>
                <Baseline points="784,2739 826,2739 871,2739 916,2739 961,2736 1005,2736 1050,2733 1095,2733 1140,2730 1184,2730 1229,2730 1274,2727 1319,2727 1363,2727 1408,2724 1453,2724 1498,2724 1543,2724 1587,2722 1632,2722 1677,2722 1722,2722 1766,2724 1811,2722 1856,2719 1901,2716 1945,2713 1990,2716 2035,2713 2080,2713 2125,2713 2169,2713 2214,2713 2259,2710 2304,2710 2348,2710 2393,2707 2438,2707 2483,2707 2528,2707 2572,2704 2617,2704 2662,2704 2707,2701 2751,2701 2796,2698 2841,2698 2886,2698 2930,2695 2975,2695 3020,2692 3065,2689"/>
                <TextEquiv>
                    <Unicode>oprach der Angeredete, indem er seine Hand länger</Unicode>
                </TextEquiv>
            </TextLine>
            <TextLine id="tr_2_tl_4" custom="readingOrder {index:3;}">
                <Coords points="757,2934 2952,2882 2988,2725 760,2788"/>
                <Baseline points="773,2892 802,2892 847,2892 892,2892 937,2889 981,2889 1026,2889 1071,2889 1116,2886 1161,2889 1205,2883 1250,2886 1295,2883 1340,2886 1384,2883 1429,2880 1474,2877 1519,2877 1563,2874 1608,2874 1653,2874 1698,2871 1743,2874 1787,2871 1832,2871 1877,2871 1922,2868 1966,2868 2011,2868 2056,2868 2101,2868 2145,2868 2190,2862 2235,2865 2280,2862 2325,2865 2369,2862 2414,2862 2459,2859 2504,2859 2548,2859 2593,2859 2638,2856 2683,2856 2727,2856 2772,2853 2817,2853 2862,2853 2907,2850 2951,2850 2996,2844"/>
                <TextEquiv>
                    <Unicode>als nötig in der ihren liess. "Farum bist Du so</Unicode>
                </TextEquiv>
            </TextLine>
            <TextLine id="tr_2_tl_5" custom="readingOrder {index:4;}">
                <Coords points="763,3070 1390,3058 1450,3018 1505,3024 1511,2903 1444,2891 1314,2928 1235,2891 1178,2925 1044,2894 987,2931 935,2894 860,2934 769,2928"/>
                <Baseline points="781,3047 793,3050 838,3050 883,3047 928,3050 972,3047 1017,3047 1062,3044 1107,3041 1152,3038 1196,3038 1241,3038 1286,3035 1331,3032 1375,3029 1420,3026 1465,3014 1510,3011"/>
                <TextEquiv>
                    <Unicode>opät gekommen?“</Unicode>
                </TextEquiv>
            </TextLine>
            <TextLine id="tr_2_tl_6" custom="readingOrder {index:5;}">
                <Coords points="784,3239 2797,3203 3115,3158 3118,3021 1935,2967 1771,3049 787,3064"/>
                <Baseline points="802,3190 841,3190 886,3190 931,3190 975,3190 1020,3190 1065,3187 1110,3187 1155,3184 1199,3184 1244,3184 1289,3184 1334,3181 1378,3181 1423,3181 1468,3178 1513,3175 1557,3178 1602,3178 1647,3175 1692,3175 1737,3175 1781,3172 1826,3172 1871,3169 1916,3166 1960,3169 2005,3169 2050,3169 2095,3166 2140,3169 2184,3166 2229,3166 2274,3166 2319,3166 2363,3163 2408,3166 2453,3163 2498,3160 2542,3160 2587,3160 2632,3160 2677,3160 2722,3157 2766,3154 2811,3154 2856,3154 2901,3151 2945,3148 2990,3148 3035,3145 3080,3142 3124,3133"/>
                <TextEquiv>
                    <Unicode>*Die Mann hat zuerst — Du weisst Ja toh habe Sohn</Unicode>
                </TextEquiv>
            </TextLine>
            <TextLine id="tr_2_tl_7" custom="readingOrder {index:6;}">
                <Coords points="763,3370 2879,3373 3185,3339 3188,3164 766,3224"/>
                <Baseline points="784,3348 817,3348 862,3351 907,3354 952,3351 996,3348 1041,3348 1086,3345 1131,3345 1175,3342 1220,3339 1265,3339 1310,3336 1355,3333 1399,3333 1444,3333 1489,3333 1534,3333 1578,3333 1623,3333 1668,3333 1713,3330 1757,3330 1802,3330 1847,3330 1892,3330 1937,3330 1981,3324 2026,3324 2071,3324 2116,3321 2160,3321 2205,3318 2250,3318 2295,3318 2339,3318 2384,3315 2429,3315 2474,3315 2519,3315 2563,3315 2608,3318 2653,3315 2698,3315 2742,3315 2787,3312 2832,3309 2877,3309 2921,3309 2966,3307 3011,3307 3056,3304 3101,3301 3145,3298 3190,3289"/>
                <TextEquiv>
                    <Unicode>le gehabt und dann — aber schau da kommen schon wie</Unicode>
                </TextEquiv>
            </TextLine>
            <TextLine id="tr_2_tl_8" custom="readingOrder {index:7;}">
                <Coords points="775,3518 1922,3527 2038,3497 2041,3345 1432,3391 778,3364"/>
                <Baseline points="793,3501 838,3503 883,3503 928,3503 972,3503 1017,3503 1062,3501 1107,3501 1152,3501 1196,3501 1241,3501 1286,3501 1331,3495 1375,3495 1420,3492 1465,3492 1510,3492 1555,3492 1599,3492 1644,3489 1689,3489 1734,3492 1778,3489 1823,3489 1868,3486 1913,3483 1957,3483 2002,3477 2047,3471"/>
                <TextEquiv>
                    <Unicode>der Deine Herren Kollegen.“</Unicode>
                </TextEquiv>
            </TextLine>
            <TextLine id="tr_2_tl_9" custom="readingOrder {index:8;}">
                <Coords points="793,3781 969,3721 1075,3769 1293,3669 1656,3718 1910,3675 2098,3739 2310,3657 2313,3518 2089,3466 1922,3527 1632,3506 1490,3603 1220,3642 1072,3530 802,3527"/>
                <Baseline points="817,3662 838,3668 883,3671 928,3671 972,3674 1017,3671 1062,3674 1107,3674 1152,3671 1196,3674 1241,3668 1286,3668 1331,3668 1375,3668 1420,3668 1465,3665 1510,3665 1555,3662 1599,3659 1644,3659 1689,3656 1734,3656 1778,3653 1823,3653 1868,3650 1913,3650 1957,3647 2002,3647 2047,3647 2092,3647 2137,3641 2181,3638 2226,3632 2271,3626 2316,3617"/>
                <TextEquiv>
                    <Unicode>so komm... wte gehts Dir sonst!-</Unicode>
                </TextEquiv>
            </TextLine>
        </TextRegion>
    </Page>
</PcGts>
