3512 4424
2744 447 2933 590 avo 36.
744 765 1891 957 ern dicht gefüllt waren.
736 841 2890 1074 Mit einemmal gewahrte er, wie Josef Kränzlein
759 1030 2983 1243 auf ihn zukam, den er schon persönlich vom vori
765 1188 3000 1404 gen Jahr her hannte. Falke reichte ihm die Hand,
773 1343 3027 1544 fragte ihn, wie er sich gestern mit Fannt in der
762 1529 1570 1687 Oper unterhalten.
771 1634 3050 1891 "Passabel, passabel, ein hübsches Mädel, die Es
759 1865 1264 2011 trella....
762 1956 2980 2139 Was er denn eigentlich von Pept Ritter hielte..
776 2166 2951 2315 "Ein Dummkopf, macht jeden Augenblick einen an
765 2306 1833 2475 dern schlechten Witz."
762 2420 2998 2583 Mortz Sinnig hatte sich entfernt und Falke ging
765 2601 2504 2749 mit Kränzlein allein im Garten umher.
768 2717 2755 2890 Sie kamen natürlich auf Fanni zu sprechen.
788 2866 3062 3044 "Du meinst, dass ich in sie verliebt sei," sagte
768 3056 2928 3216 Kränzlein und lachte in seiner eigentümlichen
776 3184 3117 3357 Wetse. "Keine Spur. Einmal war ichs halb und halb
771 3371 3065 3520 wir hatten da einen Verein Felicitas; das heisst
785 3538 3062 3730 sie war besonders in mich verliebt. Donnerwetter
