3448 4296
2856 428 2999 621 54
485 621 2973 821 Jungen Studenten das siemlich unbehagliche Gefühl der
482 799 1525 983 Eifersucht hervorrief.
482 894 2958 1113 In diesen bis a bis sttzenden Mann, werden meine 1te
482 1116 2967 1258 ben Leser, wenn ichs Ihnen erst gesagt habe, unschwer
479 1236 2983 1414 Herrn Kuno Strohmüller erkennen, dessen melancholtsch
482 1401 2951 1563 herabhüngender Schurrbart schon im ersten Kapitel un
482 1556 2628 1715 ser hervorragendes Interesse in Anspruch nahm.
476 1696 2882 1861 Wunderbar, dass dieser arme Poe-tund Lehttonengeber
485 1835 3008 2007 in diese feine Gesellschaft kommt,...hör ich verschte
479 2032 1934 2175 dene Lser zu stch selbst sagen.
472 2137 3015 2324 Gar nicht minderbar, denn der armo Poetgibt den Söhnen
469 2324 2923 2457 des Grafen Pfahlhausen Unterricht in der Literaturge
466 2463 2910 2622 schichte. Und man musste es geschehen! Kuno Strohmül
460 2637 2904 2796 ler sah gar nicht so übel aus. Seine weisse Kravatte
460 2786 2777 2932 war geradezu untadelhaft gebunden, ja selbst sein
640 2929 2856 3088 Schnurrbart schien sich bei der festlichen Gele
456 3065 2964 3237 genheit etwas erheitern zu wollen., und die Rockschös
460 3262 2932 3401 es seines Frackes waren in der fröhlichsten Stimmung.
453 3382 2853 3569 wenn anders ihr liebliches Hinundhertänzeln von Her
447 3598 850 3766 ren kan.
