3544 4424
2497 286 2690 547 402
743 657 2964 832 fen unddergleichen loszulassen. Unbefangene Zu¬
737 783 2970 937 schauer hätten weder in des Kanzletrats noch in
743 921 3010 1124 seines Sohnes Mienen etwas gefunden, das Sinnigs
743 1109 3133 1262 Befürchtungen hätte rechtfertigen können Papa Falke,
749 1262 3071 1419 der Präsident von Pudicitia ging herzengerade
746 1437 3053 1619 mit starrer, teilnahmsloser Miene, die Hände über
765 1591 3034 1705 dem Rücken gebreuzt, durch die Alleen, sein Sohn
749 1689 3145 1880 machte eine resignierte Miene und seine Hände steck-
762 1883 3001 2018 ten gleichgiltig in den Hosentaschen. Es sprach
765 2006 3170 2181 keiner ein Wort. Zu Hause angekommen, ging der ###
762 2128 3203 2313 zleirat in sein Arbeitszimmer, Arthur auf seine Stu
774 2282 3050 2485 be, der Kanzleirat schrieb eifrig, Arthur stütze
768 2448 3151 2660 den Kopf auf die Hände und sah zum Fenster hinaus.
1410 2700 3053 2912 Mitternacht wars und dunkel in den
777 2896 3034 3062 Zimmern der Gräfin Linkmaus. Der grosse Saal war
780 3044 3071 3268 ganz einsam und verlassen; was in den kleinen Ge¬
771 3259 3074 3375 mächern vorging, geht uns vor der Hand nichts an¬
762 3354 3234 3621 Da öffnete sich die Türe des Salons, ein Lichtstrahe
