<?xml version="1.0" encoding="UTF-8" standalone="yes"?>
<PcGts xmlns="http://schema.primaresearch.org/PAGE/gts/pagecontent/2013-07-15" xmlns:xsi="http://www.w3.org/2001/XMLSchema-instance" xsi:schemaLocation="http://schema.primaresearch.org/PAGE/gts/pagecontent/2013-07-15 http://schema.primaresearch.org/PAGE/gts/pagecontent/2013-07-15/pagecontent.xsd">
    <Metadata>
        <Creator>prov=READ-COOP:name=TrHtr:version=2.1.0:model_id=51170:date=14_08_2023_17:56</Creator>
        <Created>2023-05-10T14:32:44.914+02:00</Created>
        <LastChange>2023-08-14T17:56:32.885+02:00</LastChange>
        <TranskribusMetadata docId="1428639" pageId="55423172" pageNr="267" tsid="132819687" status="IN_PROGRESS" userId="64420" imgUrl="https://files.transkribus.eu/Get?id=WDBAYIJFXSGOEHLKKAXIUWXE&amp;fileType=view" xmlUrl="https://files.transkribus.eu/Get?id=OEBDEZFBMJXPHGZAGNVWEMGJ" imageId="44697251"/>
    </Metadata>
    <Page imageFilename="1428639_0267.jpg" imageWidth="3544" imageHeight="4344">
        <ReadingOrder>
            <OrderedGroup id="ro_1711819122448" caption="Regions reading order">
                <RegionRefIndexed index="0" regionRef="tr_1"/>
                <RegionRefIndexed index="1" regionRef="tr_2"/>
            </OrderedGroup>
        </ReadingOrder>
        <TextRegion id="tr_1" custom="readingOrder {index:0;}">
            <Coords points="665,666 3033,666 3033,2903 665,2903"/>
            <TextLine id="tr_1_tl_1" custom="readingOrder {index:0;}">
                <Coords points="2661,760 2687,763 2725,743 2754,746 2778,766 2810,751 2833,757 2830,599 2810,599 2798,611 2783,605 2760,617 2748,611 2740,620 2658,594"/>
                <Baseline points="2678,719 2722,716 2767,716 2812,719 2839,722"/>
                <TextEquiv>
                    <Unicode>363</Unicode>
                </TextEquiv>
            </TextLine>
            <TextLine id="tr_1_tl_2" custom="readingOrder {index:1;}">
                <Coords points="649,1099 1786,1137 2585,1038 2889,1102 2912,953 652,968"/>
                <Baseline points="665,1074 677,1071 722,1071 767,1068 812,1068 856,1065 901,1065 946,1062 991,1062 1035,1062 1080,1062 1125,1059 1170,1059 1215,1059 1259,1059 1304,1059 1349,1059 1394,1056 1439,1053 1483,1053 1528,1050 1573,1050 1618,1050 1662,1047 1707,1047 1752,1044 1797,1044 1842,1041 1886,1041 1931,1038 1976,1038 2021,1038 2066,1038 2110,1038 2155,1035 2200,1035 2245,1035 2289,1035 2334,1035 2379,1033 2424,1033 2469,1030 2513,1030 2558,1027 2603,1027 2648,1024 2692,1024 2737,1021 2782,1018 2827,1018 2872,1015 2916,1015"/>
                <TextEquiv>
                    <Unicode>Mädchen erschien mit einemmale eine Jünglingsge</Unicode>
                </TextEquiv>
            </TextLine>
            <TextLine id="tr_1_tl_3" custom="readingOrder {index:2;}">
                <Coords points="672,1281 2897,1248 2938,1111 2295,1073 1158,1170 675,1114"/>
                <Baseline points="689,1230 707,1230 752,1227 797,1227 841,1227 886,1224 931,1224 976,1224 1021,1221 1065,1221 1110,1221 1155,1218 1200,1215 1244,1215 1289,1212 1334,1212 1379,1212 1424,1212 1468,1212 1513,1209 1558,1206 1603,1203 1648,1203 1692,1203 1737,1203 1782,1203 1827,1203 1871,1200 1916,1200 1961,1197 2006,1197 2051,1197 2095,1191 2140,1191 2185,1188 2230,1188 2275,1188 2319,1185 2364,1185 2409,1185 2454,1182 2498,1182 2543,1182 2588,1182 2633,1179 2678,1179 2722,1179 2767,1176 2812,1176 2857,1173 2901,1170 2946,1167"/>
                <TextEquiv>
                    <Unicode>stalt, die uns in der äusserst schwachen Beleich</Unicode>
                </TextEquiv>
            </TextLine>
            <TextLine id="tr_1_tl_4" custom="readingOrder {index:3;}">
                <Coords points="684,1444 2307,1433 3026,1360 3029,1263 687,1286"/>
                <Baseline points="701,1382 704,1382 749,1379 794,1379 838,1379 883,1376 928,1376 973,1376 1018,1373 1062,1370 1107,1370 1152,1367 1197,1367 1241,1367 1286,1364 1331,1364 1376,1361 1421,1361 1465,1361 1510,1358 1555,1358 1600,1355 1645,1355 1689,1352 1734,1352 1779,1352 1824,1352 1868,1352 1913,1349 1958,1349 2003,1349 2048,1346 2092,1343 2137,1343 2182,1340 2227,1340 2272,1340 2316,1337 2361,1337 2406,1334 2451,1334 2495,1331 2540,1328 2585,1328 2630,1328 2675,1328 2719,1325 2764,1325 2809,1322 2854,1322 2898,1319 2943,1319 2988,1319 3033,1319"/>
                <TextEquiv>
                    <Unicode>tung bekannt dünkt, sogar die Stimme ist uns</Unicode>
                </TextEquiv>
            </TextLine>
            <TextLine id="tr_1_tl_5" custom="readingOrder {index:4;}">
                <Coords points="672,1570 3026,1523 3029,1383 675,1471"/>
                <Baseline points="692,1534 701,1537 746,1534 791,1534 835,1531 880,1534 925,1531 970,1531 1015,1528 1059,1528 1104,1525 1149,1525 1194,1522 1239,1522 1283,1522 1328,1522 1373,1522 1418,1519 1462,1519 1507,1516 1552,1516 1597,1516 1642,1513 1686,1513 1731,1516 1776,1513 1821,1510 1865,1507 1910,1507 1955,1504 2000,1504 2045,1504 2089,1504 2134,1504 2179,1504 2224,1498 2269,1498 2313,1498 2358,1498 2403,1495 2448,1492 2492,1489 2537,1489 2582,1489 2627,1489 2672,1486 2716,1486 2761,1483 2806,1483 2851,1480 2896,1480 2940,1477 2985,1477 3030,1474"/>
                <TextEquiv>
                    <Unicode>nicht fremd, die eben spricht: "Soll ich scheiden!</Unicode>
                </TextEquiv>
            </TextLine>
            <TextLine id="tr_1_tl_6" custom="readingOrder {index:5;}">
                <Coords points="675,1740 918,1783 1196,1699 1365,1760 1532,1705 1722,1751 1962,1699 1965,1591 678,1623"/>
                <Baseline points="692,1695 713,1695 758,1689 803,1689 847,1689 892,1689 937,1686 982,1686 1027,1686 1071,1686 1116,1683 1161,1680 1206,1680 1250,1677 1295,1677 1340,1677 1385,1674 1430,1674 1474,1671 1519,1674 1564,1674 1609,1671 1654,1671 1698,1668 1743,1665 1788,1662 1833,1662 1877,1659 1922,1662 1967,1656"/>
                <TextEquiv>
                    <Unicode>Wo treffen wir uns morgent!"</Unicode>
                </TextEquiv>
            </TextLine>
            <TextLine id="tr_1_tl_7" custom="readingOrder {index:6;}">
                <Coords points="693,1860 971,1930 2055,1868 2786,1816 2789,1728 696,1775"/>
                <Baseline points="710,1848 734,1845 779,1842 824,1842 868,1842 913,1839 958,1842 1003,1839 1047,1839 1092,1839 1137,1836 1182,1833 1227,1833 1271,1833 1316,1830 1361,1830 1406,1827 1450,1827 1495,1824 1540,1824 1585,1824 1630,1827 1674,1827 1719,1824 1764,1824 1809,1824 1854,1824 1898,1821 1943,1818 1988,1815 2033,1812 2077,1812 2122,1812 2167,1809 2212,1806 2257,1806 2301,1806 2346,1803 2391,1803 2436,1803 2481,1800 2525,1800 2570,1800 2615,1800 2660,1797 2704,1797 2749,1797 2794,1797"/>
                <TextEquiv>
                    <Unicode>"Leb wohl Geliebter, morgen am bewussten Ort,</Unicode>
                </TextEquiv>
            </TextLine>
            <TextLine id="tr_1_tl_8" custom="readingOrder {index:7;}">
                <Coords points="675,2058 1436,2035 1491,2023 1497,1900 1284,1936 1193,1900 1140,1938 1041,1906 930,1944 857,1912 678,1953"/>
                <Baseline points="695,2000 737,1997 782,1997 827,1994 871,1994 916,1994 961,1991 1006,1988 1050,1988 1095,1988 1140,1985 1185,1982 1230,1982 1274,1979 1319,1979 1364,1979 1409,1976 1453,1982 1498,1988"/>
                <TextEquiv>
                    <Unicode>sechs Uhr abends"</Unicode>
                </TextEquiv>
            </TextLine>
            <TextLine id="tr_1_tl_9" custom="readingOrder {index:8;}">
                <Coords points="670,2158 822,2240 2786,2137 3014,2105 3017,2003 672,2055"/>
                <Baseline points="686,2143 692,2143 737,2140 782,2140 827,2143 871,2140 916,2140 961,2137 1006,2134 1050,2134 1095,2134 1140,2134 1185,2131 1230,2131 1274,2131 1319,2128 1364,2125 1409,2122 1453,2122 1498,2122 1543,2119 1588,2119 1633,2119 1677,2119 1722,2116 1767,2119 1812,2116 1857,2116 1901,2116 1946,2113 1991,2110 2036,2107 2080,2104 2125,2101 2170,2101 2215,2098 2260,2098 2304,2098 2349,2095 2394,2095 2439,2092 2483,2092 2528,2089 2573,2089 2618,2089 2663,2086 2707,2086 2752,2086 2797,2083 2842,2083 2887,2080 2931,2077 2976,2077 3021,2068"/>
                <TextEquiv>
                    <Unicode>Der Jüngling verschwand, nachdem er einen glühen-</Unicode>
                </TextEquiv>
            </TextLine>
            <TextLine id="tr_1_tl_10" custom="readingOrder {index:9;}">
                <Coords points="684,2330 889,2389 1292,2316 2652,2310 2836,2272 2839,2140 684,2251"/>
                <Baseline points="701,2289 740,2289 785,2289 829,2289 874,2289 919,2286 964,2286 1009,2283 1053,2283 1098,2280 1143,2280 1188,2280 1233,2280 1277,2280 1322,2277 1367,2277 1412,2277 1456,2277 1501,2277 1546,2275 1591,2272 1636,2269 1680,2272 1725,2269 1770,2269 1815,2269 1860,2266 1904,2266 1949,2263 1994,2263 2039,2260 2083,2260 2128,2257 2173,2254 2218,2254 2263,2254 2307,2251 2352,2251 2397,2251 2442,2251 2486,2251 2531,2245 2576,2242 2621,2242 2666,2239 2710,2239 2755,2236 2800,2236 2845,2239"/>
                <TextEquiv>
                    <Unicode>den Kuss auf die Lippen des Mädchens gedrückt.</Unicode>
                </TextEquiv>
            </TextLine>
            <TextLine id="tr_1_tl_11" custom="readingOrder {index:10;}">
                <Coords points="687,2479 2927,2453 2956,2313 690,2359"/>
                <Baseline points="704,2448 719,2448 764,2445 809,2445 853,2442 898,2442 943,2442 988,2442 1033,2439 1077,2439 1122,2436 1167,2436 1212,2433 1256,2433 1301,2430 1346,2430 1391,2430 1436,2427 1480,2427 1525,2427 1570,2433 1615,2427 1659,2427 1704,2424 1749,2421 1794,2421 1839,2418 1883,2418 1928,2418 1973,2418 2018,2418 2063,2415 2107,2412 2152,2409 2197,2409 2242,2406 2286,2406 2331,2406 2376,2403 2421,2403 2466,2403 2510,2400 2555,2400 2600,2397 2645,2394 2689,2394 2734,2394 2779,2394 2824,2394 2869,2391 2913,2388 2958,2388"/>
                <TextEquiv>
                    <Unicode>Inzwischen war der „fromme Professor zu dem Tisch</Unicode>
                </TextEquiv>
            </TextLine>
            <TextLine id="tr_1_tl_12" custom="readingOrder {index:11;}">
                <Coords points="687,2611 1918,2658 2918,2582 2959,2447 690,2552"/>
                <Baseline points="704,2600 725,2600 770,2597 815,2597 859,2594 904,2591 949,2591 994,2591 1038,2591 1083,2591 1128,2588 1173,2588 1218,2585 1262,2585 1307,2582 1352,2579 1397,2579 1442,2579 1486,2579 1531,2576 1576,2576 1621,2573 1665,2573 1710,2573 1755,2573 1800,2570 1845,2570 1889,2567 1934,2567 1979,2564 2024,2564 2068,2564 2113,2564 2158,2561 2203,2561 2248,2558 2292,2555 2337,2555 2382,2555 2427,2552 2472,2549 2516,2549 2561,2549 2606,2546 2651,2546 2695,2546 2740,2543 2785,2543 2830,2543 2875,2543 2919,2540 2964,2537"/>
                <TextEquiv>
                    <Unicode>gekommen, wo seine Schutzbefohlenen schnell ihre</Unicode>
                </TextEquiv>
            </TextLine>
            <TextLine id="tr_1_tl_13" custom="readingOrder {index:12;}">
                <Coords points="678,2775 915,2839 1757,2760 2102,2786 2108,2608 1915,2658 1854,2614 1655,2664 1564,2620 681,2687"/>
                <Baseline points="695,2746 725,2746 770,2746 815,2743 859,2743 904,2740 949,2737 994,2737 1038,2734 1083,2734 1128,2731 1173,2731 1218,2728 1262,2725 1307,2722 1352,2722 1397,2719 1442,2719 1486,2719 1531,2719 1576,2716 1621,2716 1665,2716 1710,2713 1755,2710 1800,2710 1845,2707 1889,2707 1934,2707 1979,2707 2024,2707 2068,2707 2113,2710"/>
                <TextEquiv>
                    <Unicode>Zigarsen verschwinden liessen.</Unicode>
                </TextEquiv>
            </TextLine>
            <TextLine id="tr_1_tl_14" custom="readingOrder {index:13;}">
                <Coords points="696,2895 1061,2979 1743,2897 2117,2938 2821,2865 2824,2766 696,2821"/>
                <Baseline points="713,2893 725,2893 770,2890 815,2890 859,2887 904,2887 949,2887 994,2890 1038,2893 1083,2887 1128,2884 1173,2881 1218,2881 1262,2881 1307,2881 1352,2878 1397,2875 1442,2875 1486,2872 1531,2872 1576,2872 1621,2869 1665,2869 1710,2866 1755,2866 1800,2866 1845,2863 1889,2863 1934,2863 1979,2860 2024,2860 2068,2860 2113,2860 2158,2857 2203,2857 2248,2854 2292,2851 2337,2851 2382,2851 2427,2848 2472,2848 2516,2848 2561,2848 2606,2851 2651,2848 2695,2845 2740,2839 2785,2836 2830,2839"/>
                <TextEquiv>
                    <Unicode>"Also," begann er mit unsicherer Stimme, " ich</Unicode>
                </TextEquiv>
            </TextLine>
        </TextRegion>
        <TextRegion id="tr_2" custom="readingOrder {index:1;}">
            <Coords points="704,2935 3015,2935 3015,3840 704,3840"/>
            <TextLine id="tr_2_tl_1" custom="readingOrder {index:0;}">
                <Coords points="684,3070 1085,3149 1275,3082 2842,3049 2845,2938 2547,2886 2184,2959 687,2956"/>
                <Baseline points="704,3045 743,3045 788,3042 832,3042 877,3042 922,3042 967,3042 1012,3042 1056,3042 1101,3039 1146,3036 1191,3036 1236,3036 1280,3033 1325,3030 1370,3030 1415,3030 1459,3027 1504,3024 1549,3024 1594,3024 1639,3021 1683,3021 1728,3018 1773,3018 1818,3018 1862,3018 1907,3018 1952,3018 1997,3015 2042,3015 2086,3012 2131,3009 2176,3006 2221,3006 2266,3006 2310,3003 2355,3000 2400,3000 2445,3000 2489,3000 2534,3000 2579,2997 2624,2997 2669,2997 2713,2994 2758,2988 2803,2988 2848,2985"/>
                <TextEquiv>
                    <Unicode>bitte Sie mal allein den Weg nach Wien fortzu</Unicode>
                </TextEquiv>
            </TextLine>
            <TextLine id="tr_2_tl_2" custom="readingOrder {index:1;}">
                <Coords points="690,3289 2786,3219 2854,3202 2859,3044 1275,3085 1070,3155 696,3079"/>
                <Baseline points="710,3197 713,3200 758,3200 803,3197 847,3197 892,3194 937,3194 982,3194 1027,3194 1071,3194 1116,3194 1161,3191 1206,3188 1250,3188 1295,3185 1340,3185 1385,3185 1430,3185 1474,3182 1519,3182 1564,3182 1609,3179 1654,3176 1698,3173 1743,3176 1788,3176 1833,3173 1877,3173 1922,3170 1967,3170 2012,3167 2057,3167 2101,3164 2146,3164 2191,3161 2236,3161 2280,3158 2325,3158 2370,3158 2415,3158 2460,3158 2504,3155 2549,3155 2594,3152 2639,3149 2684,3149 2728,3146 2773,3146 2818,3143 2863,3146"/>
                <TextEquiv>
                    <Unicode>setzen, indem mich eine unendlich lang von mir</Unicode>
                </TextEquiv>
            </TextLine>
            <TextLine id="tr_2_tl_3" custom="readingOrder {index:2;}">
                <Coords points="687,3394 2751,3359 2827,3348 2830,3245 690,3286"/>
                <Baseline points="707,3355 731,3358 776,3355 821,3355 865,3355 910,3355 955,3352 1000,3349 1044,3349 1089,3349 1134,3349 1179,3346 1224,3343 1268,3340 1313,3340 1358,3337 1403,3340 1448,3337 1492,3337 1537,3334 1582,3334 1627,3334 1671,3334 1716,3331 1761,3331 1806,3331 1851,3328 1895,3328 1940,3328 1985,3325 2030,3322 2074,3322 2119,3322 2164,3322 2209,3319 2254,3319 2298,3319 2343,3319 2388,3316 2433,3316 2478,3313 2522,3310 2567,3308 2612,3308 2657,3305 2701,3305 2746,3305 2791,3302 2836,3302"/>
                <TextEquiv>
                    <Unicode>nicht gesehene Familie hier aufhält, ach mein</Unicode>
                </TextEquiv>
            </TextLine>
            <TextLine id="tr_2_tl_4" custom="readingOrder {index:3;}">
                <Coords points="696,3532 2205,3561 2441,3479 2950,3485 2956,3362 1152,3453 699,3394"/>
                <Baseline points="713,3508 722,3511 767,3508 812,3508 856,3508 901,3508 946,3505 991,3505 1035,3505 1080,3502 1125,3502 1170,3499 1215,3499 1259,3499 1304,3493 1349,3493 1394,3493 1439,3493 1483,3493 1528,3490 1573,3490 1618,3487 1662,3484 1707,3484 1752,3484 1797,3481 1842,3481 1886,3478 1931,3478 1976,3475 2021,3475 2066,3475 2110,3475 2155,3472 2200,3472 2245,3472 2289,3472 2334,3472 2379,3469 2424,3469 2469,3466 2513,3466 2558,3460 2603,3460 2648,3457 2692,3457 2737,3457 2782,3457 2827,3454 2872,3451 2916,3451 2961,3457"/>
                <TextEquiv>
                    <Unicode>Onchel, mein alter aus Berlin ist mal wieder da.</Unicode>
                </TextEquiv>
            </TextLine>
            <TextLine id="tr_2_tl_5" custom="readingOrder {index:4;}">
                <Coords points="716,3675 848,3737 1596,3666 2114,3716 2520,3628 2851,3658 2971,3628 2973,3547 722,3552"/>
                <Baseline points="734,3663 743,3660 788,3660 832,3660 877,3660 922,3660 967,3660 1012,3657 1056,3657 1101,3657 1146,3657 1191,3654 1236,3654 1280,3654 1325,3654 1370,3651 1415,3651 1459,3648 1504,3645 1549,3645 1594,3645 1639,3642 1683,3642 1728,3639 1773,3639 1818,3639 1862,3639 1907,3636 1952,3633 1997,3630 2042,3630 2086,3627 2131,3627 2176,3630 2221,3627 2266,3624 2310,3624 2355,3624 2400,3624 2445,3621 2489,3618 2534,3618 2579,3615 2624,3615 2669,3612 2713,3609 2758,3609 2803,3606 2848,3603 2893,3603 2937,3600 2982,3594"/>
                <TextEquiv>
                    <Unicode>"Hat er eine junge Frau?“ litess sich eine Stimme</Unicode>
                </TextEquiv>
            </TextLine>
            <TextLine id="tr_2_tl_6" custom="readingOrder {index:5;}">
                <Coords points="702,3848 2933,3836 3009,3821 3014,3628 702,3777"/>
                <Baseline points="719,3830 731,3827 776,3824 821,3824 865,3821 910,3821 955,3821 1000,3821 1044,3818 1089,3815 1134,3818 1179,3815 1224,3815 1268,3812 1313,3812 1358,3812 1403,3812 1448,3809 1492,3809 1537,3806 1582,3806 1627,3803 1671,3803 1716,3800 1761,3797 1806,3797 1851,3797 1895,3794 1940,3794 1985,3791 2030,3791 2074,3791 2119,3791 2164,3791 2209,3788 2254,3788 2298,3785 2343,3782 2388,3782 2433,3779 2478,3779 2522,3779 2567,3779 2612,3776 2657,3776 2701,3773 2746,3773 2791,3773 2836,3767 2881,3767 2925,3767 2970,3767 3015,3773"/>
                <TextEquiv>
                    <Unicode>vernehmen, die sich wohweisslich verstelt hatte.</Unicode>
                </TextEquiv>
            </TextLine>
        </TextRegion>
    </Page>
</PcGts>
