3464 4312
2546 463 2736 646 267
794 646 3145 923 erinnern Sie sich auch, was "Felicitas" bedeutet!"
785 914 2339 1094 Fanni sann einen Augenblick nach.
791 989 3048 1248 "Felicitas heisst Glück" sagte Josef dann, indem
794 1221 3105 1374 er wie von ungefähr ihre Hand fasste, die sie ihm
788 1374 2381 1575 vielleicht unbewusst nicht entzog.
791 1506 3099 1711 "Ja Glück, fuhr er feuriger fort, indem er ihr in
776 1674 3093 1849 die Augen sah, "Wahrhaftig, Fräulein, wir gründen
776 1810 3187 1990 den Verein nocheinmal. Er ist schon darum in edler,
779 1981 3069 2164 schöner Verein, weil seine Tendenz einzig und al¬
764 2134 1693 2294 lein Küssen hetsst.
752 2249 3021 2459 Sie wurde rot und liess ihre Hand aus der seinen
755 2435 1497 2612 gletten.
764 2567 3003 2766 "Da fällt mir eben ein, ich habe noch einige Ta¬
758 2766 2970 2904 gebuchblätter vom vorigen Jahr, wo eine Sitzung
743 2913 3057 3075 diese Vereins beschrieben ist.“ Er zog bei diesen
740 3057 2979 3208 Worten ein Nottzbuch aus der Tasche### und nahm
740 3202 1999 3397 einige lose Blätter heraus.
740 3283 3051 3559 "Ah, lassen Sie mich das lesen Josef," rief Fannt
734 3523 1290 3704 schnell.
