3304 4248
2949 396 3048 542 5
423 508 2397 755 "Ich bitte, lesen Sie zu Ende, Herr Falke.
420 731 2916 860 da es nur aus einem Gürtel, hören Sie nur ans einem
413 877 3021 1036 Gürtel!..Herr Wahlmann! nur aus einem einzigen Gürtl...
430 1019 2143 1226 einem einzigen schmalen Gürtel...."
427 1145 2800 1371 „§teht schmal auch da?“ fragte ruhig Herr Wahlmann.
440 1310 2946 1503 "Nein, das wohl nicht", sagte Herr Falke,“aber, aber..
430 1500 1500 1676 das lässt sich denken!"
433 1622 3048 1825 "natürlich," lässt sich das denken", stimmten die andern
410 1795 1558 1964 Herren bereitwillig bei.
440 1910 3017 2116 "Ich bitte Sie weiter zu lesen, Herr Kanzleirat," sagte
423 2106 2987 2303 Herr Wahlmann, indem er mit seinen Handschuhen spielte.
444 2232 2993 2414 "Zwar wäre gegen ihr Kostüm, oder vielmehr Nichtkostäm,
440 2397 3014 2574 da es nur aus einem Gürteil bestand manches einzuwenden.
447 2580 2936 2736 "Manches.. hören Sie,manches nur... nun, und Sie spre
437 2726 2560 2899 chen gar nichts... Sie sagen gar nicht dazu?
450 2892 3115 3034 "Heiliger Himmel" ertönte eine Stimme, die, wenn nicht ei
433 3021 3065 3203 nem Geistlichen, doch mindestens einem ihrer begeistert
437 3193 1558 3369 sten Anhänger angehörte.
450 3349 3170 3542 "Ah, seien Sie mir gegrüsst, Herr Professor.Die Herren ken¬
440 3495 3136 3705 nen sich nicht?" fuhr der Kanzletrat fort: "Herr Wahlmann,
