3560 4344
2425 372 2619 565 295
614 759 1500 974 "Aber was was sie?”
623 859 2824 1179 "Sie- sie- ste war wie man in Wien bei uns sagt
629 1055 2628 1336 "Millimadl." Sehen Sie, Sie lächeln schon."
629 1206 2253 1500 „Ist die Geschichte schon fertig?“
653 1358 2960 1624 "Nein. Hören Sie weiter. Mein Vater wunderte sich
641 1497 3009 1808 damals immer über mein frühes Aufstehen. Oh, hätte
653 1645 2933 1917 er geehnt, dass ich um sechs, wenn sie die Milch
656 1781 3066 2071 brachte, in der Kilche stand- und am Abend nach fünf
671 1962 3063 2216 wieder— Ich war sehr verliebt in sie, oder bildete-
671 2092 2942 2383 mir wenigstens ein, es zu sein. Einmal hatte ich
680 2265 3012 2531 den festen Plan gefasst, sie zu hüssen; auch eine
689 2428 2951 2685 Wette war mit im Spiel, die ich mit einem meiner
686 2558 3051 2854 Kollegen geschlossen hatte. Es war im Dezember, es
702 2733 3054 2981 schnette und war ganz dunkel. Sie ham-nebstbet er¬
708 2860 3114 3142 wähnt, hatte ich noch kein Wort mit ihr gesprochen-
723 3021 3163 3284 sie ham, liess die Milch da und ging wieder über die
729 3178 3066 3393 hintere Stiege, die sehr schmal und noch nicht be-
732 3326 3093 3577 leuchtet war, hinunter. Ich folge ihr-man sah zwar
756 3474 3057 3752 in der Hunkelheit nichts- stürme über dter Treppe
750 3632 3033 3873 hinunter- finde sie nicht-ste muss schon auf der
