3560 4376
2338 442 2537 631 am 324
628 717 2943 1040 Zeitung aus seiner Rocktasche herauszieht und sie
661 990 2907 1159 eifrig durchstudiert. Wieder ein Glockenzeichen.
661 1141 2824 1331 Fanni fühlt sich etwas gedngstigt. Ein drittes
676 1286 2866 1509 Glockenzetchen, ein Hornstoss des Kondukteurs,
673 1414 3014 1627 ein Pftff. Himmel! Welche Stimme macht „Fanni
688 1574 3032 1772 bis ins Innerste erbeben. Ganz deutlich, kaum drei
685 1704 2979 1929 Schritte hinter ihr im Coupee— scheint Pept Rit¬
702 1852 2946 2084 ter zu sitzten. Sie wagt es nicht sich umsudreh¬
705 1998 3002 2235 en, ebensowenig kann sie sich zur Seite xxx
705 2128 3056 2412 wenden, denn der junge Mann mit den eigentümlichen
711 2315 2970 2519 Blicken hat seinen Zwicker angesetzt und fixiert
735 2534 1535 2691 sie unausgesetzt.
723 2587 3109 2830 Die Sonne brennt herein, Meidling, Hetzendorf, Atz¬
741 2730 3038 2979 gersdorf fliegen vorbet, erst in Liesing hält der
738 2878 3014 3124 Zug wieder an. Der neben Fanni sitzende Herr bit¬
762 3005 3118 3278 tet schnell den Lesenden uts-a-vis um das Tagblatt;
771 3174 3150 3435 er setzt den Zwicker auf, seufzt, so dass Fanni
762 3328 3118 3589 sich ummendet und zeigt hierauf mit dem Finger auf
771 3485 3115 3785 die letzte Seite der Zeitung, auf welcher bekannt-
771 3663 3148 3948 lich Liebesgeständnisse, Heiratsantrüge, Bitten um
