3512 4328
2515 436 2700 670 102
666 706 3016 1041 te zu ihm auf... dann sah man sie beide nicht mehr,
673 967 2991 1198 entweder waren die Zueige, unter denen sie jetzt
676 1127 2961 1284 wandelten, dichter, oder war der Mond hinter den
685 1265 3071 1499 Wolken verschwunden, genug, man sah sie nicht mehr.
676 1453 3123 1655 Falle blieb noch einige Sekunden stehen und sah so..
703 1603 3050 1812 scharf nach jener Gegend, wo die jungen Leute ver¬
697 1744 3160 1938 scharfxnach schounden waren, als ob er die Dunkelhet
694 1898 3139 2095 mit seinen Augen durchdringen wollte. Dann sprang er
716 2036 3059 2254 schnell die Stufen hinunter und nahm den Weg eben¬
709 2202 2973 2426 dorthin, wo das Mädchen mit ihrem Begleiter ver-
722 2365 2982 2555 schwunden war; doch plötzlich blieb er bei einem
713 2534 2933 2693 Baume stehen, da beide, ohne ihn zu sehen, vor¬
719 2672 3025 2865 über kamen und er deutlich bemerkte, wie sich der
743 2813 3044 3016 Junge Mann auf sie herabbeugte und ihre Arme sich
719 2933 3123 3176 zärtlich um seinen Hals schlossen. Ihre Lippen fan-
728 3102 3077 3329 den sich und blieben einige Schunden aneinanderge-
734 3283 3044 3474 presst.....Wie von einer Natter gestochen rann-
746 3412 3087 3636 te der junge Falke ### fort, er wusste selbst spä-
752 3600 3047 3775 ter nicht, wo er überall gewesen war, bis er end-
