3496 4328
2624 377 2808 628 101
776 817 1506 1019 kleinen Bruder.
776 940 3018 1121 Er schaute ihr eine Wetle nach, sie wandte sich
779 1097 2974 1296 um und beide lächelten, indem sie sich mit den
785 1284 1608 1471 Händen zuwinkten.
797 1372 3082 1620 Und nun nahm er eilig über den hell erleuchteten
803 1521 3132 1742 Schottenring, wo sich die Menschen, um des warmen
800 1713 3068 1921 Abends zu gentessen, froh durcheinander trieben,
814 1853 3094 2055 den Weg zum Volksgarten, woher ihm lustige Musik
829 2046 1643 2218 entgegenschallte.
820 2139 3018 2347 Mit verschränkten Armen, an eins Säule des The¬
844 2303 3012 2516 seustempels gelehnt, stand Falke da und folgte
832 2452 3088 2682 mit bald düstern, bald blitzenden Augen zuet be-
846 2606 3071 2805 stalten, die in der Dunkelheit nur mehr schwach
846 2793 3027 2968 auszunehmen waren und eben in einer schattigen
841 2916 3024 3108 Allee verschwanden. Es war ein junger Mann und
864 3082 3176 3272 ein wunderbar gewachsenes Mädchen, und man konnte
870 3257 3036 3441 ihr reizends Antlitz sehen, als ein Strahl des
846 3400 3056 3564 Mondes durch die Zueige fiel und sie sich eben
864 3564 3214 3774 zu ihrem Begleiter wandte. Sie lächelte und blick-
