3544 4376
2284 520 2464 750 gegeben.
550 948 999 1106 reichen!"
568 1082 1205 1259 "Ludwig"
568 1178 2778 1417 "Hoffen wir, dass Du Dich noch heute verliebst.
550 1337 2805 1552 Du glaubst gar nicht, wie schnell das geht-kaum.
577 1501 2879 1701 dass ich Berta gesehen, war ich Feuer und Flamme.
586 1627 2835 1878 „Wirklich ein origineller Einfall, der Geliebten
586 1770 2835 2000 den Eindruck zu schildern, den die Braut xxx ge-
598 1920 2796 2126 macht. Berta! Ja BertaI Berta also heisst si¬
595 2108 1854 2275 "Jawohl, das ist thr Name."
628 2225 2990 2425 "Ich hätt es mir übrigens gleich denken können, der
607 2401 2287 2583 Nama Estrella hat mir nie gefallen.
637 2509 2969 2733 "Wahrhaftig, Estrella, Du machst Dich lächerlich."
640 2688 2984 2879 "Lächerlicht! Das hat mir noch kein Mensch gesagt."
646 2852 2491 3041 "Jetzt fehlt nur noch, dass Bu weinst!"
631 2960 3035 3184 Das junge Mädchen nahm schon das Taschentuch hervor
637 3116 3002 3343 Plötzlich fuhr sie zurück- der Pfiff der Lokomoti¬
640 3325 1800 3525 ve hatte sie überrascht.
658 3418 3017 3711 „Wie Du mich wieder erschreckt hast, Luiwig!" rief
673 3684 1079 3833 ste aus.
