3576 4392
2346 566 2534 691 M322
759 866 3085 1128 über die weichen Auen dahinschlenderte, an Wetzen
777 1003 3168 1280 und Sinnigs Seite, Glücklicher, derm Du nicht ahnst
792 1173 3028 1453 dass Fanni um dieselbe Zeit in Wien beim### Fen-
816 1289 3198 1578 ster, wo die Mittagssonne heiss herabbrannt, sitzt,
822 1429 3219 1778 die Stirne in allerliebste Falten gezogen- und nicht
831 1772 1274 1918 fortkann.
825 1843 2057 2043 Ah, da kommt ihr ein Plan.
840 1941 3117 2227 Wenn sie entfliehen möchte! Um drei Uhr geht ein
863 2022 3219 2346 Zug nach Mödling! Was kann ihr im schlimmsten Fall
884 2230 3177 2507 geschehen? Ein nie dagewesenes Donnerwetter, aber
884 2361 3275 2647 was weiter? Sie konnte in ein Institut gegeben wer¬
893 2561 2730 2823 den- doch ist da eine Flucht unmöglich?
917 2665 3314 2930 Gedacht, getan, Vater und Mutter sind fort, die Er¬
929 2829 3123 3120 der spielen, der älteste sitzt in seinem Zimmer
932 2969 3198 3248 beim Klavier, wo er fantastert und sich so weit
947 3126 3245 3400 rückwärts lehnt, dass der Sessel umschlägt- Fannt
956 3257 3287 3549 setzt den leichten Strohhut auf, nimmt den Sonnen-
962 3406 3278 3722 schirm und fliegt die Treppe hinunter. O, wie die
971 3582 3290 3930 Sonne brennt, eine schwüle Stille herrscht in den
