3352 4216
2751 372 2896 603 33
628 555 2934 820 ber nicht Sintrag tat, dass hinter ihm schon ein
625 773 3035 959 vielbewegtes Leben leg, in dem ein Liebesverhältnis
622 934 2947 1123 mit einer gewissen Mattlde Herbetlich eine grosse
615 1076 3079 1275 Rolle optelte. Dieser Junge Mann nun war es, der das
634 1249 2388 1442 verhängnisvolle vtertelsteben sprach.
663 1372 2903 1568 "Da wird sie nicht mehr kommen,“ vermutete Falhe
644 1546 2379 1738 noch malanchéltscher als früher.
653 1672 3098 1865 “Du bist wirkotch ein Pechvolge,“ tröstete Emil Glut
647 1814 3035 1988 ein intimer Freund Jaques Stetles, auch sehr lieb -
644 1972 3079 2174 reich sugewandt einer gewissen Ilka Korn, mit der er
653 2123 3190 2316 übrigens bis jetzt beträhe in gar keinem Verhehr stand
1205 2268 2918 2458 "Sie kommt!" rief Berthold Gries, von
871 2354 1047 2492 G.H.F.P.
659 2420 3054 2615 dem ich bet Gelegenheit viel Interessantes erzählen
2565 2606 2975 2754 G.A.P.F.
1111 2638 1205 2761 G.F.P.
666 2609 1057 2780 werde,.
2574 2710 2849 2903 et Du
672 2735 2388 2931 “Vo, wo,” fragte Arthur, in Exstase.
681 2877 3035 3095 "Na, sei nur nicht so hitzig," beschwichtigte Sin-
656 3032 2934 3221 nig, der für einen Stotker gelten wollte, obwohl
675 3190 2966 3382 er ungefähr ein Vierteldutzend „Pasionen“ se them
663 3366 3038 3553 Freund Falke anvertraut hatte, xxx er Liebechaften
672 3480 2944 3726 in kleinerm Stil zu nennen beliebte. xxx sind ###
