3464 4328
2497 539 2679 698 107
617 895 1570 1060 genden Titel führt.“
614 1011 2795 1187 "Also Herr Präsident, das ist mal unnotwendig,
614 1187 2818 1373 unterbrach ihn jener, "der Titel tut nichts zur
614 1390 1022 1515 Sache. "
646 1486 2473 1648 "Man muss den Titel wissen. Er ist.... "
637 1633 2517 1799 "Also Herr Falche! Ich will mal bitten!"
637 1787 2856 1935 "Sagen Sie ihn, wir wollen ihn wissen," rief es
637 1984 1442 2108 von allen Seiten.
652 2100 2856 2250 “Uebrigens, Herr Professor Mager,“ wandte Falke
640 2247 2969 2401 mit etwas scharfer Stimme ein, "haben Sie mir den
655 2398 2948 2560 Titel angegeben und man muss doch wissen, worüber
652 2572 1668 2743 Ihr Aufsatz handelt."
678 2717 2856 2870 "Also wollen Se mir mal den Chefallen erwetsen.
660 2853 2908 3029 Ich will den Herren alles mündlich chlar machen,
672 3044 1500 3189 bevor ich 1 ese.
666 3183 1523 3348 Gemurmel entstand.
684 3189 2859 3478 "Ioh uill es dabet bewenden lassen," bestimmte
678 3455 2334 3641 der Präsident. "Also beginnen See."
672 3615 2908 3791 Mager erhob sich. "Also ich habe es mir zur Auf
