3512 4328
2512 550 2690 692 357.
671 837 3001 1152 sie wohl bemerkt? Nein— er steht sie nicht. Jetzt
674 1003 3080 1257 muss sie fort. Sie läuft zum Omnibus, schnell setzt
2273 1155 2409 1242 G.H.F.P.
677 1233 783 1321 G.F.P.
683 1242 2478 1460 sie sich hinntn und fährt zum Bahnhof.
2421 1239 2796 1393 susleioh
710 1348 3047 1596 "Also, ich habe mich doch endlich von meinen Schü¬
505 1421 674 1587 226
692 1424 3050 1687 lern entfernt, auf churze Zeit und sie sich selbst
701 1599 2935 1835 überlassen." So sprach Professor Jakob Mager zu
707 1744 3077 1989 sich selbst, langsam durch den einsamen, nächtigen
707 1898 3041 2131 Wald schrettend. "Es ist mal ganz finster," murmel-
725 2043 3026 2291 te er wetter vor sich hin," aber man ist doch we¬
728 2200 2947 2439 nichstens von den stets spöttischen Blicken der
722 2348 2956 2587 Jungen befreit. Und überdies, also mir selbst
734 2530 3080 2735 darf ichs mal gestehen, mir ist es chemisch zu Mu-
737 2639 3026 2893 te. Ich bin doch ein ordentlicher Mensch gewesen
744 2787 3159 3050 bis heute und habe nicht einmal platonisch eheliebt
759 2953 3192 3189 um wie viel weniger...“ Er errötete vorsich selbst.
1732 3149 1826 3237 C.S.
741 3159 3077 3355 Aber jetzt hab ich mal so zu sachen etwas Dummes.
753 3343 3107 3594 Heute auf dem Bahnhof in Baden sah ich mal ein....
762 3491 3080 3763 weibliches Geschöpf, welches sehr schön war. Aber
780 3636 3050 3926 fort mit diesen elenden Gedanken. Ich lasse mich
