3432 4312
2746 437 2926 693 108
732 782 2991 906 chabe ohemacht die modernen Bilder zu cheisseln.
720 900 2962 1053 Sie verstehen mich zur Chenüche, denke ich. Ich
726 1068 3009 1218 versuche mal zu beweisen, dass in diesen Bildern
729 1189 2956 1366 chrossen Tetis der Chrund zur Ex Entartung unse
726 1328 2906 1528 rer Zeit zu suchen ist. Inwiewett mir dieser
720 1481 2959 1690 Versuch gelungen ist, möche die geehrte Versamm
714 1652 3030 1856 lung bestimmen. Ich gehe nun daran meinen Aufsatz
711 1805 2805 2000 vorzulesen. "Er griff hiemit in die hintere
708 1956 2985 2112 Tasche seines Rockes, förderte aber statt des ma
702 2103 2938 2269 nuskripfes einen Hacken zu tage, worüber er ein
702 2254 2929 2413 äusserst verdutztes Gesicht schnitt. Einige aus
696 2440 2923 2572 der moraltschen Gesellschaft lächelten unwill -
702 2569 1086 2726 kürlich.
699 2729 3071 2873 "Also das ist mal nicht das Manuskript," stammelte
681 2894 2068 3062 Mager in seiner Verlegenheit.
708 3033 3015 3177 "Nein, gewiss nicht," bestätigte Strohmüller, der
687 3198 2649 3334 in letzterZeit auffallend gut gelaunt war.
667 3339 2974 3490 Mager schoss einen uütenden Blick auf ihn, indem
681 3493 2826 3655 er sagte: "Also Herr Strohmüller, es ist noch
