3496 4424
2646 504 2836 699 394.
719 856 2323 1066 einen anormen Spektakel bekommen."
728 978 2940 1173 "Ah, nun versteh ich, warum mein Vater mich heu
728 1173 2932 1322 te wieder in den Volksgarten gehen liess," rief
713 1316 2655 1505 Arthur aus, "um mich zu überführen."
737 1429 2923 1636 "Ich war auch sehr erstaunt, dass mans mir er -
728 1619 1721 1820 laubte," sagte Fanni.
745 1753 2967 1927 "Wir müssen unbedingt für heute scheiden," mein
739 1910 2862 2119 te Arthur. "Fanyi, leb wohl - wo seh ich Dich
734 2079 2760 2236 wieder? Und wann? Ich bitte Dich, schnell."
751 2250 3092 2402 "Ich will drilber nachdenken - wir werden doch wohl
734 2405 3036 2585 noch eine unbewachte Sekunde heute haben. Unter -
751 2530 1948 2722 dessen Arthur, leb wohl."
737 2699 2900 2873 Sie reichten sich die Hände und trennten sich.
731 2841 2888 3022 Mit fliegenden Worten berichtete Falke seinem
748 3007 2888 3159 Intimus die Geschichte und ging dann ausseror
745 3135 2996 3336 dentlich schweigsam unter dem Geplauder Sinnigs.
745 3313 1892 3511 Steiles und Gluts umher.
769 3371 2946 3636 "Einen schönen Stock hast Du," sagte Steile zu
771 3616 1793 3822 Glut. “Tauschen wir.”
783 3741 2984 3968 "Zeig Deinen," erwiderte der andre und besich -
