3464 4344
2388 548 2565 683 301
545 860 2121 1139 unter das Balletchor zu mischen?"
579 1016 2945 1255 "Kleinigkeit, man hat unbedingtes Vertrauen zu mir.
560 1166 2930 1405 Sie sollen sehen, wie sich diese Balletmädchen auf
576 1365 1552 1570 den Norbert freuen!"
588 1525 1727 1730 "Auch Albertine Tommen!"
606 1720 1194 1883 "Hoffen wir."
609 1776 2963 2017 "Leben Sie wohl, Fiedel, ich bin zu Hause. Wo kann
615 1926 2853 2173 ich sie treffen! Ich muss doch die Proben mitma¬
618 2186 897 2369 chen.“
600 2253 2835 2489 Morgen vormittags vor der Oper. Zehn Uhr. Leben
609 2480 1114 2648 Sie wohll!”
628 2617 876 2822 G.S.C.
1368 2832 2948 3043 Der Kanzletrat Falke sass um die¬
646 2972 3110 3202 selbe Zeit noch bet seinem Schreibttsch, und brachte
655 3141 3073 3389 Wutausbrüche gegen die verdorbene Jugend, unkeusche
664 3315 2933 3536 Bilder, Ballettänzerinnen und dergleichen zu Pa¬
673 3444 2994 3670 pter. Manchmal trat er zum Fenster und sah in die
673 3569 2923 3808 Dunkelheit hinaus, dann rannte er wieder, unver
