3400 4216
2677 320 2814 501 81
732 715 2992 863 und er wiegte sich schon vollständig in Sicher -
738 836 2995 970 heit, als der Schuldtener Brandmeyer
741 981 3057 1142 die Türe öffnete und einen Brief für Arthur Falke
765 1144 2817 1305 in die erste Bank legte, von uo aus derselbe
750 1275 3036 1459 schnell seinen Weg zum Adressaten gefunden hatte.
738 1456 2666 1625 Er öffnete ihn schnell und la folgendes:
2565 1568 2763 1726 G.C.F.P.
1159 1577 1382 1749 G.D.
1527 1628 2497 1735 Wien, 14. April 1875
804 1729 1509 1901 V.A.C.F.M.
1737 1737 2713 1939 Dret Uhr Nachmittag.
735 1924 2600 2073 Lieber, guter, herziger, schöner Arthur,
738 2040 2838 2233 Soeben habe ich die Mann zu einer Tante expe
750 2209 2998 2393 diert, welche ich sehr liebe, wenn ich ste nicht
762 2390 2956 2547 sehe. Die Mama wollte mich mitnehmen, allein da
753 2532 2968 2701 ich Dir noch einen Brief schulde, so konnte ich
756 2636 3009 2832 es nicht unterlassen zu Hause zu bleiben. Der Pa
741 2846 2864 2995 pa schläft, meine Brüder lernen, Fritz spielt
747 2974 3009 3125 sich bet mir und so kann ich denn einige Minuten
750 3134 2823 3330 ungestört bleiben. Zuerst entschuldige meine
738 3267 3125 3433 Schutrage und äussere Form, da ich mich eilen muss.
744 3454 3001 3582 Mit Trauer und Schmerzen muss ich gestehen, dass
