3512 4376
2605 390 2793 564 glO4
692 814 2010 1034 „Wen liebst Du denn?" - - -
1145 1028 2870 1324 Sie sassen zusammen in einem kleinen
689 1187 2865 1492 Boudoir und sprachen beide keine Silbe. In der
698 1358 2964 1634 Stube war es dämmrig dunkel, sie lehnte halb auf
712 1509 2882 1788 dem Sophia, er sass auf einem sammtenen Schemel
718 1646 2990 1936 zu thren Filsen. Sie sprachen nichts, sie hatten
735 1854 2950 2084 sich nichts zu sagen; sie wussten ja alles. End
735 1982 3021 2250 lich sprach er: "Heute ist die letzte Linkmaust
738 2116 2959 2355 ana. Heute, sagte ich das letztemal, werden Sie
749 2381 1381 2537 mich lieben."
769 2469 2756 2668 "Sie sehen, dass Sie sich getäuscht haben."
792 2580 2978 2828 'Ja, ich sehe es, denn Sie haben mich schon das
760 2825 1737 3007 letztemal geliebt. “
769 2885 3016 3172 Sie blieb ruhig liegen, sah ihm mit einem stil -
775 3038 3007 3300 len Blick in die Augen und lächelte. "Sie irren
786 3289 1603 3463 sich, Herr Kalt.“
792 3423 3072 3628 "Mich fröstelt bei Ihren Worten," sagte der Stu-
797 3548 3075 3779 dent, "man sollte nicht glauben, dass sie aus so
