3464 4296
2967 407 3090 566 49
2344 508 2444 650 re
659 566 1823 737 Man verabschiedete sich.
663 711 3148 899 Kühle und Falhe gingen beide sehr aufgeregt zur Türe
689 895 3152 1038 dienden Eingang zur Bühne eröffnete. Sie warteten et
679 1015 3271 1186 nige Zeit. Es war etwas hühler, die Tänzer und Tänzertn
676 1177 3271 1341 nen traten aus der Türe und entfernten sich nach und
679 1351 3103 1558 nach. Die Turmuhr schlug sehn. Es war still auf den
679 1542 1125 1665 Strassen.
669 1668 3255 1801 Da ham Talma und Estalla als die letzten und hinter ih
679 1791 3275 1946 ne###schloss sich die Tür. Die beiden Wartenden schickten
682 1956 3275 2127 sich an, sie in gemeesener Entfernung zu verfolgen. Die
685 2114 3229 2302 Tänzertnnen schienen sie zu bemerken. Es war kaum mehr
698 2256 3287 2444 einer ausser den vieren zu erblicken. Die Gassen und Wa
695 2421 3190 2567 gen waren leer, nur dte Fenster der Häuser waren noch
701 2586 3287 2728 erleuchtet. Talma und Estrella gingen die Kärntnerstras
701 2696 3103 2887 se hinauf. Bet einen Hause trennten sie auch, Talma
701 2845 3258 3029 läutete die Hausgloche. Es wurde geöffnet und sie vor
705 3039 3291 3210 schwand in der Einfahrt. Kühle folgte ihr auf gut Glück
714 3190 3116 3394 bevor noch das Tor zugeschlagen war. Von Falke, der
692 3339 3181 3562 ###trella verfolgte, hatte er stch eiligst, perabsohte
701 3540 918 3688 det.
