3576 4392
2736 377 2925 530 378
696 655 2939 838 pensionate werden Sie frischen jungen Elfen ge
713 817 3020 1009 steckt, irgend eine alte Hexe trägt in einem Gold
704 965 2922 1197 bergwerk Physik vor und Rübezahl ist vielleicht
701 1139 2905 1331 Schulinspektor. Ach wie merkwürdig muss es aus
707 1275 2925 1464 sehen, wenn ein jugendlicher Gnom mit der Schul
710 1464 2925 1612 tasche auf dem Rücken durch die langen Gänge in
704 1580 2968 1797 den Tiefen der Erde ins Gymnasium geht und dabet
716 1754 2878 1907 einer liebenswürdigen Elfe gedenkt, mit der er
716 1890 3041 2113 gestern in der Tanzschule bekannt geworden........
1606 2038 2931 2270 "Ja, ich bin Student und ich
704 2223 2913 2418 liebe Dich," sagte der Bergeerst und die Prin-
701 2351 2270 2574 zessin sah ihm tief in die Augen.
701 2519 2989 2702 Etne Glocke erscholl. "Lebe wohl," flüsterte die
696 2644 2380 2873 Prinzessin, ich muss auf die Bühne.
710 2791 2931 2992 Wie sie jetzt auf die Bühne trat, flüsterte ein
693 2945 2965 3154 Mann im Parterre zu seinem Nachbar: "Nun was sa
710 3102 2006 3310 gen Sie dazu, unglaublich?“
725 3270 2884 3499 "Sie meinen die Dekolletage?" fragte der Nach
704 3447 907 3597 bar.
