<?xml version="1.0" encoding="UTF-8" standalone="yes"?>
<PcGts xmlns="http://schema.primaresearch.org/PAGE/gts/pagecontent/2013-07-15" xmlns:xsi="http://www.w3.org/2001/XMLSchema-instance" xsi:schemaLocation="http://schema.primaresearch.org/PAGE/gts/pagecontent/2013-07-15 http://schema.primaresearch.org/PAGE/gts/pagecontent/2013-07-15/pagecontent.xsd">
    <Metadata>
        <Creator>prov=READ-COOP:name=TrHtr:version=2.1.0:model_id=51170:date=14_08_2023_17:56</Creator>
        <Created>2023-05-10T14:32:31.982+02:00</Created>
        <LastChange>2023-08-14T17:56:07.924+02:00</LastChange>
        <TranskribusMetadata docId="1428639" pageId="55422525" pageNr="190" tsid="132819603" status="IN_PROGRESS" userId="64420" imgUrl="https://files.transkribus.eu/Get?id=DOJUQHBVSICKZENUCDSGJGRZ&amp;fileType=view" xmlUrl="https://files.transkribus.eu/Get?id=DWYXICJVMUEHPHVIOVJWAJZN" imageId="44696604"/>
    </Metadata>
    <Page imageFilename="1428639_0190.jpg" imageWidth="3496" imageHeight="4360">
        <ReadingOrder>
            <OrderedGroup id="ro_1711818964968" caption="Regions reading order">
                <RegionRefIndexed index="0" regionRef="tr_1"/>
                <RegionRefIndexed index="1" regionRef="tr_2"/>
            </OrderedGroup>
        </ReadingOrder>
        <TextRegion id="tr_1" custom="readingOrder {index:0;}">
            <Coords points="597,612 2998,612 2998,2554 597,2554"/>
            <TextLine id="tr_1_tl_1" custom="readingOrder {index:0;}">
                <Coords points="2468,733 2489,739 2510,727 2516,733 2534,715 2555,727 2591,706 2612,715 2636,694 2660,694 2660,567 2636,567 2627,576 2618,570 2597,588 2579,573 2555,570 2519,597 2510,591 2498,597 2486,585 2468,588"/>
                <Baseline points="2484,665 2529,665 2574,665 2618,662 2663,665 2669,665"/>
                <TextEquiv>
                    <Unicode>286</Unicode>
                </TextEquiv>
            </TextLine>
            <TextLine id="tr_1_tl_2" custom="readingOrder {index:1;}">
                <Coords points="591,1072 1931,994 2495,1063 2603,988 2885,1021 2888,913 2357,859 2027,937 594,925"/>
                <Baseline points="609,1015 612,1018 656,1024 701,1027 746,1027 791,1030 836,1030 880,1030 925,1027 970,1027 1015,1024 1060,1024 1104,1021 1149,1018 1194,1018 1239,1018 1284,1018 1328,1018 1373,1018 1418,1015 1463,1012 1508,1012 1552,1012 1597,1012 1642,1006 1687,1006 1732,1003 1776,1003 1821,1003 1866,1000 1911,1003 1956,1000 2000,1000 2045,1000 2090,1000 2135,997 2180,994 2224,994 2269,994 2314,991 2359,991 2403,991 2448,988 2493,988 2538,988 2583,988 2627,985 2672,985 2717,982 2762,982 2807,979 2851,976 2896,979"/>
                <TextEquiv>
                    <Unicode>"Und ist erst in der Quarta" ergänste Waschlapskt</Unicode>
                </TextEquiv>
            </TextLine>
            <TextLine id="tr_1_tl_3" custom="readingOrder {index:2;}">
                <Coords points="597,1219 2360,1219 2891,1171 2897,1018 600,1111"/>
                <Baseline points="615,1185 659,1182 704,1182 749,1182 794,1182 839,1182 883,1182 928,1179 973,1179 1018,1176 1063,1176 1107,1173 1152,1173 1197,1173 1242,1173 1287,1173 1331,1170 1376,1167 1421,1167 1466,1164 1511,1161 1555,1161 1600,1158 1645,1158 1690,1158 1735,1155 1779,1155 1824,1155 1869,1152 1914,1152 1959,1149 2003,1149 2048,1149 2093,1149 2138,1146 2182,1146 2227,1146 2272,1143 2317,1143 2362,1143 2406,1143 2451,1140 2496,1140 2541,1140 2586,1140 2630,1137 2675,1137 2720,1134 2765,1131 2810,1131 2854,1125 2899,1125"/>
                <TextEquiv>
                    <Unicode>"Aber das tut ja nichts zur Sache. Wie gesagt ist</Unicode>
                </TextEquiv>
            </TextLine>
            <TextLine id="tr_1_tl_4" custom="readingOrder {index:3;}">
                <Coords points="604,1378 2639,1351 2894,1297 2894,1219 1318,1183 1192,1258 607,1282"/>
                <Baseline points="621,1334 662,1334 707,1334 752,1334 797,1331 842,1331 886,1328 931,1331 976,1328 1021,1325 1066,1325 1110,1325 1155,1322 1200,1322 1245,1319 1290,1319 1334,1319 1379,1316 1424,1316 1469,1316 1514,1313 1558,1313 1603,1313 1648,1310 1693,1308 1738,1308 1782,1310 1827,1305 1872,1305 1917,1305 1962,1302 2006,1302 2051,1299 2096,1302 2141,1299 2185,1299 2230,1296 2275,1296 2320,1296 2365,1293 2409,1293 2454,1290 2499,1290 2544,1290 2589,1290 2633,1287 2678,1287 2723,1287 2768,1284 2813,1281 2857,1278 2902,1278"/>
                <TextEquiv>
                    <Unicode>er ein Grosser) Lump, ein grosser Lump. Das sollte</Unicode>
                </TextEquiv>
            </TextLine>
            <TextLine id="tr_1_tl_5" custom="readingOrder {index:4;}">
                <Coords points="579,1510 2498,1507 2987,1450 2990,1363 579,1396"/>
                <Baseline points="597,1490 624,1490 668,1487 713,1481 758,1481 803,1478 848,1478 892,1475 937,1475 982,1475 1027,1475 1072,1472 1116,1469 1161,1469 1206,1466 1251,1466 1296,1466 1340,1466 1385,1463 1430,1466 1475,1466 1520,1463 1564,1460 1609,1460 1654,1460 1699,1457 1744,1457 1788,1454 1833,1451 1878,1451 1923,1448 1967,1448 2012,1451 2057,1448 2102,1448 2147,1445 2191,1442 2236,1442 2281,1442 2326,1442 2371,1442 2415,1439 2460,1439 2505,1436 2550,1436 2595,1436 2639,1436 2684,1433 2729,1433 2774,1433 2819,1430 2863,1430 2908,1427 2953,1424 2998,1421"/>
                <TextEquiv>
                    <Unicode>für mich insofern ein grosses Glück werden, als sei-</Unicode>
                </TextEquiv>
            </TextLine>
            <TextLine id="tr_1_tl_6" custom="readingOrder {index:5;}">
                <Coords points="591,1639 2870,1633 2873,1504 970,1576 594,1519"/>
                <Baseline points="609,1639 642,1636 686,1633 731,1633 776,1633 821,1630 866,1627 910,1627 955,1627 1000,1624 1045,1624 1090,1621 1134,1618 1179,1618 1224,1618 1269,1615 1313,1615 1358,1615 1403,1615 1448,1615 1493,1615 1537,1612 1582,1609 1627,1609 1672,1609 1717,1609 1761,1606 1806,1606 1851,1606 1896,1603 1941,1603 1985,1600 2030,1597 2075,1597 2120,1594 2165,1594 2209,1594 2254,1594 2299,1591 2344,1591 2389,1591 2433,1591 2478,1588 2523,1588 2568,1588 2613,1588 2657,1588 2702,1585 2747,1585 2792,1582 2836,1579 2881,1576"/>
                <TextEquiv>
                    <Unicode>ne Schwester Berta ihn täglich aus der Schule ab¬</Unicode>
                </TextEquiv>
            </TextLine>
            <TextLine id="tr_1_tl_7" custom="readingOrder {index:6;}">
                <Coords points="588,1786 2912,1765 2915,1624 588,1732"/>
                <Baseline points="606,1785 636,1782 680,1782 725,1782 770,1782 815,1779 860,1779 904,1776 949,1776 994,1773 1039,1773 1084,1773 1128,1773 1173,1770 1218,1770 1263,1770 1308,1767 1352,1767 1397,1767 1442,1764 1487,1764 1531,1764 1576,1758 1621,1758 1666,1758 1711,1758 1755,1755 1800,1755 1845,1752 1890,1752 1935,1752 1979,1752 2024,1749 2069,1749 2114,1746 2159,1746 2203,1746 2248,1746 2293,1744 2338,1744 2383,1744 2427,1744 2472,1741 2517,1741 2562,1738 2607,1738 2651,1735 2696,1735 2741,1735 2786,1732 2831,1729 2875,1729 2920,1726"/>
                <TextEquiv>
                    <Unicode>holte und ich sie auf solche Weise kennen lernte."</Unicode>
                </TextEquiv>
            </TextLine>
            <TextLine id="tr_1_tl_8" custom="readingOrder {index:7;}">
                <Coords points="597,1934 964,1988 2738,1919 2831,1907 2834,1811 597,1871"/>
                <Baseline points="615,1932 645,1926 689,1926 734,1929 779,1929 824,1929 869,1926 913,1926 958,1923 1003,1923 1048,1923 1092,1920 1137,1920 1182,1920 1227,1920 1272,1920 1316,1920 1361,1917 1406,1917 1451,1917 1496,1914 1540,1914 1585,1914 1630,1911 1675,1911 1720,1908 1764,1908 1809,1905 1854,1905 1899,1902 1944,1902 1988,1902 2033,1902 2078,1902 2123,1899 2168,1899 2212,1896 2257,1896 2302,1896 2347,1893 2392,1893 2436,1890 2481,1890 2526,1890 2571,1890 2616,1890 2660,1887 2705,1887 2750,1884 2795,1881 2839,1878"/>
                <TextEquiv>
                    <Unicode>"Der siebzehnjährige Bengel aus der Schule abge¬</Unicode>
                </TextEquiv>
            </TextLine>
            <TextLine id="tr_1_tl_9" custom="readingOrder {index:8;}">
                <Coords points="597,2114 1189,2081 1297,2126 1426,2072 1615,2120 1678,2069 1841,2084 1844,1979 1624,1964 1498,2012 1360,1961 1192,2012 787,1997 685,2036 600,2006"/>
                <Baseline points="615,2087 642,2084 686,2081 731,2084 776,2081 821,2081 866,2081 910,2078 955,2078 1000,2075 1045,2075 1090,2072 1134,2072 1179,2069 1224,2069 1269,2069 1313,2066 1358,2066 1403,2066 1448,2066 1493,2063 1537,2063 1582,2063 1627,2060 1672,2060 1717,2057 1761,2051 1806,2045 1851,2039"/>
                <TextEquiv>
                    <Unicode>holt! Himmel noch einmal!"</Unicode>
                </TextEquiv>
            </TextLine>
            <TextLine id="tr_1_tl_10" custom="readingOrder {index:9;}">
                <Coords points="616,2261 2435,2252 2903,2204 2906,2066 1985,2162 619,2162"/>
                <Baseline points="633,2233 671,2230 716,2233 761,2233 806,2236 851,2233 895,2233 940,2233 985,2230 1030,2230 1075,2230 1119,2227 1164,2227 1209,2224 1254,2224 1299,2221 1343,2224 1388,2221 1433,2218 1478,2218 1523,2215 1567,2215 1612,2212 1657,2212 1702,2209 1746,2209 1791,2206 1836,2206 1881,2203 1926,2203 1970,2203 2015,2203 2060,2203 2105,2200 2150,2200 2194,2197 2239,2197 2284,2194 2329,2194 2374,2194 2418,2194 2463,2194 2508,2191 2553,2188 2598,2188 2642,2188 2687,2188 2732,2185 2777,2185 2822,2182 2866,2180 2911,2182"/>
                <TextEquiv>
                    <Unicode>"Nun ja, er ham gewöhnlich erst um drei oder vier</Unicode>
                </TextEquiv>
            </TextLine>
            <TextLine id="tr_1_tl_11" custom="readingOrder {index:10;}">
                <Coords points="607,2393 2675,2396 2924,2366 2927,2258 610,2294"/>
                <Baseline points="624,2392 648,2389 692,2389 737,2389 782,2389 827,2389 872,2386 916,2386 961,2383 1006,2383 1051,2380 1095,2380 1140,2380 1185,2377 1230,2380 1275,2380 1319,2380 1364,2377 1409,2377 1454,2374 1499,2374 1543,2371 1588,2371 1633,2368 1678,2368 1723,2368 1767,2368 1812,2365 1857,2365 1902,2362 1947,2362 1991,2359 2036,2359 2081,2359 2126,2359 2171,2356 2215,2356 2260,2356 2305,2353 2350,2356 2395,2353 2439,2350 2484,2350 2529,2350 2574,2350 2618,2347 2663,2347 2708,2344 2753,2344 2798,2341 2842,2338 2887,2338 2932,2341"/>
                <TextEquiv>
                    <Unicode>Uhr nachmittags nach Hause; uer weiss, wo er sich</Unicode>
                </TextEquiv>
            </TextLine>
            <TextLine id="tr_1_tl_12" custom="readingOrder {index:11;}">
                <Coords points="597,2546 2987,2531 2987,2438 2804,2399 600,2459"/>
                <Baseline points="615,2544 621,2544 665,2538 710,2535 755,2538 800,2535 845,2535 889,2532 934,2532 979,2532 1024,2529 1069,2529 1113,2529 1158,2526 1203,2526 1248,2526 1293,2523 1337,2523 1382,2523 1427,2520 1472,2520 1517,2517 1561,2517 1606,2517 1651,2514 1696,2514 1741,2514 1785,2511 1830,2511 1875,2511 1920,2511 1964,2508 2009,2505 2054,2508 2099,2505 2144,2505 2188,2502 2233,2505 2278,2502 2323,2499 2368,2499 2412,2496 2457,2496 2502,2493 2547,2493 2592,2490 2636,2493 2681,2493 2726,2490 2771,2490 2816,2487 2860,2487 2905,2487 2950,2487 2995,2493"/>
                <TextEquiv>
                    <Unicode>herumtrieb. Noch jetzt, das heisst jetzet besonders,</Unicode>
                </TextEquiv>
            </TextLine>
        </TextRegion>
        <TextRegion id="tr_2" custom="readingOrder {index:1;}">
            <Coords points="618,2595 2992,2595 2992,3790 618,3790"/>
            <TextLine id="tr_2_tl_1" custom="readingOrder {index:0;}">
                <Coords points="613,2720 2834,2705 2903,2549 616,2615"/>
                <Baseline points="630,2699 668,2699 713,2696 758,2696 803,2693 848,2693 892,2690 937,2690 982,2690 1027,2690 1072,2687 1116,2687 1161,2687 1206,2684 1251,2684 1296,2684 1340,2681 1385,2678 1430,2678 1475,2678 1520,2678 1564,2675 1609,2675 1654,2675 1699,2672 1744,2669 1788,2669 1833,2669 1878,2666 1923,2666 1967,2666 2012,2666 2057,2663 2102,2663 2147,2660 2191,2660 2236,2657 2281,2657 2326,2657 2371,2657 2415,2654 2460,2654 2505,2654 2550,2651 2595,2651 2639,2648 2684,2648 2729,2648 2774,2648 2819,2645 2863,2645 2908,2648"/>
                <TextEquiv>
                    <Unicode>stehtert manchmal wenn die Familie Bruch schläft,</Unicode>
                </TextEquiv>
            </TextLine>
            <TextLine id="tr_2_tl_2" custom="readingOrder {index:1;}">
                <Coords points="607,2855 2090,2894 2234,2825 2930,2843 2933,2732 607,2780"/>
                <Baseline points="624,2851 654,2851 698,2848 743,2848 788,2845 833,2845 877,2845 922,2845 967,2845 1012,2845 1057,2845 1101,2842 1146,2842 1191,2842 1236,2836 1281,2836 1325,2836 1370,2836 1415,2834 1460,2831 1505,2831 1549,2828 1594,2828 1639,2825 1684,2825 1729,2825 1773,2822 1818,2822 1863,2822 1908,2822 1953,2822 1997,2819 2042,2816 2087,2816 2132,2816 2177,2813 2221,2813 2266,2813 2311,2813 2356,2813 2400,2813 2445,2816 2490,2810 2535,2810 2580,2810 2624,2807 2669,2804 2714,2804 2759,2801 2804,2798 2848,2798 2893,2795 2938,2792"/>
                <TextEquiv>
                    <Unicode>um zehn, elf Uhr nachts auf und streift, ich kann</Unicode>
                </TextEquiv>
            </TextLine>
            <TextLine id="tr_2_tl_3" custom="readingOrder {index:2;}">
                <Coords points="610,3018 1426,3030 1480,2990 1672,2990 1723,2906 1552,2876 1429,2912 1327,2855 1177,2858 979,2915 847,2882 703,2942 613,2930"/>
                <Baseline points="627,3004 656,3001 701,3001 746,2998 791,2998 836,2998 880,2995 925,2995 970,2995 1015,2995 1060,2992 1104,2989 1149,2989 1194,2989 1239,2989 1284,2986 1328,2986 1373,2986 1418,2983 1463,2980 1508,2980 1552,2977 1597,2974 1642,2971 1687,2965 1732,2959"/>
                <TextEquiv>
                    <Unicode>mirs denken wo, herum!"</Unicode>
                </TextEquiv>
            </TextLine>
            <TextLine id="tr_2_tl_4" custom="readingOrder {index:3;}">
                <Coords points="600,3171 2774,3165 2984,3120 2987,3039 2609,2975 2165,3072 1967,3009 1495,3087 604,3039"/>
                <Baseline points="618,3162 662,3156 707,3153 752,3153 797,3150 842,3150 886,3147 931,3147 976,3144 1021,3144 1066,3144 1110,3141 1155,3141 1200,3141 1245,3138 1290,3138 1334,3138 1379,3135 1424,3135 1469,3135 1514,3132 1558,3132 1603,3132 1648,3132 1693,3129 1738,3129 1782,3126 1827,3126 1872,3126 1917,3126 1962,3123 2006,3123 2051,3120 2096,3120 2141,3120 2185,3117 2230,3117 2275,3114 2320,3114 2365,3114 2409,3114 2454,3114 2499,3114 2544,3114 2589,3111 2633,3111 2678,3108 2723,3108 2768,3105 2813,3102 2857,3099 2902,3099 2947,3096 2992,3099"/>
                <TextEquiv>
                    <Unicode>Die betden Freunde wandelten die menschenleere Pra-</Unicode>
                </TextEquiv>
            </TextLine>
            <TextLine id="tr_2_tl_5" custom="readingOrder {index:4;}">
                <Coords points="616,3345 721,3372 802,3318 1144,3303 1282,3351 1417,3339 1468,3327 1471,3210 1300,3222 982,3171 925,3216 802,3192 751,3237 619,3231"/>
                <Baseline points="633,3311 668,3308 713,3305 758,3305 803,3302 848,3305 892,3302 937,3302 982,3299 1027,3299 1072,3296 1116,3296 1161,3296 1206,3296 1251,3293 1296,3293 1340,3293 1385,3293 1430,3293 1475,3293"/>
                <TextEquiv>
                    <Unicode>terstrasse hinauf.</Unicode>
                </TextEquiv>
            </TextLine>
            <TextLine id="tr_2_tl_6" custom="readingOrder {index:5;}">
                <Coords points="637,3495 2711,3429 2843,3486 2933,3456 2936,3351 2273,3303 640,3399"/>
                <Baseline points="656,3467 698,3461 743,3461 788,3461 833,3461 877,3458 922,3461 967,3455 1012,3455 1057,3455 1101,3452 1146,3452 1191,3452 1236,3452 1281,3449 1325,3449 1370,3449 1415,3452 1460,3449 1505,3446 1549,3446 1594,3443 1639,3443 1684,3440 1729,3440 1773,3440 1818,3440 1863,3437 1908,3434 1953,3434 1997,3434 2042,3437 2087,3440 2132,3437 2177,3434 2221,3434 2266,3431 2311,3431 2356,3428 2400,3425 2445,3425 2490,3425 2535,3425 2580,3425 2624,3422 2669,3422 2714,3422 2759,3419 2804,3416 2848,3413 2893,3413 2938,3413"/>
                <TextEquiv>
                    <Unicode>"Hier wohnte sie, Waschlapsht," sagte Nelke, indem</Unicode>
                </TextEquiv>
            </TextLine>
            <TextLine id="tr_2_tl_7" custom="readingOrder {index:6;}">
                <Coords points="625,3633 745,3678 1060,3618 1261,3663 1444,3606 1702,3651 1958,3627 1961,3540 1489,3474 1372,3516 1288,3480 628,3534"/>
                <Baseline points="642,3625 662,3625 707,3622 752,3622 797,3619 842,3616 886,3616 931,3619 976,3616 1021,3616 1066,3613 1110,3613 1155,3613 1200,3610 1245,3610 1290,3610 1334,3607 1379,3604 1424,3604 1469,3601 1514,3601 1558,3598 1603,3598 1648,3598 1693,3595 1738,3595 1782,3595 1827,3592 1872,3592 1917,3598 1962,3598"/>
                <TextEquiv>
                    <Unicode>er auf einige Fenster wiesz.</Unicode>
                </TextEquiv>
            </TextLine>
            <TextLine id="tr_2_tl_8" custom="readingOrder {index:7;}">
                <Coords points="607,3840 2168,3738 2897,3834 2969,3825 2975,3633 1021,3705 865,3645 610,3720"/>
                <Baseline points="624,3780 651,3774 695,3774 740,3771 785,3771 830,3768 874,3768 919,3768 964,3765 1009,3765 1054,3765 1098,3765 1143,3762 1188,3759 1233,3759 1278,3756 1322,3756 1367,3756 1412,3753 1457,3753 1502,3753 1546,3753 1591,3753 1636,3753 1681,3753 1726,3750 1770,3747 1815,3747 1860,3744 1905,3744 1950,3741 1994,3741 2039,3738 2084,3738 2129,3735 2174,3735 2218,3735 2263,3735 2308,3732 2353,3732 2398,3732 2442,3729 2487,3729 2532,3729 2577,3726 2621,3726 2666,3726 2711,3723 2756,3723 2801,3723 2845,3723 2890,3720 2935,3717 2980,3717"/>
                <TextEquiv>
                    <Unicode>Eines von denselben öffnete sich und eine durchaus</Unicode>
                </TextEquiv>
            </TextLine>
        </TextRegion>
    </Page>
</PcGts>
