3448 4344
2570 523 2762 665 259
635 851 2053 1037 chen Sonderling Kalt erkannte.
626 1004 2865 1182 Strohmüller wandte sich fast erschrocken um und
632 1134 2818 1294 als er hierauf die Bliche sah, welche sich die
638 1303 2859 1459 beiden zusandten, wurde es ihm abwechselnd kalt
638 1477 3013 1619 und heiss. Er ahnte etwas und steckte schnell sein
638 1651 1081 1784 Heft ein.
656 1752 2827 1973 "Lassen Sie sich nicht stören," beschwichtigte
629 1938 936 2133 Kühle.
662 2059 2198 2254 "O ich bitte," sagte Strohmüller.
671 2260 1914 2404 "Lesen Sie nur wetter vor."
650 2357 2844 2531 Strohmüller wurde feuerrot und löschte die Ker
650 2543 2912 2682 ###e aus, damit man seine Verlegenheit nicht bemer
656 2729 3007 2859 ke. Dann stürzte er schnell in ein anderes Zimmer.
647 2836 2986 3010 Kühle setzte sich nun rasch zu Talma, die sich in
668 3004 2271 3158 eine Ecke des Sofas gelehnt hatte.
673 3149 2794 3299 "Kein schlechter Einfall von diesem Herrndas
650 3273 2853 3482 Licht auszulöschen," bemerkte Kühle. "Ich kann
668 3456 2998 3639 dann nicht sehen wie Sie rot werden, wenn ich Sie
676 3645 998 3781 küsse."
