3448 4312
2628 438 2812 570 251
706 652 2921 990 nennen, diese Talma führt ein weit angenehmares
706 857 3021 1107 Leben, als diese oder jene ehrbare Hausfrau, die
721 1008 2945 1288 ungefähr ein halbes Dutzend schlimme Kinder und
733 1195 3021 1427 einen Mann hat, der tagsilber den Geschäften nach
745 1400 2942 1602 geht und abends im Klub oder besten Falls per -
754 1485 3114 1714 driesslich oder moros bei der Familie dahim sitzt.
739 1675 3165 1871 Sehen Sie uns Künstler an. Wir binden uns an nichts,
742 1832 2870 2031 Ja wir sind die vollendetsten Egoisten, trotz
754 1958 3069 2239 allen Idealismus. Wir lieben, wir küssen,... und
769 2154 3057 2342 die Welt ist weit geneigter uns zu verzeihen, als
760 2284 2987 2477 andern, denn wir sind Künstler. Denken Sie sich
775 2453 2996 2655 eine Hausfrau, die sich verliebt und dem Gelieb
769 2595 3081 2800 ten ganz hingibt und die Welt erfährt es. Ihre ne
772 2734 2897 2939 putation ist hin, ihr Mann verstösst ste, die
794 2815 2996 3081 Gesellschaft sieht mit einer gewissen formellen
791 3042 3036 3244 Verachtung auf sie herab, sie ist verfehmt. Aber
806 3162 3066 3404 eine Schauspielerin oder dergleichen.... der Glo
800 3319 3147 3549 rienschein der Künstlerschaft umgibt sie. Man sagt
803 3464 3180 3766 zwar überall: hn, mit der ists auch nichtweit her.
