3496 4344
2691 524 2806 634 90
733 704 2972 982 Fritz nahm, mehr um seinen Bruder wieder los zu
744 944 3070 1144 werden, als aus Interesse, den Zettd in die Hand.
727 1118 2902 1251 Doch als er die Aufschrift "Teuerste Estra-la
747 1248 2963 1413 las, zitterte er merklich. Als er aber zu Ende
756 1410 3012 1610 gelesen hatte, zwang er sich zu einem Lächeln und
762 1593 2925 1741 fragte, mit kaum bemerkbar bebender Stimme den
753 1712 2534 1877 Bruder: " Wer tst denn dieser Ludwig?“
779 1877 2879 2016 “Luchtig Nelke, unser Geschichtsprofessor, der
776 2027 3067 2190 bet uns, wie ich Dir schon manchmal erzählt habe,
785 2207 2384 2329 in den Rufe eines Don Juan steht.
794 2320 2980 2502 "Bon Juan!" rief er laut, — und “o, wenn d’e
779 2508 2957 2691 das wilsste," setzte er in Gedanken hinzu. "Geh
782 2670 2210 2835 jetzt Arthur, ich habe zu tun.
785 2789 3085 2983 Als er wieder alletn war, rief er aus: "O Himmel!
779 2925 3041 3140 Heute Abend um sieben Uhr! Mit glühenden Küssen!
791 3093 2885 3261 Also das ist dieser junge Mann. Und wenn ich
796 3273 2989 3426 mers überlege, hat Nelke nicht einmal Unrrecht.
799 3397 2934 3580 Im Gegenteil, er ist gescheit und ich bin ein
791 3562 3119 3745 Dummkopf, o ein ungeheuerer Dummkopf " Mit diesen
