3464 4232
2688 353 2864 576 412
796 840 2204 1063 “Noch einen Augenblick, Papa.”
808 1040 1801 1240 "Nun, was willst Bur"
817 1112 2974 1416 „Wie willst Du mich denn kontrollieren, ob ich
811 1277 2972 1547 abends zu Hause bin! Denn ich geb Dir durchaus
823 1451 2798 1677 nicht das Wort, dass ich zu Hause bleibe,.
831 1599 3061 1828 Der Kanzletrat stand einen Augenblick sprachlos.
834 1717 3137 1996 Dann fragte er gefasst: "Und das Dienstmädchen,!
866 1883 3148 2132 Glaubst Du vielleicht, dass die mir verheimlichen
872 2059 2749 2276 wird, wann Du nach Hause gekommen bist?"
660 2103 750 2305 C:S:
892 2201 3105 2465 “Ja aber was willst Du tun, Papa, wenn toh doch
892 2413 1903 2601 noch spazteren gehe?“
915 2534 2554 2728 „So sprerr ich Dich ein. He, Leni!"
907 2659 2560 2882 Das hübsche Stubenmädchen erschten.
947 2786 3192 3015 “Der junge Herr wird um neun Uhr vom Kutscher in
941 2934 3235 3203 die Wohnung heraufgeführt verden, dann werden Ste
956 3079 3290 3377 ihm das Nachtmal ins Zimmer stellen, hören Sie und
967 3255 3209 3542 den Schlüssel abziehen, dass der Junge nicht da¬
973 3452 2488 3725 vonläuft. Haben Sie verstanden!"
967 3586 3151 3855 Das Stubenmädchen nichts und Arthur machte ein
