3352 4264
2810 457 2908 572 8
457 588 3043 759 Uebrigens habe ich die Ehre meine Herren. Ich habe heu
460 753 3020 910 te noch einer andern Gesellschaft meine Anwesenheit ver-
470 891 2981 1048 sprochen und will nicht länger warten lassen. Ich habe
454 1042 3063 1203 die Ehre." Mit diesen Worten nahm er Zylinder und Stock,
460 1239 2192 1390 verbeugte sich und ging aus dem Saal.
200 1305 401 1449 29/8.
444 1384 2981 1541 Nach seinem Weggehen herrschte tiefe Stille. Kein Laut
207 1446 421 1597 25
460 1528 3092 1683 unterbrach das fürchterliche Schweigen. Eine beängstigen
457 1663 2977 1827 de Ruhe lag über der ganzen Versammlung.Einige Minuten
457 1830 1006 1975 verstrichen.
463 1975 3050 2123 "Er wars", ertönte endlich eine Stimme, die Herrn Loser,
457 2116 2935 2281 der Schwager des Kanzletrat Falke angehörte. Derselbe
457 2254 3017 2448 sprach sehr wenig, pflegte aber in bedeutenden Momenten
434 2435 2967 2603 mit gewaltigem Pathos seine Meinung der Oeffentlichkeit
457 2596 3056 2751 preiszugeben. Man erzählte von ihm, dass er vor etlichen
430 2770 2974 2905 Jahrzehnten im Sinne gehabt hätte sich der edeln Schau
444 2892 2889 3073 spielkunst zumoidmen, doch bet seinem Débüt keine be
450 3079 3027 3247 sonders freundliche Aufnahme gefunden habe, so dass ihm
430 3178 2990 3362 von jener Zett her nur mehr der ebenerwähnte Pathos an
427 3375 3053 3487 haftete, der immer wie eine trübselige Erinnerung an ver
434 3493 3076 3704 gangene Zeiten klang. Er war ein grosser, kräftig gewach
