3448 4312
2627 492 2810 619 112
697 760 3002 910 er machte eine restgnierte Geberde. "Also, es ist
700 934 2996 1084 unmöchlich," sagte er, "doch will ich mir mal ei
685 1096 2954 1252 ne Ueberraschung bis auf den Schluss der Sitzung
694 1273 1084 1402 lassen."
748 1384 3075 1537 "Schaun Sie doch nach, Herr Professor," sagte Stroh
691 1555 2870 1690 müller, in deß Meinung einen vorzüglichen Wetz
703 1696 3039 1844 zu machen, "ob Sie diese Ueberraschung nicht viel
703 1841 2534 1979 leicht auch zu Hause vergessen haben."
724 2003 3054 2138 "Also, es tst noch nicht aller Tache Abend," erwt
727 2156 3027 2306 derte Mager, indem er einen viesagenden, gifitigen
712 2309 3027 2477 Blick auf den Poeten schoss. "Seien Sie nur nicht
718 2486 1450 2630 allzu lustich."
742 2585 3027 2747 "Es hat sich auch Herr Vielmater zu einem vortrag
724 2756 2306 2936 gemeldet," bemerkte der Präsident.
754 2888 2993 3048 "Icht" fuhr der Erwähnte auf, der habb schlafend
721 3072 2900 3234 mit übereinandergeschlagenen Betnen dagesessen
730 3216 3144 3390 war und wischte sich dabei die Augen. "Ich?“ fragte
748 3363 2960 3510 er noch einmal, indem er die Arme, wie ein Erwa
748 3501 3108 3696 chender weit ausstreckte und gähnte. "Wann hab ich
