3528 4392
2605 568 2786 691 urin.
1034 958 1770 1172 Erstes Kapitel.
396 1433 724 1632 10/9bre 77
1371 1474 2965 1740 "Nicht angenommen, zurückgewiesen,
671 1758 1178 1940 blamiert!"
689 1796 2452 2086 "Aber was reden Sie, Herr Kanzletrat.'
706 1969 2921 2233 "Bletben Sie mir mit Ihren Trostgründen vom Lei
697 2095 2871 2388 be. Sie konnten es heute in der offenen Korres
709 2244 2877 2529 pondenz der "Neuen Freien Presse" lesen: Herrn
694 2400 3024 2646 Kanzle trat F....e, Bedauern von Ihrem Eingesendet
718 2622 2359 2825 keinen Gebrauch machen zu können. j“
706 2719 2933 2997 "Warum senden Sie dieses offenbar humoristische
724 2895 3082 3118 produkt nicht an ein heiteres Organ, vielleicht an
738 3115 1890 3279 die fliegenden Blätter?"
756 3129 3059 3452 "Nun, Herr Flock, ist das etwa keine Blamage? Und
741 3314 2830 3607 wenn es keine Blamage ist, was ist es dem!“
771 3463 2851 3768 „Sie müssen die Sache nicht so ernst nehmen.
776 3627 3129 3876 „Wie - nicht so ernst! Und Sie nennen sich ein Mit¬
