3528 4360
2634 359 2815 580 iter.
733 693 3039 938 ihren Füssen kniet und thren Nacken umfasst hält,
739 892 3079 1085 sie beugt sich hernieder und drückt auf seine Lip-
724 1076 3186 1266 pen einen wilden Kuss,- da erschallt plötzlich Musik
748 1214 3054 1423 in ihrer Nähe, Trommel und Posaunen, Arthur fühlt
745 1380 3023 1567 sich von einer unsichtbaren Gewalt am Hemdkragen
733 1518 3161 1690 nach rückwärts gezogen— weg von seiner Fanni, an de¬
745 1647 3048 1849 ren Stelle plötzlich ein grosse Trommel steht--
742 1855 3155 2002 und Arthur Falke reibt sich die Augen, während sei-
739 1965 3177 2168 nes Bruders Fritzens Stimme spricht:“Juge, steh auf,
733 2168 3100 2324 Du verschläfst die Landpartie, Junge wach auf, un-
757 2306 3167 2465 ten zieht eben eine Mustkbande vorbet, hörst Du sie
745 2456 1101 2628 nicht?"
760 2616 3115 2772 "Ja, ich steh schon auf," erwidert Arthur, unwill¬
757 2744 3201 2925 kürlich die Augen wieder schliessend, da die goldnen
742 2879 3140 3069 Strahlen der lieben Sonne durchs Fenster hereinfal¬
760 3060 3164 3226 len- und schüttelt xxx den Kopf, als wollte er die
757 3186 3186 3404 närrischen Gedanken verscheuchen, die ihm der Traum
754 3376 1659 3581 vors Aug gezaubert.
