3368 4216
2518 334 2656 500 77
612 581 2809 816 „Sie, wenn ich Sie noch einmal attrapter, Falke
607 788 2803 966 und Sinnig, so schreib ich Sie ins Klassenbuch.
586 920 2898 1118 Er Nelke setzt e seinen feschen Hut auf, nahm sein
592 1090 2861 1308 Spazierstöckchen und schritt hinaus. Dabei liess
610 1233 2748 1429 er ein Papter fallen, was nur Falke bemerkte.
598 1392 2846 1650 Derselbe hob es schleunigst auf, rief, alle Bts
618 1552 2823 1734 kretion beiseite setzend, seinen Intimus Sinnig
612 1716 2786 1880 herbet und zeigte ihm seinen Fund, welcher ein
618 1840 2786 2116 offenes Kuvert vorstellte, in dem stch ein Zet
621 1998 2671 2179 telchen befand, das folgende Worte enthielt.
2892 2159 3079 2306 nof
621 2159 2849 2329 "Teuerste Estella, heute Abend gegen sieben Uhr,
630 2312 2889 2501 fe ich Dich beim Theseustempel im Volksgarten zu
621 2467 2777 2639 sehen. Mit glühenden Küssen, ewig Dein Ludwig.
1440 2602 2754 2780 Die beiden Kolb gen ltessen
624 2769 2875 2947 sich von nichts merken, als plötzlich in grosser
618 2924 2794 3108 Aufregung Professor Nelke eintrat und in allen
632 3056 2763 3266 Ecken und Enden des Schulzimmers eine eifrige
630 3237 2846 3401 Suche anstellte. Das diese vergeblich war lässt
644 3370 2820 3608 sich denken. In kurzer Zeit ertönte die Glocke
644 3571 2044 3752 und das Resptrium war beendet.
