3416 4248
3045 326 3184 539 25
506 585 1579 786 interessant zu werden.
529 687 3167 898 "Wie lang wirst Du noch weiter diese Grimassen schneiden,
2335 812 2726 1052 G.H.F.P.
529 878 829 973 Orfried
500 888 1661 1092 "uhr Falke auf.
497 1003 2973 1220 Aller Bliche wandten sich auf Otfried, der mit gefal
533 1151 3029 1375 teter Stirn dasass, seinen Schnurrbart drehte und nun
536 1316 2848 1536 schon eine ganze Weile ernst den Kopf schüttelte.
549 1460 3059 1684 "Fritz, ich ohne was kommen wird. Du hast schon wieder
529 1658 2911 1852 Deine Allotria angefangen. Fritz ich ermahne Dich.
566 1802 3180 2006 "Du bist aber ein rechter Ofenhocker," etferte verdriess
543 1934 2983 2144 lich Kühle. "Wozu ist man denn jung, und warum....."
569 2102 3144 2292 "Man ist wohl jung, um allerlei Liebesaffairen zu haben
566 2253 2513 2447 und Allotria zu tretben!" fragte Otfried.
589 2414 3029 2624 "Nun, wozu denn!“ warf Kühle ärgerlich ein. "Dass Du
582 2555 3213 2746 doch Dein Schulmeistern nie lassen kannst. Du wärst doch
579 2713 3151 2930 sonst ein ganz angenehmer, gescheiter Kerl, aber darin,
572 2845 2490 3108 nimm mirs nicht übel, bist Du recht dumm.
595 3036 3216 3223 "De gustibus non est disputandum", erwiderte Otfried mit
589 3180 3226 3387 stoischer Gelassenheit. "Ich will mich übrigens in diese
579 3315 3184 3552 Affaire gar nichtm mengen, ich will sie als vollständig
582 3529 3157 3720 passiver Zuschauer beobachten und meine Bemerkungen im
