<?xml version="1.0" encoding="UTF-8" standalone="yes"?>
<PcGts xmlns="http://schema.primaresearch.org/PAGE/gts/pagecontent/2013-07-15" xmlns:xsi="http://www.w3.org/2001/XMLSchema-instance" xsi:schemaLocation="http://schema.primaresearch.org/PAGE/gts/pagecontent/2013-07-15 http://schema.primaresearch.org/PAGE/gts/pagecontent/2013-07-15/pagecontent.xsd">
    <Metadata>
        <Creator>prov=READ-COOP:name=TrHtr:version=2.1.0:model_id=51170:date=14_08_2023_17:56</Creator>
        <Created>2023-05-10T14:32:43.678+02:00</Created>
        <LastChange>2023-08-14T17:56:30.985+02:00</LastChange>
        <TranskribusMetadata docId="1428639" pageId="55423107" pageNr="260" tsid="132819680" status="IN_PROGRESS" userId="64420" imgUrl="https://files.transkribus.eu/Get?id=AGXCPSARNHDCACLEPOJMRWDN&amp;fileType=view" xmlUrl="https://files.transkribus.eu/Get?id=BINXEGEOIGBBOIKOHXGSQDZH" imageId="44697186"/>
    </Metadata>
    <Page imageFilename="1428639_0260.jpg" imageWidth="3512" imageHeight="4328">
        <ReadingOrder>
            <OrderedGroup id="ro_1711819107303" caption="Regions reading order">
                <RegionRefIndexed index="0" regionRef="tr_1"/>
            </OrderedGroup>
        </ReadingOrder>
        <TextRegion id="tr_1" custom="readingOrder {index:0;}">
            <Coords points="644,549 3214,549 3214,3821 644,3821"/>
            <TextLine id="tr_1_tl_1" custom="readingOrder {index:0;}">
                <Coords points="2539,711 2560,720 2659,711 2674,720 2695,702 2710,702 2728,447 2683,456 2623,393 2596,393 2566,372"/>
                <Baseline points="2566,611 2590,611 2635,608 2680,605 2725,599"/>
                <TextEquiv>
                    <Unicode>355.</Unicode>
                </TextEquiv>
            </TextLine>
            <TextLine id="tr_1_tl_2" custom="readingOrder {index:1;}">
                <Coords points="2260,1059 2293,1062 2314,1047 2326,1059 2350,1062 2353,900 2323,897 2296,870 2266,864"/>
                <Baseline points="2277,1002 2316,999 2360,999"/>
                <TextEquiv>
                    <Unicode>1o</Unicode>
                </TextEquiv>
            </TextLine>
            <TextLine id="tr_1_tl_3" custom="readingOrder {index:2;}">
                <Coords points="2008,1023 2044,1035 2062,1026 2080,1044 2119,1020 2164,1023 2167,906 2155,906 2125,879 2104,885 2065,855 2041,867 2014,864"/>
                <Baseline points="2023,1011 2038,1014 2083,1011 2128,1011 2172,1008"/>
                <TextEquiv>
                    <Unicode>ont</Unicode>
                </TextEquiv>
            </TextLine>
            <TextLine id="tr_1_tl_4" custom="readingOrder {index:3;}">
                <Coords points="1489,1059 1522,1068 1552,1044 1591,1056 1630,1038 1690,1077 1735,1068 1750,861 1726,867 1717,855 1654,873 1618,849 1606,855 1582,831 1564,846 1504,843"/>
                <Baseline points="1504,1038 1534,1038 1578,1035 1605,1032 1611,1032 1656,1029 1701,1023 1746,1023"/>
                <TextEquiv>
                    <Unicode>G.F.P.</Unicode>
                </TextEquiv>
            </TextLine>
            <TextLine id="tr_1_tl_5" custom="readingOrder {index:4;}">
                <Coords points="627,1119 699,1089 846,1116 918,1083 1098,1098 1146,1065 1252,1083 1459,1053 1462,921 1438,912 1297,939 1237,915 1104,984 855,945 768,978 711,936 633,939"/>
                <Baseline points="644,1080 671,1077 716,1074 761,1071 805,1068 850,1065 895,1059 940,1056 984,1053 1029,1050 1074,1044 1119,1041 1166,1034 1166,1034 1208,1056 1253,1053 1298,1050 1343,1047 1387,1050 1432,1047 1465,1041"/>
                <TextEquiv>
                    <Unicode>zu bringen!"</Unicode>
                </TextEquiv>
            </TextLine>
            <TextLine id="tr_1_tl_6" custom="readingOrder {index:5;}">
                <Coords points="630,1240 1252,1207 1393,1252 1528,1197 1711,1222 1957,1116 2062,1191 2131,1179 2146,1023 1780,1014 1579,1095 1360,1080 888,1173 636,1146"/>
                <Baseline points="647,1229 668,1229 713,1223 758,1220 802,1217 847,1217 892,1211 937,1208 982,1205 1026,1199 1071,1193 1116,1190 1161,1187 1205,1184 1250,1181 1295,1176 1340,1176 1384,1173 1429,1167 1474,1161 1519,1158 1564,1152 1608,1146 1653,1146 1698,1140 1743,1134 1787,1131 1832,1125 1877,1119 1922,1113 1967,1110 2011,1107 2056,1101 2101,1101 2146,1101"/>
                <TextEquiv>
                    <Unicode>Hoch, hoch, hoch, schrieen alle.</Unicode>
                </TextEquiv>
            </TextLine>
            <TextLine id="tr_1_tl_7" custom="readingOrder {index:6;}">
                <Coords points="2173,1164 2206,1167 2221,1179 2245,1167 2260,1182 2281,1170 2317,1179 2338,1167 2347,1173 2356,1164 2374,1164 2380,1086 2353,1089 2338,1077 2293,1071 2284,1080 2263,1077 2245,1092 2227,1074 2176,1089"/>
                <Baseline points="2190,1161 2202,1161 2247,1158 2292,1155 2337,1155 2381,1149"/>
                <TextEquiv>
                    <Unicode>G.C.F.P.</Unicode>
                </TextEquiv>
            </TextLine>
            <TextLine id="tr_1_tl_8" custom="readingOrder {index:7;}">
                <Coords points="636,1420 3001,1237 3019,1059 2581,1017 2365,1173 645,1312"/>
                <Baseline points="656,1376 689,1376 734,1376 779,1373 823,1370 868,1364 913,1358 958,1355 1002,1352 1047,1346 1092,1343 1137,1337 1181,1334 1226,1331 1271,1328 1316,1325 1361,1319 1405,1313 1450,1313 1495,1307 1540,1304 1584,1298 1629,1292 1674,1289 1719,1286 1764,1280 1808,1274 1853,1271 1898,1265 1943,1265 1987,1259 2032,1256 2077,1250 2122,1247 2166,1244 2211,1241 2256,1238 2301,1232 2346,1229 2390,1223 2435,1217 2480,1214 2525,1211 2569,1205 2614,1202 2659,1193 2704,1193 2749,1187 2793,1184 2838,1179 2883,1176 2928,1173 2972,1164 3017,1161"/>
                <TextEquiv>
                    <Unicode>Mit einem Male, haum dass sich alle niedergelassen</Unicode>
                </TextEquiv>
            </TextLine>
            <TextLine id="tr_1_tl_9" custom="readingOrder {index:8;}">
                <Coords points="654,1543 2092,1495 2947,1345 2959,1216 660,1462"/>
                <Baseline points="671,1531 674,1531 719,1528 764,1525 808,1519 853,1519 898,1513 943,1510 987,1507 1032,1501 1077,1498 1122,1495 1167,1489 1211,1486 1256,1483 1301,1480 1346,1471 1390,1468 1435,1465 1480,1459 1525,1456 1570,1453 1614,1450 1659,1444 1704,1441 1749,1435 1793,1432 1838,1429 1883,1423 1928,1417 1972,1414 2017,1408 2062,1405 2107,1402 2152,1399 2196,1393 2241,1393 2286,1390 2331,1384 2375,1378 2420,1373 2465,1367 2510,1364 2555,1358 2599,1355 2644,1352 2689,1346 2734,1343 2778,1343 2823,1340 2868,1334 2913,1331 2957,1328"/>
                <TextEquiv>
                    <Unicode>und Mager mit freundlichem Lächeln gedankt hatte,</Unicode>
                </TextEquiv>
            </TextLine>
            <TextLine id="tr_1_tl_10" custom="readingOrder {index:9;}">
                <Coords points="684,1717 1954,1660 2170,1558 3058,1480 3064,1396 2962,1342 2695,1450 693,1615"/>
                <Baseline points="704,1677 737,1680 782,1677 826,1671 871,1668 916,1662 961,1659 1005,1656 1050,1650 1095,1647 1140,1644 1184,1641 1229,1635 1274,1632 1319,1629 1364,1623 1408,1620 1453,1614 1498,1611 1543,1605 1587,1602 1632,1599 1677,1593 1722,1593 1767,1587 1811,1581 1856,1578 1901,1575 1946,1570 1990,1567 2035,1561 2080,1558 2125,1552 2169,1549 2214,1546 2259,1543 2304,1537 2349,1534 2393,1528 2438,1522 2483,1519 2528,1516 2572,1510 2617,1507 2662,1501 2707,1498 2752,1495 2796,1489 2841,1486 2886,1480 2931,1474 2975,1471 3020,1465 3065,1462"/>
                <TextEquiv>
                    <Unicode>erschallte ganz nahe ein neues Hoch und wieder eins</Unicode>
                </TextEquiv>
            </TextLine>
            <TextLine id="tr_1_tl_11" custom="readingOrder {index:10;}">
                <Coords points="678,1882 2218,1738 3001,1756 3025,1513 2821,1501 2629,1612 690,1744"/>
                <Baseline points="698,1829 740,1829 785,1826 829,1820 874,1820 919,1814 964,1808 1008,1805 1053,1799 1098,1796 1143,1793 1187,1787 1232,1784 1277,1778 1322,1775 1367,1770 1411,1767 1456,1764 1501,1758 1546,1755 1590,1749 1635,1746 1680,1743 1725,1740 1770,1734 1814,1734 1859,1728 1904,1725 1949,1719 1993,1713 2038,1710 2083,1707 2128,1701 2172,1698 2217,1695 2262,1692 2307,1686 2352,1683 2396,1677 2441,1674 2486,1668 2531,1665 2575,1665 2620,1656 2665,1653 2710,1647 2754,1644 2799,1638 2844,1632 2889,1626 2934,1620 2978,1611 3023,1608"/>
                <TextEquiv>
                    <Unicode>und jetzt ein drittes- und Weizen, Sinntg und Fal-</Unicode>
                </TextEquiv>
            </TextLine>
            <TextLine id="tr_1_tl_12" custom="readingOrder {index:11;}">
                <Coords points="705,1984 954,2020 2008,1927 2170,1972 2365,1927 2374,1804 1546,1801 1146,1900 711,1906"/>
                <Baseline points="722,1984 767,1984 811,1981 856,1978 901,1975 946,1972 990,1967 1035,1964 1080,1961 1125,1955 1170,1952 1214,1946 1259,1943 1304,1937 1349,1931 1393,1928 1438,1925 1483,1922 1528,1919 1573,1916 1617,1910 1662,1907 1707,1904 1752,1898 1796,1895 1841,1889 1886,1886 1931,1883 1975,1877 2020,1871 2065,1868 2110,1862 2155,1859 2199,1856 2244,1850 2289,1844 2334,1841 2378,1838"/>
                <TextEquiv>
                    <Unicode>ke traten in den Schein der Lichter.</Unicode>
                </TextEquiv>
            </TextLine>
            <TextLine id="tr_1_tl_13" custom="readingOrder {index:12;}">
                <Coords points="714,2152 1071,2119 1330,2173 1837,2089 1981,2122 1999,1954 1660,1939 1381,2029 1228,1975 993,2080 726,2032"/>
                <Baseline points="734,2131 743,2131 787,2128 832,2128 877,2122 922,2122 967,2119 1011,2113 1056,2110 1101,2107 1146,2101 1190,2098 1235,2089 1280,2086 1325,2083 1370,2080 1414,2077 1459,2074 1504,2068 1549,2065 1593,2062 1638,2056 1683,2053 1728,2050 1772,2044 1817,2038 1862,2032 1907,2026 1952,2017 1996,2008"/>
                <TextEquiv>
                    <Unicode>"Also, mal die Verlorenen!"</Unicode>
                </TextEquiv>
            </TextLine>
            <TextLine id="tr_1_tl_14" custom="readingOrder {index:13;}">
                <Coords points="2035,2098 2101,2095 2137,2116 2206,2089 2233,2098 2260,2077 2290,2086 2323,2065 2422,2068 2431,1939 2227,1936 2167,1969 2110,1936 2044,1930"/>
                <Baseline points="2050,2071 2074,2068 2119,2068 2164,2065 2208,2062 2253,2062 2298,2056 2343,2053 2387,2050 2432,2050"/>
                <TextEquiv>
                    <Unicode>G.C.H.F.P</Unicode>
                </TextEquiv>
            </TextLine>
            <TextLine id="tr_1_tl_15" custom="readingOrder {index:14;}">
                <Coords points="726,2320 2146,2236 2155,2116 1411,2128 1324,2173 741,2143"/>
                <Baseline points="746,2271 767,2271 811,2277 856,2280 901,2277 946,2274 990,2274 1035,2271 1080,2265 1125,2262 1170,2259 1214,2250 1259,2247 1304,2244 1349,2244 1393,2238 1438,2235 1483,2232 1528,2226 1573,2223 1617,2220 1662,2214 1707,2211 1752,2205 1796,2202 1841,2199 1886,2190 1931,2190 1975,2184 2020,2181 2065,2178 2110,2175 2155,2169"/>
                <TextEquiv>
                    <Unicode>„Wir sinds,“ riefen alle drei.</Unicode>
                </TextEquiv>
            </TextLine>
            <TextLine id="tr_1_tl_16" custom="readingOrder {index:15;}">
                <Coords points="735,2461 3013,2347 3049,2164 1390,2329 750,2311"/>
                <Baseline points="755,2444 767,2441 811,2441 856,2438 901,2435 946,2432 990,2426 1035,2420 1080,2417 1125,2414 1170,2411 1214,2408 1259,2402 1304,2396 1349,2396 1393,2390 1438,2384 1483,2384 1528,2381 1573,2375 1617,2372 1662,2366 1707,2363 1752,2358 1796,2352 1841,2349 1886,2346 1931,2343 1975,2337 2020,2334 2065,2331 2110,2325 2155,2319 2199,2316 2244,2313 2289,2310 2334,2307 2378,2301 2423,2298 2468,2295 2513,2289 2557,2286 2602,2280 2647,2274 2692,2271 2737,2265 2781,2259 2826,2253 2871,2253 2916,2247 2960,2244 3005,2241 3050,2235"/>
                <TextEquiv>
                    <Unicode>Und Fannt stand da im Dunkeln und sah Arthur—und</Unicode>
                </TextEquiv>
            </TextLine>
            <TextLine id="tr_1_tl_17" custom="readingOrder {index:16;}">
                <Coords points="738,2635 2350,2506 2539,2569 3013,2458 3022,2350 750,2518"/>
                <Baseline points="761,2602 787,2602 832,2599 877,2593 922,2590 967,2587 1011,2581 1056,2578 1101,2572 1146,2569 1190,2563 1235,2560 1280,2557 1325,2552 1370,2549 1414,2546 1459,2540 1504,2537 1549,2531 1593,2528 1638,2525 1683,2519 1728,2516 1772,2513 1817,2510 1862,2507 1907,2504 1952,2498 1996,2492 2041,2489 2086,2483 2131,2477 2175,2474 2220,2471 2265,2468 2310,2465 2355,2459 2399,2456 2444,2453 2489,2447 2534,2444 2578,2438 2623,2432 2668,2429 2713,2423 2757,2420 2802,2414 2847,2411 2892,2408 2937,2402 2981,2399 3026,2393"/>
                <TextEquiv>
                    <Unicode>konnte unmöglich zu ihm. Was tun! Jetzt erst kam</Unicode>
                </TextEquiv>
            </TextLine>
            <TextLine id="tr_1_tl_18" custom="readingOrder {index:17;}">
                <Coords points="759,2764 2995,2653 3049,2458 2542,2572 1582,2557 768,2671"/>
                <Baseline points="779,2752 808,2752 853,2749 898,2746 943,2743 987,2737 1032,2734 1077,2728 1122,2725 1167,2722 1211,2719 1256,2716 1301,2710 1346,2707 1390,2701 1435,2698 1480,2692 1525,2689 1570,2686 1614,2683 1659,2677 1704,2674 1749,2671 1793,2665 1838,2665 1883,2659 1928,2656 1972,2653 2017,2647 2062,2644 2107,2638 2152,2632 2196,2629 2241,2623 2286,2620 2331,2617 2375,2611 2420,2608 2465,2608 2510,2602 2555,2599 2599,2593 2644,2590 2689,2581 2734,2578 2778,2572 2823,2569 2868,2566 2913,2560 2957,2557 3002,2549 3047,2543"/>
                <TextEquiv>
                    <Unicode>ihr wieder der Gedanke an ihre Eltern. Armes Mäd-</Unicode>
                </TextEquiv>
            </TextLine>
            <TextLine id="tr_1_tl_19" custom="readingOrder {index:18;}">
                <Coords points="780,2908 2947,2812 3001,2650 786,2836"/>
                <Baseline points="796,2904 805,2904 850,2904 895,2901 940,2898 984,2895 1029,2889 1074,2883 1119,2880 1164,2874 1208,2871 1253,2868 1298,2862 1343,2859 1387,2856 1432,2850 1477,2844 1522,2844 1567,2838 1611,2835 1656,2835 1701,2829 1746,2826 1790,2820 1835,2814 1880,2811 1925,2808 1969,2805 2014,2796 2059,2793 2104,2790 2149,2787 2193,2784 2238,2781 2283,2775 2328,2772 2372,2769 2417,2763 2462,2760 2507,2757 2552,2752 2596,2749 2641,2743 2686,2740 2731,2734 2775,2728 2820,2725 2865,2719 2910,2716 2954,2713 2999,2707"/>
                <TextEquiv>
                    <Unicode>chen! Ich möchte Dir gern raten, so sch###ll wie</Unicode>
                </TextEquiv>
            </TextLine>
            <TextLine id="tr_1_tl_20" custom="readingOrder {index:19;}">
                <Coords points="762,3115 2656,2974 3157,2800 774,2980"/>
                <Baseline points="785,3056 790,3059 835,3056 880,3053 925,3047 970,3044 1014,3041 1059,3038 1104,3032 1149,3029 1193,3023 1238,3020 1283,3014 1328,3011 1373,3008 1417,3002 1462,2999 1507,2993 1552,2990 1596,2990 1641,2984 1686,2981 1731,2978 1775,2972 1820,2969 1865,2963 1910,2957 1955,2954 1999,2949 2044,2946 2089,2943 2134,2943 2178,2937 2223,2934 2268,2928 2313,2925 2358,2919 2402,2916 2447,2910 2492,2907 2537,2901 2581,2898 2626,2892 2671,2889 2716,2883 2760,2880 2805,2874 2850,2871 2895,2868 2940,2862 2984,2859 3029,2853 3074,2850 3119,2844 3163,2841"/>
                <TextEquiv>
                    <Unicode>möglich heimodrts zu wandern. Es ist acht Uhr vor¬</Unicode>
                </TextEquiv>
            </TextLine>
            <TextLine id="tr_1_tl_21" custom="readingOrder {index:20;}">
                <Coords points="798,3214 2353,3163 2545,3052 3202,3016 3208,2944 1645,3013 1074,3148 807,3097"/>
                <Baseline points="814,3199 841,3202 886,3199 931,3196 976,3190 1020,3190 1065,3184 1110,3178 1155,3175 1199,3169 1244,3166 1289,3163 1334,3160 1378,3157 1423,3151 1468,3148 1513,3143 1558,3140 1602,3137 1647,3134 1692,3128 1737,3125 1781,3122 1826,3116 1871,3110 1916,3107 1961,3104 2005,3098 2050,3095 2095,3092 2140,3089 2184,3086 2229,3083 2274,3077 2319,3074 2363,3071 2408,3065 2453,3062 2498,3056 2543,3053 2587,3047 2632,3044 2677,3041 2722,3038 2766,3032 2811,3029 2856,3029 2901,3026 2946,3017 2990,3014 3035,3008 3080,3005 3125,2999 3169,2996 3214,2987"/>
                <TextEquiv>
                    <Unicode>über- und Arthur wirst Du heute nicht mehr sprechen.</Unicode>
                </TextEquiv>
            </TextLine>
            <TextLine id="tr_1_tl_22" custom="readingOrder {index:21;}">
                <Coords points="759,3358 2446,3304 3067,3190 3076,3091 768,3262"/>
                <Baseline points="779,3354 793,3351 838,3354 883,3351 928,3348 973,3343 1017,3340 1062,3337 1107,3334 1152,3331 1196,3328 1241,3322 1286,3316 1331,3313 1376,3310 1420,3307 1465,3301 1510,3295 1555,3292 1599,3289 1644,3283 1689,3280 1734,3277 1778,3271 1823,3265 1868,3262 1913,3259 1958,3256 2002,3250 2047,3250 2092,3244 2137,3241 2181,3235 2226,3232 2271,3226 2316,3223 2360,3220 2405,3217 2450,3211 2495,3208 2540,3202 2584,3199 2629,3193 2674,3193 2719,3190 2763,3184 2808,3178 2853,3175 2898,3172 2943,3166 2987,3160 3032,3157 3077,3148"/>
                <TextEquiv>
                    <Unicode>Er sitzt dort so melancholisch und lässt ein und</Unicode>
                </TextEquiv>
            </TextLine>
            <TextLine id="tr_1_tl_23" custom="readingOrder {index:22;}">
                <Coords points="798,3526 1975,3481 2527,3352 3055,3382 3169,3343 3181,3226 804,3433"/>
                <Baseline points="814,3504 856,3501 901,3501 946,3495 990,3495 1035,3489 1080,3483 1125,3480 1170,3477 1214,3471 1259,3465 1304,3462 1349,3459 1393,3456 1438,3453 1483,3453 1528,3447 1573,3441 1617,3438 1662,3435 1707,3432 1752,3429 1796,3420 1841,3417 1886,3411 1931,3408 1975,3405 2020,3399 2065,3396 2110,3393 2155,3387 2199,3384 2244,3381 2289,3375 2334,3372 2378,3369 2423,3363 2468,3360 2513,3354 2557,3348 2602,3345 2647,3343 2692,3340 2737,3337 2781,3334 2826,3328 2871,3322 2916,3319 2960,3316 3005,3310 3050,3307 3095,3301 3140,3298 3184,3295"/>
                <TextEquiv>
                    <Unicode>das andere Mal die Serviette fallen, er steht sich</Unicode>
                </TextEquiv>
            </TextLine>
            <TextLine id="tr_1_tl_24" custom="readingOrder {index:23;}">
                <Coords points="822,3674 2245,3620 2395,3526 3103,3463 3112,3367 828,3611"/>
                <Baseline points="838,3662 871,3656 916,3653 961,3650 1005,3644 1050,3641 1095,3632 1140,3629 1184,3626 1229,3623 1274,3620 1319,3617 1364,3614 1408,3608 1453,3605 1498,3602 1543,3599 1587,3596 1632,3593 1677,3584 1722,3581 1767,3575 1811,3572 1856,3569 1901,3566 1946,3560 1990,3560 2035,3554 2080,3548 2125,3545 2169,3542 2214,3537 2259,3534 2304,3531 2349,3525 2393,3522 2438,3516 2483,3516 2528,3510 2572,3504 2617,3501 2662,3498 2707,3492 2752,3489 2796,3483 2841,3477 2886,3474 2931,3471 2975,3465 3020,3462 3065,3459 3110,3453"/>
                <TextEquiv>
                    <Unicode>auch um- aber was nützts? Sie steckt den blinden</Unicode>
                </TextEquiv>
            </TextLine>
            <TextLine id="tr_1_tl_25" custom="readingOrder {index:24;}">
                <Coords points="819,3836 2230,3794 2419,3683 3031,3665 3145,3553 825,3743"/>
                <Baseline points="838,3808 865,3811 910,3805 955,3805 999,3799 1044,3796 1089,3790 1134,3790 1179,3787 1223,3784 1268,3781 1313,3775 1358,3772 1402,3769 1447,3763 1492,3760 1537,3754 1581,3751 1626,3748 1671,3742 1716,3742 1761,3737 1805,3731 1850,3725 1895,3722 1940,3719 1984,3713 2029,3707 2074,3704 2119,3698 2164,3695 2208,3692 2253,3686 2298,3683 2343,3680 2387,3677 2432,3674 2477,3671 2522,3668 2566,3662 2611,3659 2656,3653 2701,3647 2746,3644 2790,3641 2835,3635 2880,3632 2925,3629 2969,3629 3014,3626 3059,3620 3104,3617 3148,3611"/>
                <TextEquiv>
                    <Unicode>Lockenhopf einen Augenblick durchs Gebüsch- ob, er</Unicode>
                </TextEquiv>
            </TextLine>
        </TextRegion>
    </Page>
</PcGts>
