<?xml version="1.0" encoding="UTF-8" standalone="yes"?>
<PcGts xmlns="http://schema.primaresearch.org/PAGE/gts/pagecontent/2013-07-15" xmlns:xsi="http://www.w3.org/2001/XMLSchema-instance" xsi:schemaLocation="http://schema.primaresearch.org/PAGE/gts/pagecontent/2013-07-15 http://schema.primaresearch.org/PAGE/gts/pagecontent/2013-07-15/pagecontent.xsd">
    <Metadata>
        <Creator>prov=READ-COOP:name=TrHtr:version=2.1.0:model_id=51170:date=14_08_2023_17:56</Creator>
        <Created>2023-05-10T14:32:46.304+02:00</Created>
        <LastChange>2023-08-14T17:56:35.036+02:00</LastChange>
        <TranskribusMetadata docId="1428639" pageId="55423246" pageNr="275" tsid="132819696" status="IN_PROGRESS" userId="64420" imgUrl="https://files.transkribus.eu/Get?id=AKZNFPAALOAIIODNLDSCOFUF&amp;fileType=view" xmlUrl="https://files.transkribus.eu/Get?id=FJHJLZCLJFHMPTMFTOQNRZSK" imageId="44697325"/>
    </Metadata>
    <Page imageFilename="1428639_0275.jpg" imageWidth="3560" imageHeight="4392">
        <ReadingOrder>
            <OrderedGroup id="ro_1711819138393" caption="Regions reading order">
                <RegionRefIndexed index="0" regionRef="tr_1"/>
                <RegionRefIndexed index="1" regionRef="tr_2"/>
            </OrderedGroup>
        </ReadingOrder>
        <TextRegion id="tr_1" custom="readingOrder {index:0;}">
            <Coords points="731,573 3070,573 3070,2211 731,2211"/>
            <TextLine id="tr_1_tl_1" custom="readingOrder {index:0;}">
                <Coords points="2809,716 2824,716 2848,734 2887,707 2938,701 2959,680 2986,683 2989,559 2974,559 2959,547 2908,550 2887,559 2842,529 2812,526"/>
                <Baseline points="2828,626 2864,623 2909,623 2953,623 2998,623"/>
                <TextEquiv>
                    <Unicode>liche</Unicode>
                </TextEquiv>
            </TextLine>
            <TextLine id="tr_1_tl_2" custom="readingOrder {index:1;}">
                <Coords points="716,998 2499,995 2983,950 2986,857 716,896"/>
                <Baseline points="731,981 754,978 799,969 844,966 889,963 933,963 978,963 1023,960 1068,960 1112,960 1157,957 1202,957 1247,960 1291,957 1336,957 1381,957 1426,957 1470,957 1515,954 1560,954 1605,954 1649,951 1694,951 1739,951 1784,951 1829,948 1873,948 1918,948 1963,948 2008,948 2052,948 2097,948 2142,945 2187,945 2231,945 2276,942 2321,942 2366,942 2410,942 2455,942 2500,942 2545,939 2589,939 2634,939 2679,936 2724,936 2768,936 2813,936 2858,933 2903,933 2947,930 2992,927"/>
                <TextEquiv>
                    <Unicode>glied des Vereins Pudicitia, wenn es Ihnen nicht</Unicode>
                </TextEquiv>
            </TextLine>
            <TextLine id="tr_1_tl_3" custom="readingOrder {index:2;}">
                <Coords points="728,1200 1591,1113 2947,1128 2968,995 728,1023"/>
                <Baseline points="745,1118 781,1118 826,1118 871,1118 915,1118 960,1118 1005,1118 1050,1115 1095,1115 1139,1115 1184,1112 1229,1112 1274,1112 1318,1112 1363,1109 1408,1109 1453,1109 1497,1109 1542,1109 1587,1106 1632,1106 1676,1106 1721,1106 1766,1106 1811,1103 1855,1106 1900,1106 1945,1103 1990,1103 2034,1103 2079,1100 2124,1103 2169,1100 2213,1100 2258,1100 2303,1100 2348,1100 2392,1098 2437,1098 2482,1100 2527,1098 2571,1095 2616,1092 2661,1092 2706,1092 2750,1089 2795,1092 2840,1092 2885,1089 2929,1086 2974,1086"/>
                <TextEquiv>
                    <Unicode>einmal Ernst ist mit der Sache, heiliger Ernst?"</Unicode>
                </TextEquiv>
            </TextLine>
            <TextLine id="tr_1_tl_4" custom="readingOrder {index:3;}">
                <Coords points="743,1290 1293,1329 1513,1284 1759,1326 2006,1305 2009,1224 1690,1170 1645,1206 1558,1170 1107,1206 899,1167 743,1203"/>
                <Baseline points="760,1271 763,1271 808,1274 853,1274 898,1274 942,1274 987,1274 1032,1274 1077,1274 1121,1271 1166,1271 1211,1271 1256,1268 1300,1268 1345,1268 1390,1268 1435,1265 1479,1268 1524,1265 1569,1265 1614,1265 1658,1265 1703,1265 1748,1262 1793,1265 1837,1265 1882,1265 1927,1262 1972,1262 2016,1268"/>
                <TextEquiv>
                    <Unicode>"Sie missverstehen mich....</Unicode>
                </TextEquiv>
            </TextLine>
            <TextLine id="tr_1_tl_5" custom="readingOrder {index:4;}">
                <Coords points="725,1450 2989,1426 3017,1275 728,1362"/>
                <Baseline points="742,1438 787,1432 832,1429 877,1429 921,1432 966,1432 1011,1432 1056,1429 1100,1429 1145,1426 1190,1426 1235,1423 1280,1423 1324,1423 1369,1423 1414,1423 1459,1423 1503,1423 1548,1423 1593,1420 1638,1420 1682,1420 1727,1420 1772,1417 1817,1417 1861,1417 1906,1420 1951,1417 1996,1417 2040,1417 2085,1417 2130,1417 2175,1414 2219,1411 2264,1411 2309,1411 2354,1411 2398,1411 2443,1411 2488,1411 2533,1411 2577,1408 2622,1408 2667,1408 2712,1405 2756,1405 2801,1405 2846,1402 2891,1402 2935,1399 2980,1399 3025,1402"/>
                <TextEquiv>
                    <Unicode>„Mir, Herr Folke, ist es heiliger Ernst, ich wer</Unicode>
                </TextEquiv>
            </TextLine>
            <TextLine id="tr_1_tl_6" custom="readingOrder {index:5;}">
                <Coords points="728,1618 2860,1585 2953,1561 2953,1426 731,1510"/>
                <Baseline points="745,1590 766,1587 811,1587 856,1587 901,1587 945,1587 990,1584 1035,1584 1080,1584 1124,1581 1169,1578 1214,1578 1259,1578 1303,1578 1348,1575 1393,1575 1438,1572 1482,1572 1527,1572 1572,1572 1617,1572 1661,1569 1706,1569 1751,1569 1796,1566 1840,1566 1885,1566 1930,1563 1975,1566 2019,1563 2064,1563 2109,1560 2154,1560 2198,1560 2243,1560 2288,1560 2333,1560 2378,1560 2422,1560 2467,1560 2512,1560 2557,1557 2601,1560 2646,1557 2691,1557 2736,1554 2780,1554 2825,1554 2870,1554 2915,1554 2959,1554"/>
                <TextEquiv>
                    <Unicode>de michteher ruhen als bis ich mein Möglichstes</Unicode>
                </TextEquiv>
            </TextLine>
            <TextLine id="tr_1_tl_7" custom="readingOrder {index:6;}">
                <Coords points="728,1762 2947,1753 3032,1738 3035,1642 1958,1684 1395,1609 731,1684"/>
                <Baseline points="745,1751 757,1754 802,1748 847,1748 892,1745 936,1745 981,1748 1026,1745 1071,1742 1115,1742 1160,1739 1205,1739 1250,1739 1294,1736 1339,1736 1384,1736 1429,1736 1473,1733 1518,1736 1563,1733 1608,1733 1652,1736 1697,1733 1742,1730 1787,1730 1831,1727 1876,1727 1921,1730 1966,1727 2011,1727 2055,1727 2100,1727 2145,1724 2190,1724 2234,1724 2279,1724 2324,1727 2369,1727 2413,1727 2458,1727 2503,1724 2548,1721 2592,1721 2637,1721 2682,1718 2727,1718 2771,1715 2816,1715 2861,1715 2906,1715 2950,1712 2995,1709 3040,1709"/>
                <TextEquiv>
                    <Unicode>getan. Wir sind bis jetzt zu schlaff gewesen, Wir</Unicode>
                </TextEquiv>
            </TextLine>
            <TextLine id="tr_1_tl_8" custom="readingOrder {index:7;}">
                <Coords points="716,1934 2866,1880 2737,1808 2475,1853 2298,1759 719,1808"/>
                <Baseline points="736,1897 766,1897 811,1897 856,1894 901,1894 945,1894 990,1894 1035,1891 1080,1891 1124,1894 1169,1894 1214,1894 1259,1894 1303,1891 1348,1891 1393,1891 1438,1888 1482,1888 1527,1888 1572,1888 1617,1888 1661,1888 1706,1888 1751,1888 1796,1885 1840,1882 1885,1882 1930,1879 1975,1879 2019,1879 2064,1879 2109,1876 2154,1876 2198,1876 2243,1876 2288,1876 2333,1876 2378,1879 2422,1879 2467,1876 2512,1876 2557,1873 2601,1873 2646,1870 2691,1870 2736,1870 2780,1870 2825,1870 2870,1873"/>
                <TextEquiv>
                    <Unicode>müssen unser ganzes Selbst einsetzen, um eine</Unicode>
                </TextEquiv>
            </TextLine>
            <TextLine id="tr_1_tl_9" custom="readingOrder {index:8;}">
                <Coords points="725,2081 2953,2057 3062,2024 3062,1913 728,1991"/>
                <Baseline points="745,2049 787,2046 832,2049 877,2049 921,2046 966,2046 1011,2043 1056,2043 1100,2043 1145,2043 1190,2043 1235,2043 1280,2040 1324,2040 1369,2043 1414,2040 1459,2040 1503,2043 1548,2040 1593,2040 1638,2040 1682,2037 1727,2037 1772,2037 1817,2037 1861,2037 1906,2034 1951,2034 1996,2031 2040,2031 2085,2031 2130,2034 2175,2031 2219,2031 2264,2031 2309,2031 2354,2031 2398,2034 2443,2028 2488,2028 2533,2025 2577,2025 2622,2025 2667,2025 2712,2022 2756,2022 2801,2025 2846,2025 2891,2025 2935,2019 2980,2019 3025,2016 3070,2019"/>
                <TextEquiv>
                    <Unicode>vollkommene Reorganisation der tief gesunkenen xxx</Unicode>
                </TextEquiv>
            </TextLine>
            <TextLine id="tr_1_tl_10" custom="readingOrder {index:9;}">
                <Coords points="725,2223 2827,2204 2932,2189 2935,2066 725,2129"/>
                <Baseline points="742,2201 745,2198 790,2198 835,2196 880,2196 924,2196 969,2196 1014,2196 1059,2193 1103,2193 1148,2193 1193,2190 1238,2190 1282,2190 1327,2190 1372,2187 1417,2190 1462,2190 1506,2187 1551,2187 1596,2187 1641,2187 1685,2184 1730,2184 1775,2181 1820,2181 1864,2184 1909,2181 1954,2181 1999,2181 2043,2181 2088,2181 2133,2178 2178,2178 2222,2178 2267,2178 2312,2178 2357,2178 2401,2178 2446,2175 2491,2175 2536,2175 2580,2172 2625,2172 2670,2172 2715,2169 2759,2169 2804,2169 2849,2169 2894,2166 2938,2166"/>
                <TextEquiv>
                    <Unicode>sal zu bewirken. Mit der Feder und mit le bondi</Unicode>
                </TextEquiv>
            </TextLine>
        </TextRegion>
        <TextRegion id="tr_2" custom="readingOrder {index:1;}">
            <Coords points="739,2262 3147,2262 3147,3745 739,3745"/>
            <TextLine id="tr_2_tl_1" custom="readingOrder {index:0;}">
                <Coords points="728,2388 3062,2352 3104,2177 728,2286"/>
                <Baseline points="745,2360 778,2354 823,2351 868,2348 913,2348 957,2348 1002,2348 1047,2348 1092,2345 1136,2345 1181,2345 1226,2342 1271,2342 1315,2342 1360,2342 1405,2342 1450,2342 1494,2342 1539,2342 1584,2342 1629,2339 1673,2339 1718,2339 1763,2342 1808,2339 1852,2339 1897,2339 1942,2336 1987,2336 2031,2339 2076,2333 2121,2333 2166,2330 2210,2333 2255,2330 2300,2330 2345,2327 2389,2327 2434,2327 2479,2327 2524,2327 2568,2327 2613,2327 2658,2324 2703,2324 2747,2324 2792,2324 2837,2324 2882,2324 2927,2321 2971,2321 3016,2318 3061,2318 3106,2312"/>
                <TextEquiv>
                    <Unicode>gen Worten müssen wir gegen jene unsittlichen Fak -</Unicode>
                </TextEquiv>
            </TextLine>
            <TextLine id="tr_2_tl_2" custom="readingOrder {index:1;}">
                <Coords points="725,2508 2851,2538 3137,2490 3140,2358 728,2421"/>
                <Baseline points="742,2506 775,2500 820,2497 865,2497 910,2497 954,2497 999,2497 1044,2497 1089,2494 1133,2497 1178,2497 1223,2494 1268,2494 1312,2494 1357,2494 1402,2491 1447,2491 1491,2491 1536,2491 1581,2491 1626,2491 1670,2491 1715,2491 1760,2491 1805,2491 1849,2491 1894,2491 1939,2488 1984,2485 2028,2485 2073,2485 2118,2485 2163,2485 2207,2485 2252,2485 2297,2482 2342,2482 2386,2479 2431,2479 2476,2479 2521,2479 2565,2479 2610,2479 2655,2476 2700,2479 2745,2476 2789,2479 2834,2476 2879,2476 2924,2476 2968,2473 3013,2473 3058,2473 3103,2473 3147,2470"/>
                <TextEquiv>
                    <Unicode>toren auftreten, die das ganze Staats-und Weltgebätt</Unicode>
                </TextEquiv>
            </TextLine>
            <TextLine id="tr_2_tl_3" custom="readingOrder {index:2;}">
                <Coords points="728,2686 1242,2647 1314,2677 1405,2644 1801,2698 1804,2589 1711,2541 1603,2586 1504,2538 1149,2595 896,2562 731,2592"/>
                <Baseline points="748,2649 781,2646 826,2646 871,2646 915,2646 960,2643 1005,2646 1050,2643 1095,2643 1139,2640 1184,2640 1229,2640 1274,2640 1318,2640 1363,2640 1408,2640 1453,2640 1497,2640 1542,2640 1587,2637 1632,2637 1676,2634 1721,2634 1766,2634 1813,2636"/>
                <TextEquiv>
                    <Unicode>de zum wanken bringen.</Unicode>
                </TextEquiv>
            </TextLine>
            <TextLine id="tr_2_tl_4" custom="readingOrder {index:3;}">
                <Coords points="737,2809 2111,2845 2746,2785 2746,2710 2427,2683 740,2728"/>
                <Baseline points="757,2798 781,2792 826,2798 871,2801 915,2801 960,2804 1005,2804 1050,2801 1095,2801 1139,2798 1184,2798 1229,2798 1274,2798 1318,2801 1363,2798 1408,2798 1453,2801 1497,2801 1542,2798 1587,2798 1632,2798 1676,2795 1721,2795 1766,2795 1811,2795 1855,2792 1900,2792 1945,2789 1990,2789 2034,2789 2079,2789 2124,2789 2169,2789 2213,2789 2258,2789 2303,2786 2348,2786 2392,2786 2437,2786 2482,2786 2527,2783 2571,2783 2616,2783 2661,2780 2706,2777 2752,2773"/>
                <TextEquiv>
                    <Unicode>"Ich glaube, Sie gehen doch etwas zu weit."</Unicode>
                </TextEquiv>
            </TextLine>
            <TextLine id="tr_2_tl_5" custom="readingOrder {index:4;}">
                <Coords points="740,2959 1008,3038 1212,2968 1609,3020 1729,2959 2114,2989 2256,2974 2256,2857 740,2878"/>
                <Baseline points="757,2947 787,2947 832,2953 877,2953 921,2956 966,2956 1011,2956 1056,2953 1100,2953 1145,2953 1190,2953 1235,2953 1280,2953 1324,2953 1369,2953 1414,2953 1459,2953 1503,2953 1548,2953 1593,2950 1638,2950 1682,2947 1727,2950 1772,2950 1817,2950 1861,2947 1906,2947 1951,2947 1996,2947 2040,2947 2085,2944 2130,2944 2175,2941 2219,2938 2264,2935"/>
                <TextEquiv>
                    <Unicode>„Zu weit? Wie verstehen Sie das?</Unicode>
                </TextEquiv>
            </TextLine>
            <TextLine id="tr_2_tl_6" custom="readingOrder {index:5;}">
                <Coords points="749,3179 911,3131 950,3143 986,3122 1047,3155 1131,3125 1131,3011 1023,3053 992,3038 974,3053 956,3038 935,3050 833,2992 797,3011 749,3011"/>
                <Baseline points="766,3106 781,3106 826,3103 871,3103 915,3103 960,3103 1005,3103 1050,3103 1095,3100 1139,3097"/>
                <TextEquiv>
                    <Unicode>"Nun...”</Unicode>
                </TextEquiv>
            </TextLine>
            <TextLine id="tr_2_tl_7" custom="readingOrder {index:6;}">
                <Coords points="734,3275 2920,3296 3017,3275 3020,3107 734,3176"/>
                <Baseline points="751,3249 787,3255 832,3258 877,3258 921,3258 966,3258 1011,3261 1056,3261 1100,3258 1145,3258 1190,3258 1235,3255 1280,3255 1324,3255 1369,3255 1414,3255 1459,3255 1503,3255 1548,3255 1593,3255 1638,3255 1682,3252 1727,3252 1772,3252 1817,3249 1861,3249 1906,3249 1951,3249 1996,3249 2040,3249 2085,3249 2130,3246 2175,3249 2219,3249 2264,3249 2309,3249 2354,3246 2398,3246 2443,3246 2488,3246 2533,3243 2577,3243 2622,3243 2667,3243 2712,3240 2756,3240 2801,3240 2846,3243 2891,3243 2935,3240 2980,3237 3025,3237"/>
                <TextEquiv>
                    <Unicode>"Wollen Sie etwa auch zur Gattung Strohmüller ge</Unicode>
                </TextEquiv>
            </TextLine>
            <TextLine id="tr_2_tl_8" custom="readingOrder {index:7;}">
                <Coords points="722,3444 2983,3435 3038,3248 722,3353"/>
                <Baseline points="739,3422 760,3419 805,3419 850,3416 895,3416 939,3416 984,3416 1029,3416 1074,3416 1118,3416 1163,3416 1208,3413 1253,3413 1297,3413 1342,3413 1387,3410 1432,3410 1476,3410 1521,3410 1566,3410 1611,3410 1655,3407 1700,3410 1745,3410 1790,3410 1834,3407 1879,3407 1924,3404 1969,3404 2013,3404 2058,3404 2103,3404 2148,3404 2193,3404 2237,3404 2282,3407 2327,3407 2372,3407 2416,3404 2461,3404 2506,3404 2551,3404 2595,3401 2640,3401 2685,3398 2730,3398 2774,3398 2819,3398 2864,3398 2909,3395 2953,3395 2998,3395 3043,3392"/>
                <TextEquiv>
                    <Unicode>hören? Die Menschheit ist zu weit gegangen in Im</Unicode>
                </TextEquiv>
            </TextLine>
            <TextLine id="tr_2_tl_9" custom="readingOrder {index:8;}">
                <Coords points="725,3597 2944,3597 3014,3426 728,3528"/>
                <Baseline points="742,3577 784,3571 829,3571 874,3571 918,3571 963,3568 1008,3568 1053,3568 1098,3568 1142,3568 1187,3568 1232,3568 1277,3565 1321,3565 1366,3565 1411,3565 1456,3565 1500,3565 1545,3562 1590,3565 1635,3565 1679,3565 1724,3565 1769,3562 1814,3559 1858,3559 1903,3556 1948,3556 1993,3559 2037,3556 2082,3556 2127,3556 2172,3556 2216,3556 2261,3556 2306,3556 2351,3556 2395,3553 2440,3556 2485,3556 2530,3556 2574,3553 2619,3553 2664,3553 2709,3550 2753,3550 2798,3550 2843,3550 2888,3550 2932,3547 2977,3547 3022,3553"/>
                <TextEquiv>
                    <Unicode>moralität, Zuchtlosigkeit - nicht wir. Denn kann</Unicode>
                </TextEquiv>
            </TextLine>
            <TextLine id="tr_2_tl_10" custom="readingOrder {index:9;}">
                <Coords points="728,3771 2722,3768 3026,3708 3029,3558 728,3684"/>
                <Baseline points="745,3732 748,3735 793,3732 838,3729 883,3729 927,3729 972,3729 1017,3729 1062,3726 1106,3726 1151,3726 1196,3726 1241,3723 1285,3723 1330,3720 1375,3720 1420,3723 1464,3723 1509,3723 1554,3720 1599,3723 1644,3723 1688,3720 1733,3723 1778,3720 1823,3720 1867,3720 1912,3717 1957,3717 2002,3717 2046,3717 2091,3714 2136,3714 2181,3717 2225,3717 2270,3717 2315,3714 2360,3714 2404,3714 2449,3714 2494,3714 2539,3714 2583,3714 2628,3714 2673,3714 2718,3711 2762,3711 2807,3711 2852,3708 2897,3708 2941,3708 2986,3708 3031,3708"/>
                <TextEquiv>
                    <Unicode>man in Sittenreinheit je zuwett gehen? Sie haben</Unicode>
                </TextEquiv>
            </TextLine>
        </TextRegion>
    </Page>
</PcGts>
