3512 4360
2795 591 2984 724 hem 3:45
868 897 3154 1095 er auf Fiedel höchst eifersüchtig, welcher schein
865 1095 3119 1274 bar die Galanterie gegen Estrella auf die Spitze
871 1236 2457 1356 trieb. Aber er sprach ganz andres.
883 1368 3045 1498 "Morgen werden sie ihn wie gesagt, ganam sicher
853 1545 3190 1689 wiedersehen, Sie werden ihn hieben, küssen, werde
850 1663 3057 1833 Ludwig vergessen, der sich inwischen mit Berta
856 1827 2472 1992 vergnügen soll, wie immer er will.
859 1963 3151 2107 “Ja, Fiedel, ich werde ihn lieben, küssen—ebenso
850 2113 1998 2277 viel küssen, als lieben.
856 2298 3104 2431 "Und vielleicht ists schon heute möglich- in der
847 2433 3169 2589 verschwiegenen Ecke eines dunkeln Eisenbahncoupees
847 2581 1462 2728 spät abends.“
856 2734 1589 2895 "Aber Fiedel...."
833 2851 3157 3016 Lassen wir das,“ unterbrach er sie mit ###ner Hiene,
839 3043 2984 3178 die auszudrücken schien: das kennen wir schon.
821 3210 3181 3357 Dann neigte er sich mehr zum ihr herab.“Sie müssen
830 3360 3181 3528 auch wissen, dass Sie heute ein Vorurteil zerstört
824 3496 2345 3660 haben, das ich von Ihnen gehabt.
833 3640 2501 3855 „Und das wäre?" fragte sie gespannt.
