<?xml version="1.0" encoding="UTF-8" standalone="yes"?>
<PcGts xmlns="http://schema.primaresearch.org/PAGE/gts/pagecontent/2013-07-15" xmlns:xsi="http://www.w3.org/2001/XMLSchema-instance" xsi:schemaLocation="http://schema.primaresearch.org/PAGE/gts/pagecontent/2013-07-15 http://schema.primaresearch.org/PAGE/gts/pagecontent/2013-07-15/pagecontent.xsd">
    <Metadata>
        <Creator>prov=READ-COOP:name=TrHtr:version=2.1.0:model_id=51170:date=14_08_2023_17:55</Creator>
        <Created>2023-05-10T14:32:23.586+02:00</Created>
        <LastChange>2023-08-14T17:55:52.283+02:00</LastChange>
        <TranskribusMetadata docId="1428639" pageId="55422123" pageNr="142" tsid="132819526" status="IN_PROGRESS" userId="64420" imgUrl="https://files.transkribus.eu/Get?id=DFHYTMHCBHQIXEPUVSNPMDCT&amp;fileType=view" xmlUrl="https://files.transkribus.eu/Get?id=BNYWOWFALDHBCKOTTOBEMKLR" imageId="44696202"/>
    </Metadata>
    <Page imageFilename="1428639_0142.jpg" imageWidth="3480" imageHeight="4296">
        <ReadingOrder>
            <OrderedGroup id="ro_1711818871854" caption="Regions reading order">
                <RegionRefIndexed index="0" regionRef="tr_1"/>
                <RegionRefIndexed index="1" regionRef="tr_2"/>
            </OrderedGroup>
        </ReadingOrder>
        <TextRegion id="tr_1" custom="readingOrder {index:0;}">
            <Coords points="743,526 3101,526 3101,2455 743,2455"/>
            <TextLine id="tr_1_tl_1" custom="readingOrder {index:0;}">
                <Coords points="2714,604 2746,613 2813,601 2834,616 2849,610 2887,622 2907,616 2910,478 2860,475 2849,487 2816,478 2764,510 2717,513"/>
                <Baseline points="2731,579 2776,579 2821,579 2865,576 2910,579 2916,579"/>
                <TextEquiv>
                    <Unicode>239</Unicode>
                </TextEquiv>
            </TextLine>
            <TextLine id="tr_1_tl_2" custom="readingOrder {index:1;}">
                <Coords points="766,948 2904,968 2887,739 2192,842 766,728"/>
                <Baseline points="782,928 826,928 871,928 916,928 961,928 1006,928 1050,928 1095,931 1140,931 1185,931 1229,931 1274,931 1319,931 1364,931 1409,931 1453,931 1498,931 1543,931 1588,931 1633,931 1677,931 1722,931 1767,931 1812,931 1856,931 1901,931 1946,931 1991,931 2036,931 2080,931 2125,931 2170,931 2215,931 2259,931 2304,931 2349,931 2394,931 2439,928 2483,931 2528,928 2573,928 2618,928 2662,931 2707,931 2752,931 2797,931 2842,931 2886,931 2913,934"/>
                <TextEquiv>
                    <Unicode>"Ah bahl Die eine arbeitet mit den Händen, die</Unicode>
                </TextEquiv>
            </TextLine>
            <TextLine id="tr_1_tl_3" custom="readingOrder {index:2;}">
                <Coords points="748,1100 2901,1103 2852,977 1112,1000 745,939"/>
                <Baseline points="761,1092 806,1089 850,1086 895,1086 940,1086 985,1086 1029,1086 1074,1089 1119,1089 1164,1089 1209,1089 1253,1089 1298,1089 1343,1089 1388,1089 1432,1089 1477,1092 1522,1092 1567,1092 1612,1089 1656,1089 1701,1089 1746,1089 1791,1092 1836,1092 1880,1092 1925,1092 1970,1089 2015,1089 2059,1089 2104,1089 2149,1089 2194,1089 2239,1092 2283,1092 2328,1092 2373,1092 2418,1092 2462,1089 2507,1089 2552,1089 2597,1089 2642,1089 2686,1089 2731,1089 2776,1089 2821,1089 2865,1092 2910,1098"/>
                <TextEquiv>
                    <Unicode>Tänzerin mit den Betnen; auch ein Unterschied.</Unicode>
                </TextEquiv>
            </TextLine>
            <TextLine id="tr_1_tl_4" custom="readingOrder {index:3;}">
                <Coords points="739,1259 3098,1250 3019,1156 2769,1115 739,1103"/>
                <Baseline points="755,1238 800,1238 844,1235 889,1238 934,1238 979,1238 1023,1241 1068,1238 1113,1238 1158,1238 1203,1238 1247,1241 1292,1241 1337,1238 1382,1238 1427,1241 1471,1238 1516,1238 1561,1238 1606,1235 1650,1238 1695,1238 1740,1235 1785,1238 1830,1238 1874,1238 1919,1235 1964,1235 2009,1238 2053,1238 2098,1238 2143,1238 2188,1238 2233,1238 2277,1235 2322,1235 2367,1238 2412,1238 2456,1238 2501,1238 2546,1238 2591,1238 2636,1238 2680,1238 2725,1238 2770,1238 2815,1238 2860,1238 2904,1235 2949,1235 2994,1235 3039,1238 3083,1235 3101,1238"/>
                <TextEquiv>
                    <Unicode>Weisst Du, wann Dd Grund hast zu verzweifeln! Wenn</Unicode>
                </TextEquiv>
            </TextLine>
            <TextLine id="tr_1_tl_5" custom="readingOrder {index:4;}">
                <Coords points="728,1391 2887,1435 2846,1256 728,1279"/>
                <Baseline points="743,1382 746,1379 791,1379 835,1376 880,1376 925,1379 970,1379 1015,1379 1059,1376 1104,1376 1149,1379 1194,1379 1238,1376 1283,1376 1328,1376 1373,1376 1418,1376 1462,1379 1507,1379 1552,1379 1597,1379 1641,1379 1686,1379 1731,1379 1776,1376 1821,1376 1865,1376 1910,1376 1955,1376 2000,1379 2045,1379 2089,1379 2134,1376 2179,1376 2224,1376 2268,1376 2313,1376 2358,1376 2403,1376 2448,1376 2492,1376 2537,1379 2582,1376 2627,1376 2671,1379 2716,1376 2761,1376 2806,1376 2851,1373 2895,1379"/>
                <TextEquiv>
                    <Unicode>Du ihr ein Liebesgeständnis machst und sie Dtr</Unicode>
                </TextEquiv>
            </TextLine>
            <TextLine id="tr_1_tl_6" custom="readingOrder {index:5;}">
                <Coords points="736,1564 2998,1558 2951,1429 736,1446"/>
                <Baseline points="752,1531 767,1531 812,1531 856,1534 901,1534 946,1534 991,1534 1035,1531 1080,1531 1125,1531 1170,1531 1215,1531 1259,1531 1304,1531 1349,1531 1394,1531 1438,1534 1483,1534 1528,1534 1573,1531 1618,1531 1662,1531 1707,1531 1752,1531 1797,1531 1841,1531 1886,1528 1931,1528 1976,1528 2021,1528 2065,1531 2110,1531 2155,1531 2200,1531 2245,1531 2289,1531 2334,1531 2379,1528 2424,1528 2468,1528 2513,1528 2558,1531 2603,1528 2648,1531 2692,1528 2737,1531 2782,1528 2827,1528 2871,1528 2916,1528 2961,1528 3006,1528"/>
                <TextEquiv>
                    <Unicode>sagt: Junger Mann, ich – bin eigentlich gar kein</Unicode>
                </TextEquiv>
            </TextLine>
            <TextLine id="tr_1_tl_7" custom="readingOrder {index:6;}">
                <Coords points="736,1699 3042,1705 3042,1614 2875,1567 1455,1637 736,1558"/>
                <Baseline points="752,1680 797,1680 841,1680 886,1680 931,1680 976,1680 1021,1680 1065,1680 1110,1680 1155,1680 1200,1680 1244,1680 1289,1680 1334,1680 1379,1680 1424,1683 1468,1683 1513,1680 1558,1680 1603,1680 1647,1680 1692,1680 1737,1680 1782,1677 1827,1677 1871,1677 1916,1677 1961,1677 2006,1680 2050,1680 2095,1680 2140,1680 2185,1680 2230,1680 2274,1677 2319,1677 2364,1677 2409,1677 2454,1677 2498,1677 2543,1677 2588,1677 2633,1677 2677,1677 2722,1677 2767,1677 2812,1677 2857,1680 2901,1680 2946,1680 2991,1680 3036,1680 3051,1680"/>
                <TextEquiv>
                    <Unicode>Frauenzimmer, sondern ein angekleideter Jüngling.</Unicode>
                </TextEquiv>
            </TextLine>
            <TextLine id="tr_1_tl_8" custom="readingOrder {index:7;}">
                <Coords points="745,1851 1273,1907 2896,1842 3089,1913 3075,1722 748,1760"/>
                <Baseline points="761,1836 806,1833 850,1836 895,1836 940,1836 985,1836 1029,1836 1074,1836 1119,1836 1164,1836 1209,1836 1253,1836 1298,1836 1343,1836 1388,1839 1432,1839 1477,1839 1522,1839 1567,1836 1612,1833 1656,1836 1701,1833 1746,1833 1791,1836 1836,1833 1880,1836 1925,1836 1970,1836 2015,1836 2059,1836 2104,1836 2149,1833 2194,1833 2239,1833 2283,1830 2328,1830 2373,1830 2418,1830 2462,1833 2507,1830 2552,1833 2597,1830 2642,1830 2686,1830 2731,1833 2776,1833 2821,1833 2865,1833 2910,1833 2955,1833 3000,1833 3045,1830 3089,1836 3095,1836"/>
                <TextEquiv>
                    <Unicode>Aber Kühle, bist Du heute ganz verrückt? Das wäre</Unicode>
                </TextEquiv>
            </TextLine>
            <TextLine id="tr_1_tl_9" custom="readingOrder {index:8;}">
                <Coords points="736,2015 1332,2068 2103,1992 2271,2057 2796,2013 2796,1889 736,1901"/>
                <Baseline points="752,2000 788,1997 832,1994 877,1991 922,1991 967,1991 1012,1991 1056,1991 1101,1991 1146,1991 1191,1991 1235,1991 1280,1991 1325,1988 1370,1991 1415,1991 1459,1991 1504,1991 1549,1988 1594,1991 1638,1988 1683,1988 1728,1991 1773,1991 1818,1988 1862,1988 1907,1988 1952,1991 1997,1988 2042,1988 2086,1988 2131,1988 2176,1988 2221,1988 2265,1988 2310,1985 2355,1988 2400,1988 2445,1988 2489,1988 2534,1985 2579,1988 2624,1985 2668,1985 2713,1982 2758,1982 2803,1988"/>
                <TextEquiv>
                    <Unicode>ja dasselbe. Und Estrella - ein verkleideter</Unicode>
                </TextEquiv>
            </TextLine>
            <TextLine id="tr_1_tl_10" custom="readingOrder {index:9;}">
                <Coords points="733,2168 1839,2145 1983,2200 2570,2133 2532,2057 2236,2045 733,2059"/>
                <Baseline points="749,2146 785,2146 829,2146 874,2146 919,2146 964,2146 1009,2146 1053,2146 1098,2146 1143,2146 1188,2149 1232,2149 1277,2146 1322,2146 1367,2146 1412,2146 1456,2143 1501,2143 1546,2143 1591,2143 1636,2146 1680,2143 1725,2143 1770,2143 1815,2143 1859,2143 1904,2146 1949,2143 1994,2143 2039,2143 2083,2143 2128,2140 2173,2143 2218,2143 2262,2140 2307,2140 2352,2140 2397,2140 2442,2137 2486,2134 2531,2128 2576,2125"/>
                <TextEquiv>
                    <Unicode>Jüngling....Mensch, Du hast Binfälle!"</Unicode>
                </TextEquiv>
            </TextLine>
            <TextLine id="tr_1_tl_11" custom="readingOrder {index:10;}">
                <Coords points="757,2321 2928,2318 2931,2186 757,2192"/>
                <Baseline points="773,2292 785,2289 829,2289 874,2286 919,2286 964,2286 1009,2286 1053,2289 1098,2286 1143,2286 1188,2289 1232,2286 1277,2286 1322,2286 1367,2286 1412,2286 1456,2286 1501,2286 1546,2286 1591,2286 1636,2286 1680,2286 1725,2286 1770,2283 1815,2283 1859,2283 1904,2283 1949,2283 1994,2283 2039,2283 2083,2283 2128,2283 2173,2283 2218,2283 2262,2283 2307,2280 2352,2283 2397,2280 2442,2280 2486,2280 2531,2280 2576,2280 2621,2280 2665,2280 2710,2280 2755,2280 2800,2277 2845,2280 2889,2280 2934,2271"/>
                <TextEquiv>
                    <Unicode>"Stehst Du also, dass Du keinen Grund zur Ver-</Unicode>
                </TextEquiv>
            </TextLine>
            <TextLine id="tr_1_tl_12" custom="readingOrder {index:11;}">
                <Coords points="736,2470 907,2453 1015,2488 1077,2456 1279,2476 1470,2453 1470,2344 1352,2359 1238,2332 1212,2356 1056,2324 804,2362 736,2329"/>
                <Baseline points="752,2442 758,2442 803,2445 847,2445 892,2445 937,2445 982,2445 1026,2445 1071,2445 1116,2445 1161,2445 1206,2442 1250,2442 1295,2442 1340,2442 1385,2439 1430,2439 1476,2435"/>
                <TextEquiv>
                    <Unicode>zweiflung hast.</Unicode>
                </TextEquiv>
            </TextLine>
        </TextRegion>
        <TextRegion id="tr_2" custom="readingOrder {index:1;}">
            <Coords points="740,2541 3086,2541 3086,3702 740,3702"/>
            <TextLine id="tr_2_tl_1" custom="readingOrder {index:0;}">
                <Coords points="742,2649 2227,2632 2294,2623 2297,2505 1754,2514 1634,2453 1241,2482 1135,2544 745,2497"/>
                <Baseline points="758,2603 779,2597 823,2597 868,2597 913,2597 958,2597 1003,2597 1047,2597 1092,2597 1137,2597 1182,2597 1227,2597 1271,2597 1316,2597 1361,2597 1406,2597 1450,2597 1495,2597 1540,2597 1585,2597 1630,2594 1674,2594 1719,2594 1764,2594 1809,2594 1853,2591 1898,2591 1943,2594 1988,2594 2033,2594 2077,2594 2122,2591 2167,2594 2212,2594 2256,2591 2301,2597"/>
                <TextEquiv>
                    <Unicode>"Also rate mir, was ich tun soll."</Unicode>
                </TextEquiv>
            </TextLine>
            <TextLine id="tr_2_tl_2" custom="readingOrder {index:1;}">
                <Coords points="748,2802 2893,2769 2893,2658 2397,2617 1176,2643 953,2725 748,2652"/>
                <Baseline points="764,2755 797,2752 841,2752 886,2755 931,2755 976,2755 1021,2755 1065,2755 1110,2752 1155,2752 1200,2752 1244,2752 1289,2752 1334,2749 1379,2752 1424,2749 1468,2749 1513,2749 1558,2749 1603,2749 1647,2752 1692,2749 1737,2749 1782,2749 1827,2749 1871,2749 1916,2749 1961,2749 2006,2752 2050,2752 2095,2752 2140,2749 2185,2749 2230,2746 2274,2746 2319,2746 2364,2743 2409,2746 2454,2746 2498,2746 2543,2746 2588,2746 2633,2746 2677,2746 2722,2746 2767,2746 2812,2746 2857,2746 2901,2752"/>
                <TextEquiv>
                    <Unicode>"Ah, da kommt mir ein Einfall. Doch zum Behufe</Unicode>
                </TextEquiv>
            </TextLine>
            <TextLine id="tr_2_tl_3" custom="readingOrder {index:2;}">
                <Coords points="731,2943 3078,2896 3078,2813 731,2805"/>
                <Baseline points="746,2901 758,2901 803,2898 847,2901 892,2901 937,2901 982,2901 1026,2901 1071,2898 1116,2898 1161,2898 1206,2898 1250,2895 1295,2898 1340,2898 1385,2895 1430,2898 1474,2895 1519,2895 1564,2895 1609,2895 1653,2895 1698,2895 1743,2895 1788,2895 1833,2895 1877,2895 1922,2895 1967,2895 2012,2898 2056,2895 2101,2895 2146,2895 2191,2895 2236,2895 2280,2895 2325,2895 2370,2895 2415,2892 2459,2892 2504,2892 2549,2892 2594,2892 2639,2892 2683,2892 2728,2892 2773,2889 2818,2889 2863,2889 2907,2889 2952,2889 2997,2886 3042,2889 3086,2889"/>
                <TextEquiv>
                    <Unicode>dessen musst Du auch wissen, wie es mit mir steht.</Unicode>
                </TextEquiv>
            </TextLine>
            <TextLine id="tr_2_tl_4" custom="readingOrder {index:3;}">
                <Coords points="751,3066 795,3086 857,3069 877,3080 889,3069 951,3101 968,3092 989,3104 1009,3092 1041,3098 1050,2969 1018,2975 974,2948 959,2957 933,2948 921,2960 865,2937 839,2948 819,2937 760,2940"/>
                <Baseline points="767,3057 785,3060 829,3057 874,3057 919,3054 964,3054 1009,3042 1053,3036"/>
                <TextEquiv>
                    <Unicode>"Nun?"</Unicode>
                </TextEquiv>
            </TextLine>
            <TextLine id="tr_2_tl_5" custom="readingOrder {index:4;}">
                <Coords points="757,3245 2532,3262 2928,3221 2931,3110 760,3080"/>
                <Baseline points="773,3197 788,3209 832,3209 877,3209 922,3212 967,3212 1012,3212 1056,3212 1101,3209 1146,3209 1191,3209 1235,3209 1280,3209 1325,3206 1370,3209 1415,3206 1459,3206 1504,3206 1549,3206 1594,3206 1638,3203 1683,3206 1728,3206 1773,3206 1818,3206 1862,3206 1907,3206 1952,3206 1997,3203 2042,3203 2086,3203 2131,3203 2176,3203 2221,3203 2265,3203 2310,3203 2355,3203 2400,3200 2445,3200 2489,3197 2534,3200 2579,3197 2624,3197 2668,3200 2713,3197 2758,3197 2803,3197 2848,3197 2892,3197 2939,3196"/>
                <TextEquiv>
                    <Unicode>Ich, mein lieber Freund, habe mich diesmal un</Unicode>
                </TextEquiv>
            </TextLine>
            <TextLine id="tr_2_tl_6" custom="readingOrder {index:5;}">
                <Coords points="725,3377 2969,3406 2969,3286 2673,3218 725,3315"/>
                <Baseline points="740,3376 782,3373 826,3370 871,3370 916,3367 961,3367 1006,3364 1050,3364 1095,3364 1140,3361 1185,3361 1229,3361 1274,3358 1319,3358 1364,3355 1409,3358 1453,3355 1498,3355 1543,3355 1588,3355 1633,3355 1677,3355 1722,3355 1767,3358 1812,3355 1856,3355 1901,3352 1946,3352 1991,3352 2036,3352 2080,3352 2125,3352 2170,3352 2215,3352 2259,3352 2304,3349 2349,3349 2394,3349 2439,3349 2483,3349 2528,3349 2573,3349 2618,3346 2662,3346 2707,3346 2752,3346 2797,3346 2842,3346 2886,3346 2931,3343 2976,3343"/>
                <TextEquiv>
                    <Unicode>geheuer dumm benommen. Ich bin noch nicht weiter</Unicode>
                </TextEquiv>
            </TextLine>
            <TextLine id="tr_2_tl_7" custom="readingOrder {index:6;}">
                <Coords points="731,3544 2928,3538 2989,3391 731,3432"/>
                <Baseline points="746,3534 758,3534 803,3528 847,3525 892,3525 937,3522 982,3522 1026,3519 1071,3519 1116,3519 1161,3519 1206,3519 1250,3519 1295,3519 1340,3516 1385,3516 1430,3516 1474,3516 1519,3516 1564,3516 1609,3516 1653,3516 1698,3516 1743,3513 1788,3513 1833,3513 1877,3513 1922,3513 1967,3516 2012,3513 2056,3513 2101,3513 2146,3510 2191,3510 2236,3507 2280,3507 2325,3507 2370,3507 2415,3507 2459,3504 2504,3501 2549,3501 2594,3504 2639,3501 2683,3501 2728,3501 2773,3504 2818,3504 2863,3501 2907,3501 2952,3498 2997,3501"/>
                <TextEquiv>
                    <Unicode>gekommen als ihr nachzustetgen und — von ihr aus</Unicode>
                </TextEquiv>
            </TextLine>
            <TextLine id="tr_2_tl_8" custom="readingOrder {index:7;}">
                <Coords points="728,3726 1883,3676 2274,3749 2482,3664 2998,3699 2998,3576 728,3603"/>
                <Baseline points="743,3692 764,3686 809,3683 853,3681 898,3678 943,3675 988,3675 1032,3675 1077,3675 1122,3675 1167,3675 1212,3675 1256,3675 1301,3672 1346,3672 1391,3672 1435,3672 1480,3672 1525,3675 1570,3675 1615,3672 1659,3672 1704,3672 1749,3672 1794,3669 1839,3669 1883,3672 1928,3669 1973,3672 2018,3672 2062,3669 2107,3669 2152,3666 2197,3666 2242,3666 2286,3663 2331,3663 2376,3663 2421,3663 2465,3666 2510,3663 2555,3663 2600,3663 2645,3663 2689,3663 2734,3663 2779,3663 2824,3663 2868,3660 2913,3660 2958,3660 3003,3660"/>
                <TextEquiv>
                    <Unicode>gelacht zu werden. Weiss ich, was mir diesmal im</Unicode>
                </TextEquiv>
            </TextLine>
        </TextRegion>
    </Page>
</PcGts>
