3352 4200
2783 427 2920 574 27
479 540 3050 721 „Wie genau Du das alles schon weisst," unterbrach Feld.
475 718 3022 930 „Als ich gestern in der Oper war, sprachen zwei Herren
479 868 3087 1043 über sie. Sie ist eine Waise, ganz jung, vielleicht sech
2383 991 3111 1197 "Keinen Schritt.
482 1019 1053 1203 zehn Jahre.
485 1179 3067 1357 "Das beweist noch nicht, dass sie tugendhaft ist," warf
2424 1313 2745 1487 treten.
1077 1323 1374 1504 G.H.F.P.
475 1330 1070 1511 Otfried ein.
472 1439 3101 1638 "Aber sie ists. Ihr könnt mir auf mein Wort glauben. Sie
482 1610 3169 1795 tsis. Nur einmal seht in ihre dunkeln Augen, nur einmaI..
2024 1778 2431 1969 G.H.F.P.S.
2427 1802 2561 1966 G.F.P.
472 1785 1850 1949 und dann seid Ihr überzeugt.“
513 1938 639 2027 G.C.F.P.
496 1935 3135 2130 "Dunkée Augen, das ist schon gefährlich,“ meinte Otfried.
2803 2092 3104 2250 G.S.a.t.
492 2096 2807 2318 "Ich rate Dir ernstlich, lasse Dich nicht ein. "
489 2232 3118 2410 "Du bringst mich in Wallung,Otfried", mahnte Fritz. "Ich
479 2451 3231 2622 bitte Dich deshalb, Deine unnützen Worte für Duch zu behal
503 2571 622 2646 818
485 2591 3114 2786 ten. Sie helfen mir und Dir nichts. Und endlich füllt ja
479 2786 3073 2978 diese "Sünde" nicht auf Dein Gewissen., sondern nur auf
472 2872 3073 3104 meines. Da sie mich aber durchaus nicht drückt, braucht
468 3091 3019 3251 sie Dich noch viel weniger zu drücken. ergo - aber ich
2708 3179 2947 3333 *B/1 10
482 3231 1942 3419 glaube,Du hast mich verstanden.
485 3350 3046 3593 "Du wirst einmal an mich denken," prophezeihte Otfried.
455 3514 3070 3720 Du gehorchst mir nicht, Du hörst nicht auf die Worte et
1405 3665 1518 3836 0 h
1549 3644 1798 3774 alles
