3464 4232
2773 331 2982 487 235
704 639 2833 857 "Und.... btst Mensch," fiel ihm der Poet einso
698 731 3069 928 wahr als schön ins Wort. Und beide vereint, schrit
713 901 2669 1087 ten die erleuchtete, breite Treppe hinauf.
716 1054 3081 1304 "Wie gesagt, lieber Kuno," sagte Losser, als sie im
716 1197 3110 1481 Vorzimmer die Hüte ablegten, "wie gesagt, ich ver -
707 1430 1442 1612 suche es nur. »
376 1448 537 1618 8/11
728 1487 3075 1737 "Du versuchts es, aber ich schwöre Dir," weissagte
710 1663 3054 1907 Strohmüller in prophettschem Tone, "Du wirst nie -
713 1812 2958 2066 mals mehr in jenen abgeschmackten Verein zurück
704 1991 3021 2149 kehren. Und wie Dir, wird es jedem ergehen. Die -
710 2122 3066 2284 serwird sich verlieben, jener wird der Sache über
722 2269 3125 2433 driüssig werden und heute übers Jahr wird der Verein
710 2427 2892 2603 Pudicitia von dieser Erde verschwunden sein. "
707 2594 2898 2836 Eben Öffnete ein Lahat die Türe und die let den
713 2713 3036 2994 Freunde traten in den grossen, lichterstrahlenden
2218 2866 2340 3051 1:0:
716 2955 1024 3113 Salon.
728 3000 2895 3236 Gerade als Loser und Strohmüller durch das Ter
728 3170 3122 3400 schritten, stand auch Kühle, eine Zigarett im Mund,
725 3304 3098 3630 die Augen in Gedanken zur Erde gerichtet, an einem
