3464 4328
2657 427 2791 622 96
669 713 3019 973 stimmen werde. Aber wo treffen wir uns?" So frag -
675 944 1151 1061 te Arthur.
681 1032 2981 1303 "Bet den zwet Raben. Meinst Du nicht? Um wie viel
669 1254 962 1438 Vhrp”
681 1350 2984 1593 „Wir sprechen noch; Falls dtes vor dem erst en Mat
684 1534 2996 1727 nicht geschehen sollte und das ist leider - oder
698 1666 2607 1900 verdammte Wagen - sehr leicht möglich...“
690 1856 1488 1981 "O weh, Arthur."
728 1941 2820 2163 "Nun, so schreib ich Dir halt. O wie wird das
696 2136 2993 2347 schön sein, wenn wir statt mit den Kollegen, resp.
696 2280 2832 2475 Kolleginnen zu gehen, zusammen die Landparten
698 2464 1444 2598 machen werden."
722 2613 2160 2785 "O wie herzig!" rief Fanni aus.
2659 2583 3054 2733 Je tst hin
2303 2604 2437 2756 son
736 2721 2838 2943 "Nach Haus, Famil, nach Haut,“ liess sich der
713 2917 1815 3110 kleine Fritz vernehmen.
728 3034 3016 3244 „Wart nur, wir gehen gleich nach Haus! Wetsst Du,
704 3197 2864 3408 Arthur, dass ich schon einen Arthürvalzer kom
722 3384 1423 3568 pontert habe?"
739 3501 2806 3729 "Pah," antwortete Arthur. "Ioh hab mindes me
