3512 4424
2603 479 2781 669 400
425 735 677 953 29/VI.
695 815 1777 979 ten hat?" fragte Falke.
1929 890 2164 1019 Meile
712 953 3019 1122 "Das ist Max Land," sagte N###e. "Persönlich kenn
709 1128 2319 1300 ich ihn nicht, nur vom Sehen aus.
692 1271 2859 1481 Max Land war ein etwa vierzehnjähriger Bursch,
703 1458 2836 1601 er hatte eine Nelke im Knopflich und eine wun
709 1573 2887 1725 derschöne Kravatte. Der Ausdruck seines Gesich
697 1754 1920 1911 tes war leer und geistlos.
703 1877 2902 2026 Unsere fünf Freunde sahen jetzt auf die Gruppe,
700 2049 2962 2187 zu der auch Titschl Schleichmann trat. Sie reich
700 2213 2922 2345 te Fannt und dann dem jungen Kränzlein die Hand
700 2319 2864 2477 welcher ein paar Schritte wie zufällig abseits
712 2500 2959 2652 trat und dort weiter mit ihr konversterte. Fanni
697 2663 2942 2787 hatte mit einem flüchtigen Blick Arthur bemerkt,
697 2795 2836 2991 lächelte und wandte sich wieder um. Ste sprach
697 2936 2979 3134 mit Land, der so geistreich lächelte, als es ihm
715 3085 2884 3243 nur möglich war; Fanni schien von seinen Reden
700 3223 2838 3415 nicht sehr erbaut, denn sie machte ein sehr ge
692 3387 2844 3579 langweiltes Gesicht. Plötzlich aber heiterten
700 3539 2922 3768 st ch ihre Züge auf; das Mädchen machte ein paar
