3528 4392
2737 534 2910 708 rere
737 746 2995 1048 durch ein leichtes Kopfnicken begrüsste und nah
731 963 1917 1151 men an ihrer Seite Platz.
746 1119 2519 1345 "Nun, wie gehts?" fragte die Linkmaus.
755 1289 2901 1468 "Schlecht, schlecht" erwiderte der Poet, "sehr
743 1424 1245 1586 schlecht.“
725 1524 2719 1768 Die Baronin lächelte. "Unglückliche Lieb?"
743 1706 2974 1888 "Unglücklich? Unglückselig, aldend, vernichtet."
775 1879 1612 2047 "Bedauernswerter!"
752 2023 1386 2220 "Sie spotten!"
749 2232 2878 2396 "Gott bewahre mich, ich bedaure Sie wirklich.'
772 2372 3001 2505 'Bin ich ich nicht zu bedauern! O, schöne, herz
737 2505 3001 2707 berückende Talma, wie lieb ich Dich Aber gnädige
728 2684 3080 2816 Baronin, können Sie mir nicht helfen, ken Wort für
731 2804 1465 2992 mich sprechen!“
755 2936 3115 3215 "Ich habs schon getan. Aber vergebens, lieber Stroh-
722 3112 1101 3300 miller.“
731 3286 3048 3409 "Ich werd mich doch noch in die Donau stilrzen mils
722 3421 2989 3600 sen. Haben Sie denn der Herzlosen nicht klar ge
719 3603 2948 3811 macht, dass ich alle meine früheren Freunde mit
