3368 4168
2563 497 2754 630 Esq
697 768 2945 1021 denselben Buchstaben wo anders zeigen. Was ist a
697 1015 1062 1212 jetzt?"
727 1127 2263 1327 "Nun, ein b, junger Herr, nicht?"
730 1256 2934 1483 "Aber nein, ein a. Derselbe Buchstabe bleibt im¬
712 1445 1533 1648 mer derselbe."
736 1612 1180 1754 "Ach so!"
742 1710 2616 1948 "Weiss Er jetzt also wie ein a aussieht?"
727 1913 1642 2089 "Nu, i matri schon!"
744 1969 2901 2251 "Das ht###r tst ein b. Seh Er sich das b an, ein
744 2166 3110 2419 schöner Buchstabe. Zeig Er mir jetzt ein anderes b!
1354 2360 1527 2475 G.H.F.
753 2392 1286 2539 "Wo denn?"
756 2489 1774 2731 “Nun, in dem Buch da.”
753 2616 3098 2857 "Hier." Und der pettschenbewaffnete Schüler zeigte
739 2798 1742 2966 auf einen Buchstaben.
771 2937 3116 3160 "Nein, das ist kein b," sagte der rauchende Lehrer.
765 3060 3007 3316 "Das hab ich mir auch gedacht,“ tröstete ihn der
750 3284 1183 3422 Kutscher.
783 3363 3054 3610 „Es wird doch schwer gehen, Ihm das betrübringen.
777 3560 2254 3734 Wie wärs, wenn ich Ihm vorläs?“
