3544 4376
2472 458 2662 657 340
624 743 2870 1037 ist uns wohlbehannt; es ist Hermann Fiedel, wel-
630 924 3004 1188 cher am Arme seine Geliebte, Albertine Tommen, filhr
648 1147 1711 1379 te. Er sah auf die Uhr.
648 1209 3040 1489 Es ist hohe Zeit," sprach er. Steh zu, dass Du Dich
657 1394 2873 1688 verliebst. Ahæ, was seh ich!“ Mit diesen Worten
692 1557 2499 1815 trat er zu Falke, den er eben bemerkte.
689 1688 3051 1937 „Wie gehts, mein Lieber?“ Dieser wies auf Estrella.
683 1821 2956 2098 Diese hatte ihre Blicke auch hergewendet, grüsste
707 2003 2965 2270 Fiedel durch ein leichtes Kopfnicken und trat zu
710 2142 3025 2404 Albertine Tommen, welcher sie freundlich die Hand
734 2288 3120 2570 reichte. Nelke sass allein vor seinem Glas Bier und
737 2451 3084 2701 sah finster vor sich hin. Da erschallte die Stimme
767 2751 3084 3031 „Wie wärs, wenn man zwei Tische zusammenrückte?He,
746 2731 1141 2873 Fiedels.
767 2900 3057 3194 Kellner! Rüchen sie mal die mei Tische da zusam-
793 3129 3051 3470 Von allen wurde dies Anerbieten freundlich ange-
775 3215 995 3334 men.
802 3402 2624 3643 nommen. Nun begannen die Vorstellungen.
823 3604 1664 3800 "Fräulein Tommen."
835 3768 1518 3931 "Herr Fiedel.“
841 3895 1801 4082 "Fräulein Estrella.“
841 4109 963 4213 "H
