3560 4376
2221 375 2413 528 !B28
1008 888 1813 1053 Zwölftes Kapitel.
1432 1038 2293 1164 Zu den drei Raben,
903 1543 2983 1807 Die Leser sind eben einer grossen Gefahr ent
591 1759 2911 2032 ronnen, indem ich nahe daran war, nicht allein zu
243 1693 345 1930 6
606 1909 2797 2185 erzählen, dass das Gasthaus "Zu den dret Raben"
627 2077 2950 2314 geradezu, wunderbar zwischen Wiesen, Wäldern, Ber¬
618 2212 2887 2425 gen und dergleichen liegt, sondern auch Betrach¬
633 2308 2896 2575 tungen über die falschen Rutnen anzuknüpfen, wel¬
633 2455 2980 2710 che die Gipfel der grünen, oft auch felstgen Berge
654 2599 3013 2875 zieren. Ich hätte mich und meine Leser gefragt, ob
645 2773 3037 3013 man diese Gebäude, die gleich als Ruinen aufgeführt
651 2905 2953 3181 sind, als Damut oder Hohn gegen die mächtige Zeit
660 3067 3052 3364 auffassen sollte. Sind Rutnen nicht Templ der Zeit?
660 3184 3082 3493 hätte ich eben so schön als rührend gefragt, gleich
681 3364 3061 3728 aber wieder anschliessend an diese Bemerkung geäus¬
