3528 4392
2699 447 2862 644 392.
1079 1096 1857 1270 Zweites Kapitel.
433 1731 831 1939 21. VII 77
763 1711 2896 2010 "Ah, Falke!” rief Sinnig. “Endlich wieder da!“
772 1945 2349 2204 "Servus Sinnig, erwiderte Arthur.
769 2062 3064 2361 "Wie kommst Du denn heute her? So viel ich weiss,
780 2281 2437 2517 ist heute Dein Vater nicht im Klub.
786 2375 2990 2623 "Teurer Sinnig, es kommt mir auch nicht richtig
792 2597 2899 2799 vor. Er war heute so eigentümlich freundlich,
783 2714 3001 2984 als er sagte: "Na, Du kannst heute in den Volks
800 2859 2933 3115 garten gehen." Es kommt mir, wie gesagt nicht
789 3090 1438 3292 richtig vor.”
820 3067 3030 3448 "Servus Falke," sagte Stelle, der eben mit Glut
814 3340 2611 3591 herangekommen war, "was machst Du da?“
826 3406 2990 3690 “Nun, ist das was so merkwürdiges, wenn ich da
