3384 4136
2649 345 2794 496 85
1113 554 1296 754 drin
673 664 2768 878 Es kommt doch vor von Gruss und Kuss.
673 829 2171 1032 Das ganze bleibt Geheimenuss. „
673 1000 2241 1188 Sinnig’Zettel enthielt folgendes:
710 1113 2989 1310 “Sprich was ist geschehen? Von wem ist der Brieft
684 1302 2800 1478 Sollte vielleicht.... doch nein! Ich bin sehr
681 1441 2018 1635 aufgeregt. Läutet es bald?”
684 1571 3012 1789 Ja es läutete und zwar eben jetzt, als Arthur Fal
690 1765 2603 1931 ke die Feder ansetzte, um zu antworten.
696 1907 2815 2076 "Also," sagte Mayer, "die vierte Stunde fällt
684 2041 2936 2232 heute wegen Chrankheit des Professors Kortk aus
670 2212 2864 2423 Aber weil Sie mal....“ die letzten Werte ver-
693 2354 3000 2557 schlang ein Trampeln und eine solche Unruhe, dass
684 2513 2389 2710 Mager wohl oder übel weichen musste.
696 2652 3009 2818 Sinntag und Fakke waren schnell aus der Klasse und
693 2797 2878 2986 draussen las ersterer den Brief Fannts. Er lä
713 2986 2910 3142 chelte und sagte zum Schluss: "Nun, ich gratu -
699 3119 2919 3299 ltere. Es geht ja excellent. Heute Abend, hoff
707 3273 2276 3476 toh, sehen wir uns im Volgarten.
722 3360 3020 3650 “Jawohl. Hol der Teufel den Wagen. Aber heute
