3448 4328
2489 441 2689 641 271
675 720 2902 991 "Servus, Fanni," schrieen sie einer nach dem an¬
653 930 2881 1082 dern, der dreizehnjährige Rudolf und der einige
653 1067 2923 1264 Jahre jüngere Jultus und Pept. Dann stürmten sie
665 1228 2938 1422 in das Zimm er und warfen die Hüte in den ersten
669 1413 1343 1574 besten Winkel.
675 1513 2559 1680 "Frau Ketles ist bei Wama," sagte Fanni.
702 1647 3017 1857 "So?" sagte Herr Floch-"nun liebes Töchterchen, wir
672 1817 2474 1975 wtr sprechen noch nach dem Nachtmahl.“
672 1972 3112 2136 Und damit ging er mit geräuschvollen grossen Schrit-
425 1908 535 2142 17
687 2142 2951 2331 ten zur Türe, die in das Zimmer führte, vom Frau
669 2309 2908 2443 Ketles und Madame Fleck eben aufstanden, um dem
690 2458 3036 2619 eben eintretenden entgegenzugehen.Derselbe reichte
693 2580 3048 2750 beiden Frauen wie abwesend die Hand und erkundigte
696 2744 3027 2914 sich mechanisch nach dem Befinden der Frau Keiles.
681 2872 2917 3036 Dann ging er bald rasch, bald langsam im Zimmer
687 3027 3096 3206 auf und ab, schüttelte missmutig den Kopf und blieb
696 3206 3096 3370 dann ein paar Sekunden beim Fenster stehen, um sei¬
687 3358 3093 3574 nen Zimmerspaziergang endlich wieder von neuem auf-
696 3555 1149 3735 zunehmen.
693 3659 3030 3914 Die liebenswürdigd Frau Keiles blieb zum grössten
