3480 4232
2536 455 2704 589 411
680 792 2862 1041 "Besser wenn einen jungen Burschen die Dunkel -
675 903 2833 1255 heit überrascht, als in Wien. “ Das sagte aber
860 998 986 1103 dort.
683 1086 2985 1401 der Kanzletrat nicht, sondern dachte es sich. Was
706 1238 2824 1541 er sprach war folgendes: "Von sieben bis acht
698 1389 2784 1652 kannst Du noch eine ganze Stunde lesen; dann
715 1558 2830 1850 fährst Du in die Stadt, gehst aber alsogleich
740 1690 2993 1995 in die Wohnung, ohne einen Schritt auf die Gasse
738 1887 2256 2138 zu tun — sonst weh Dtr. Basta. "
752 2113 1118 2296 "Papa?"
766 2238 1498 2439 “Arthur? Nun?”
772 2287 2479 2587 "Ich werde mich entsetzlich mopsen."
778 2401 2947 2713 "Du wirst Dich nicht mopsen, sag ich Dir - was
792 2561 2919 2859 ist das übrigens für ein dummer Ausdruck, was
792 2824 1767 3065 heisst denn mopsen?"
815 2910 3022 3202 "Mopsen heisst langweilen. Aber das bleibt sich
820 3090 2939 3348 gleich. Man kann gegen den Ausdruck sagen was
823 3213 2767 3511 man will, das Faktum ist unumstösslich. „
858 3353 3065 3636 "gunge, sei nicht arrogant, Du uirst fah ren und
849 3539 2970 3819 keinen Schritt an Abend auf die Strasse tun."
