3576 4376
2678 373 2854 561 377.
686 781 2959 990 Die Prinzessin sah ihm tief in die Augen. O, wie
692 925 2959 1109 wohllüstig ruhten die Blicke des Berggetstes auf
704 1086 2956 1268 den vollen Formen der Prinzessin. Beinahe durch
704 1244 2836 1423 sichtig umschattete der weisse Flor den schön
722 1396 3069 1560 gewölbten Busen, ein weiches Lächeln umspielte die
716 1512 2994 1721 sinnlich aufgeworfenen, roten Lippen und aus den
719 1709 2786 1915 Augen sprühte eine wunderbare, feuchte Glut.
719 1840 3111 2070 Berggeist warum entführst Du sie nicht, in Dein un¬
743 2010 3057 2180 tertrdisches Reich! Wie süss müsste es sein, wenn
731 2130 3069 2344 Du sie in den Armen hältst, wenn sie ganz in Det -
740 2300 2968 2493 ner Macht ist, der sie sich nicht ent-
743 2452 3045 2648 winden kann. Liebst Du den Berggeist, Patnzessin,
746 2595 3021 2798 dass Du ihn so ltebevoll anstehst und ihn mit so
767 2732 3161 2950 sanfter Stimme fragst, ob er Student ist? Also auch
767 2923 3075 3117 in dem untertrdtschen Reich gibt es schon Univer¬
767 3045 3081 3305 sitäten und die Berggeister studieren Philosophie
769 3233 3126 3427 und Jus...........O wie weit ist die Aufklärung ge-
781 3370 3099 3582 drungen! Die Gnomen werden Mitglieder der philo
781 3504 2953 3734 sophischen Fakultät. In unterirdische Mädchen
