3448 4248
2721 347 2917 561 234
676 609 2881 848 Ich Dirs nennen... so guter Laune, so antmiert.
652 787 2965 968 Mein Freund, ich will Dir etwas raten, xxx sei so
667 965 2884 1158 gescheit wie ich, nur mache nicht die Dummheit
676 1128 2805 1297 und warte so lange, bis man Dich auch aus dem
661 1225 3089 1412 Verein Pudicitia hinauswirft, komm nicht mehr dort -
661 1421 2633 1562 hin, sondern...doch Sie wir sind ja hier.
648 1571 2781 1752 Sie standen vor einem schönen Gebäude auf dem
2893 1532 3004 1719 be
621 1713 896 1879 Ring.
624 1822 3034 2009 Hier wohnt die Gräfin Adelatde linksmaus." erklärte
630 2003 2881 2166 der Poet. "Zu dieser komme ich heute das zweite
621 2139 2914 2316 mal. An bestimmten Abenden nämlich, sind hier Ge
624 2313 2763 2516 sellschaften, in denen es sehr lustig und unge
615 2482 2784 2645 niert hergeht. "Er schten etwas nachzudenken.
612 2627 2896 2775 "Auch sie ist da,"
618 2769 2881 2926 setzte er schmelzend hinzu, "und viele andre wun
609 2944 1381 3113 derschöne Damen.
591 3031 2878 3252 Loser schten sich bei den letzten Worten zu be-
615 3249 2859 3381 sinnen, dan sprach er: "Du Kuno, bist mein B Ver
591 3393 2899 3595 führer. ons. Ich bin für diesen Abend nich t mehr
579 3547 2099 3722 Mitglied des Vereins Pudicitia."
