3480 4360
2467 435 2644 613 33«
619 717 2991 986 fühle Ludwig Nelkes Herz bewegten, es ist nicht zu
637 874 2982 1125 schildern. Es war äusserste Gefahr vorhanden, dass
646 1078 2801 1297 er sich noch einmal in sie verliebte. Sie aber
649 1232 2973 1427 schien die Wahrscheinlichkeit ihres Sieges empfun-
649 1359 2961 1617 den zu haben, und reichte dem Geliebten rasch den
643 1519 2917 1744 Arm, während er stch mit einem Mal zu ihr herab-
663 1682 2970 1892 beugte und sie...trotzdem nicht küsste.Er war zu
678 1833 2932 2037 stolz dazu- er konnte nicht zurück, ohne bestegt
669 1957 3023 2182 genannt zu werden. Deswegen versuchte er ein recht
672 2123 2967 2331 finsteres Gesicht zu machen und sprach kein Wort.
681 2289 2988 2499 "Was tun wir jetzt?" fragte Estrella, nachdem ste
681 2449 3062 2627 einige Zeit auf der Landstrasse fortgegangen waren.
720 2570 3000 2789 'Es beginnt heiss zu werden.- Warum antwortest Du
684 2778 1093 2946 nichts?“
2014 2781 2108 2926 G.F.P.
690 2846 3032 3109 "Hier kommt ein Stellwagen, wir setzen uns hinein.
678 3080 1516 3269 Heda, aufhalten!"
684 3163 2964 3376 Der Omnibus blieb stehen und das Paar setzte
1253 3308 1413 3417 doch
696 3346 2961 3548 sich hinein. Hat' weder er noch sie bemerkt, wie
702 3506 2946 3693 der Estrella gegenübersitzende junge Mann plöts-
702 3625 2973 3814 lich rot wurde und seinem lächelnden Nachbar ei-
782 4119 888 4208 H
