3544 4392
2612 493 2791 662 371
689 769 2862 1045 ist es dem Leser behannt, wie die edeln Ballet
692 986 2933 1185 eusen sich auf diesen Abend freuten. Es kam näm
689 1161 2921 1380 lich in dem Stück eine Stelle vor, wo das ganze
701 1288 3073 1508 Balletchor den edeln Ritter Sigismund, den Norbert
718 1475 2847 1692 spielte, umschliessen musste, jedenfalls eine
710 1603 2895 1847 Stelle wie geschaffen für die lüsternen Ballet
718 1752 3090 1989 mädchen. Aber noch einer freute sich unendlich auf
739 1897 2906 2200 den Abend, das uar Fritz Falke, der einen Berg
745 2099 2877 2330 geist zu tanzen hatte, dadurch mit EstràIa in
751 2215 3117 2497 äusserst nahe Berührung kam, indem er ### sie, frei¬
757 2393 2992 2562 lich mit einigen andern im Verein, zu entführen
766 2541 2797 2731 hatte. Aber ihn kannte sie, ihn liebte ste!
760 2690 3141 2883 Das Haus bot einen prächtigen Anblick. Jeder Platz
766 2811 3052 3037 war besetzt. In einer der Parterre -Logen konnte
775 2987 3141 3194 man die Baronin Adelatde Linkmaus bemerken, welche
790 3099 3120 3331 sich unterdessen noch ganz allein auf them Sessel
808 3298 2990 3497 breit machte. Eben wurde die Türe geöffnet und
445 3343 692 3545 3 VII
808 3465 3093 3655 zwet Herren traten ein. Es waren Strohmüller und
802 3562 3188 3853 Loser. Sie verneigten sich vor der Baronin, die
