3464 4296
2732 394 2868 559 55
460 569 3050 771 Da diese Rockschösse! Das heisst, eigentlich der Frack,
476 761 2878 933 den sie angehörten. Dieser Frack!.. Der hatte seine
480 919 2897 1082 Geschichte, wenn auch in unsern Tagen eine nicht zu
490 1072 2924 1234 seltene Geschichte, so doch eine Geschlehte, auf die
486 1197 2970 1455 sich seine schwarze Herrlichkeit nicht wenig einzubil
2669 1310 2977 1406 muller
480 1389 2967 1561 den achten. Sie ist schnell erzählt. Kuno Strohberger
476 1545 3056 1700 war einst verliebt, wie wir sohen früher erwähnt haben.
470 1687 3086 1849 Rosalte Fischlich war die Tocher eines Herrenschneiders
483 1839 2937 2014 und mit dem Sohn einer Damenschneiderin verlobt. Als
499 1988 2901 2196 eich nun unser Poet den ersten — bis jetzt auch den
493 2166 2983 2332 letzten - Frack machen liess, war es die Firma Fisch¬
483 2299 2983 2464 lich und Rether, bei der er denselben bestellte. Hier
493 2414 3149 2620 hatte er Gelegenheit Rosalte kennen zu lernen, hier lern
470 2606 2964 2795 te er sie leeben, hier sprach er sta, hier var es, wo
509 2745 2874 2924 er das erste Rendez-vous mit thræverabredste, ohne
513 2927 3083 3083 zu wissen, dass sie verobt sei. Sie trafen s toh im Pra
513 3083 2878 3231 ter, der Verlobte traf aber auch beide zusammen im
503 3238 2821 3400 Prater. Der Verblobte forderte den jungen Stroh
506 3354 3122 3592 Müller, aber als sie beide den Trig der schönen Rosalte
529 3552 2997 3747 durchschaut hatten, versöhnten sie sich. Am nächsten
238 3582 493 3794 10 I 74
