3576 4424
2928 416 3120 590 399
837 711 3061 932 merkte er jedes Lächeln Kränzleins oder Fannis.
849 923 3220 1100 Er sah, dass sie sich trefflich unterhielten, das
846 1073 2952 1244 Josef wie zufällig das schöne Mädchen ab und
864 1224 3025 1404 zu berührte, Räher und näher an sie herantrat.
855 1371 3135 1572 Das trieb ihm das Blut in die Wangen und in sein
867 1530 3040 1696 eifersüchtiges Brüten versunken, wusste er gar
873 1690 2958 1875 nicht, dass Sinnig und die andern Käuze xxxoet
876 1822 3152 2005 Schritte hinter ihm standen. Dagegen sah er, wie
885 1996 3114 2173 ein anderer Bursch zu Fanni trat, eine Nelke in
885 2135 3164 2338 der Hand und sie dem Mädchen anbot. Sie nahm sie
893 2265 3105 2465 und nichte leicht und wollte sich die Blume vor
896 2436 3031 2624 die Brust stecken. Als sie einige Augenblicke
905 2589 3081 2787 herumgenestelt hatte, ohne dass sich die welke
908 2751 3046 2928 befestigen wollte, nahm sie Josef und steckte
908 2907 3084 3096 ste selbst der errötenden Fanni vor den Busen.
902 3034 3149 3211 Arthur zog die Stirn in finstre Falten und dreh
917 3211 2949 3373 te stch um. "Sieh hin," sagte er zu Sinnig.
929 3382 2660 3541 "Ich habs gesehen," erwiderte dieser.
949 3512 3037 3727 „Du, kennst Du den, der ihr die Nelke angebo
