3352 4216
2568 452 2715 585 32
411 585 2852 859 sen jungen Leuten stellen ein grosses Kontingent die
401 746 2979 955 Backfische, ein Euphemismus, für die weiblichen Flegel
411 921 3064 1157 jahre, wie ja den zarten Nerven des weiblichen Geschlech
418 1089 3023 1287 tes überhaupt alles versuckert und versüsst werden muss.
401 1215 3075 1445 Doch wohin komme ich! Das übrige Publikum will ich weiter
411 1356 3020 1592 nicht beschreiben. Uns gehen vorderhand nur die oben be
425 1554 3047 1736 sagten beiden Gattungen an, die auch heute an dem oft er
421 1688 3033 1873 wähnten milden Märzabend im Volksgarten vertreten waren.
407 1815 3146 2034 Beim Theseustempel stand eine Gruppe von mehreren vierzehn
425 2017 3047 2181 bis sechzehnjährigen Gymnastasten und Realschülern. Unter
428 2136 3081 2318 den erstern befand sich Arthur Falke, der Bruder des Stu
2801 2297 2900 2410 G.C.P.
431 2287 2537 2492 denten Fritz und Sohn des Kanzletrats Falke.
442 2465 3027 2633 „Wie viel Uhr ists," fragte derselbe mit einer gewissen
418 2626 2886 2784 Melancholie im Ton, " mene Uhr steht schon wieder. "
445 2732 2951 2938 "Es ist halb sieben vorüber," antwortete Moriz Sinnig,
431 2941 3037 3119 der beste Freund Arthurs, ziemlich gereizter und empfind
435 3068 2876 3253 licher Natur, im ganzen aber eine gute, edle Seele.
445 3215 3201 3461 „Gleich dreiviertel sieben“, warf der joviale Jaques Steile
442 3386 3164 3578 ein, ein fesches Wiener Kind, der den Hut immer schief trug
445 3516 3116 3766 und in einen ungemein wienerstehen Jargon redete., was x
496 3759 825 3996 le reste
