3512 4424
2451 494 2646 668 398
529 742 2610 1041 Und am Ende, ich weiss ja auch schon bei den
514 952 2191 1165 Mädels ein bisschen zu reussieren."
550 1085 2693 1301 "Ja, wozu ist denn das so unumgänglich nötigs"
568 1221 2667 1469 "Aber natürlich ist es notwendig. Wenn man so
538 1398 2690 1593 einen Bruder hat. " Wie schon ervähnt, war Jo
553 1561 2102 1774 sef auf seinen Bruder stolz.
565 1691 2776 1913 "Ah, da kommt die kleine Fanni!" rief Kränzlein
565 1948 763 2084 aus.
597 2007 2776 2256 'So muss ich Dir für heute servus sagen," ver -
565 2140 2693 2362 setzte Falke, gerade heute, wo möglicherwetse
568 2356 2921 2510 mein Vater hier ist, möchte ich nicht gern mit ihr
576 2545 1768 2699 zusammentreffen. Servus. "
591 2684 2714 2829 "Ah so," machte Kränzlein und lächelte xx ver
576 2805 2885 2995 schmitzt. Jetzt ging er Fanni entgegen, begrüsste
582 2980 2838 3140 sie und blieb mit ihr an den Stufen des Theseus
591 3190 1301 3302 tempels stehen.
582 3190 2820 3480 FaIke stand ganz allein, mit verschränkten Ar -
443 3270 547 3453 28
579 3403 2956 3577 men nicht wett von ihnen, unausgesetzt ruhten sei -
588 3571 2885 3763 ne Augen auf den beiden. Mit finsterer Miene be
