3432 4328
2735 520 2923 676 253
737 858 2262 1016 zum Enthusiasmus geneigte Falke.
743 999 2987 1143 "Ah, Sie da, Norbert," sagte mit einemmal Fiedel
740 1125 2946 1354 dem Angeredeten entgegengehend und ihm die Hand
737 1278 1175 1466 retchend.
746 1434 2908 1580 "Wie finden Sie heute meinen Kollegen?" fragte
723 1580 2929 1736 Norbert, ein wegen seiner Schönheit sehr xxx
737 1757 2902 1930 ter Schauspieler, indem er auf Katharina Rank
723 1906 2650 2047 wies, die von einigen Herren umringt war.
737 2042 3070 2215 "Sie ist wie immer die Königin," erwiderte fiedel.
764 2209 3055 2359 "Bie Talma sieht heute wunderbar aus. Wie stel Uhr
723 2344 3026 2529 haben Sie? Es ist hette noch ungemein gespreizt.“
755 2491 2946 2700 "Es fehlt nicht viel auf Mitternacht Es könnte
723 2653 2512 2805 wirklich schon etwas freier hergehen."
728 2788 2964 2955 In der Linkmaustana bestand die treffliche Ein-
726 2976 2955 3137 richtung, dass genau um Mitternacht die Beleuch
720 3087 3084 3278 tung bedeutend geschwächt wurde, die übrigen Türen
717 3252 2961 3434 geöffnet wurden und hiedurch der Zugang zu
720 3419 3026 3610 einer ziemlich grossen Menge kleiner Gemädter,
708 3604 3032 3763 die in lauschtges Halbdunkel gehüllt waren, offen
