3544 4376
2570 447 2754 613 330
818 767 2591 978 Früh auf dem Südbahnhof. Ewig Ludwig.
830 921 3099 1105 Sie war freidepochenden Herzens hingekommen. Sie
843 1096 3044 1265 fand Nelke in der Vorhalle langsam hin und her-
852 1226 3231 1428 gehend und reichte ihm beide Hände entgegen. Ludwig
855 1371 3083 1576 fasste sie zöger und. Er seufzte ein klein wenig.
861 1501 3144 1697 "Was hast Du?” fragte sie erschrocken, Worte, de¬
849 1670 3135 1869 nen man insofern eine weittragende Bedeutung bei¬
855 1782 3159 2005 legen muss, als sie die ersten sind, die Estrella
870 2017 1987 2171 in diesem Roman spricht.
873 2150 3201 2295 "Lass uns offen reden," erutderte Nelke. Er reich¬
879 2292 3180 2449 te ihr den Arm, den sie eiligst nahm; er aber zog
885 2428 3310 2627 thn plötzlich wieder zurück, während sie den Gelieb-
882 2615 1872 2769 ten verwundert ansah.
891 2739 3168 2905 "Es ist zu Ende," sagte er mit gepresster Stimme.
900 2926 1749 3071 „Was ist zu Ende?"
900 3044 3213 3207 „Wir gehen heute zum letzten Male so freundschaft-
891 3201 3228 3382 lich mit einander herum- das letzte Mal fahren wir
891 3337 3283 3527 zusammen nach Mödling- ich beschwöre Dich, höre auf
894 3524 1637 3690 mich zu lieben.
894 3648 3207 3829 Eine lange Pause entstand, bei der andre gewiegte
