3464 4168
620 531 786 682 ges.
640 747 2876 1038 "Junger Herr, xxx viel ist halt zu viel,, ich kehr
640 973 845 1171 um. “
652 1064 2849 1260 "Da macht Er mir nur ein Vergnügen." Bet diesen
643 1213 2906 1456 Worten rieb Arthur Falke das vierte Schwefelholz
652 1408 1921 1568 an des Kutschers Rücken an.
667 1509 3009 1732 “Wie lange will denn das der junge Herr weitertrei¬
664 1663 2965 1892 ben? " fragte der Rosselenker, dem schon das Blut
676 1883 1530 2087 ins Gesicht stieg.
697 1969 2974 2215 "Nun, bis eins anbrennt, denk ich," erwiderte der
700 2111 3042 2375 andre seelenruhig und wollte soeben das fünfte auf
700 2262 2909 2499 dem Rock des Kutschers anretben, als dieser, in
700 2422 3087 2639 Zorn gebracht, wütend mit der Peitsche knallte, die
700 2580 3021 2787 Pferde im Galopp weiterrannten und Arthur auf den
709 2671 3075 2959 Sitz zurücksank, um durch die Erschütterung gleich
726 2897 3066 3110 wieder aufzufahren. In fünf Minuten was er der Wa-
735 3033 2843 3267 gen betm grossen Neuwaldegger Park angelangt.
726 3178 3039 3428 Freundlich lächelnd, als ob nichts geschehen wäre
735 3321 3004 3564 stieg der Gymnastast aus, mit der Pfeife im Mund
753 3502 3039 3724 und dem Buch in der Hand, das mit einem sehr fri¬
