3464 4376
2554 371 2733 527 ur.
736 665 2407 883 schliesst sich absolut nicht dazu.“
727 823 2979 1036 Der Vorhang ging auf. Ein wohllüstiges Bild bot
742 1012 3116 1174 sich den Augen der Zuschauer dar. Estrella, in ei -
742 1129 3146 1320 nem noch weit verführerischen Kostüm als im ersten
727 1263 2931 1494 Akt, lag träumerisch hingegossen inmitten noch
739 1476 2979 1647 verführerischer bekleideten Elfen und Feen. Was
751 1611 3072 1799 sich Nelke dachte? - Ich weiss es nicht; aber ich
748 1748 2931 1937 weiss, dass ihn der liderliche junge Bruch un-
748 1946 3027 2108 verschämt lächelnd am Arm drückte und der Profes
748 2036 2997 2245 sor dabet über und ilber rot wurde. In diesem Au
748 2209 2982 2404 genblick befanden sich wenige in der jungen Män
748 2359 3069 2548 nerwelt, die im Theater versammelt war, die nicht
763 2524 3057 2712 ein Gefühl gegen Estrella empfanden, das der Lie
760 2643 3102 2880 be mindestens sehr verwandt ist. Der kleine Kränz
742 2805 2859 3033 lein, so wurde er zum Unterschied von seinem
760 2967 3012 3164 ältern Bruder Jultus genannt, sah mit dem gewis
754 3140 2934 3323 sen verschmitzten Lächeln auf die kleineFanni,
760 3257 3042 3509 die in Begleitung der grossen Fannt, des grossen
748 3452 3084 3640 Kränzlein und der ältern Ritter in der Loge sass.
