3448 4328
2667 488 2862 704 243
683 841 2955 1021 dass Sie mich bis jetzt nicht lieben, glaube ich
677 994 3078 1117 auch bemerkt zu haben; bis jetzt sage ich; denn ich
686 1132 2952 1344 hebe die Hoffnung nicht auf, einst das Gegentetl
674 1293 2949 1443 sagen zu können. Wenn Sie mir aber, ohne mich zu
677 1446 3048 1620 lieben einen Gefallen tun wollen - der Ihnen durch
683 1581 2796 1763 aus nicht schwer ankommen wird - wollen Sie!“
698 1742 2748 1928 "Nun, lassen Sie doch hören," lächelte Talm.
698 1892 2973 2090 "So filhren Sie mich, wie auch diesen Herrn, mei -
677 2033 3036 2164 nen Freund - Sie sehen, er ist feuerrot - in die
677 2126 2898 2314 Linkmausiana ein und stellen Sie uns der Gesell
686 2359 2973 2467 schaft, wenn ich Sie bitten darf, als zwei junge,
680 2473 2928 2629 reiche Sonderlinge vor......doch Sie sohetren la
698 2596 2886 2775 chen zu wollen, mein Fräulein,“ sagte er plötz
686 2838 2464 2934 lich zu Talma, die schnell antwortete.
704 2886 3009 3093 "Ich lache zwar über Ihre sonderbare Idee, nichts
692 3128 2982 3230 destoveniger bin ich bereit. Und ist es wirklich.
692 3263 3048 3419 nur die Liebe zu mir, die Sie dazu antreibt in die
677 3440 1835 3542 Linkmausiana zu treten!"
701 3551 2988 3685 „Gewiss. Ich suche nur Gelegenheit Sie zu sehen.“
