3496 4392
2497 604 2678 728 adere.
656 892 2781 1133 sammen. "Siehst Du," sagte er und drückte den
653 1061 2965 1283 Freund krampfhaft heftig am Arm. Sie sprachen bet
667 1197 2934 1378 de nichts mehr und machten sich auf den Weg nach
662 1401 2839 1539 Hause, sobald die beiden Fannis und die bei den
653 1542 2934 1714 Kränzlein im Dunkel verschwunden waren. Erst als
670 1708 2908 1861 Mortz an der Tür des Hauses, in dem Arthur wohn
679 1815 2870 1993 te, dem Freund Lebewohl sagte, wiederholte die
687 1973 2850 2151 ser den Gruss und ging mit schnellen Schritten
690 2100 2813 2344 die Stiege hinauf. Zur selben Zeit sagte eine
687 2272 2862 2433 tiefe Bassstimme: "O toh liebe, ja, ich liebe.
685 2402 2842 2643 Die tiefe Bassatimme sagte das einem Manne mit
696 2600 2856 2813 langweiligen Augen und blonden Schnurrbart und
702 2727 2721 2919 die tiefe Bassstimme war die Stimme Losers.
699 2899 2922 3109 Wen er liebte?... Das flüsterte er leise seinem
702 3075 2111 3270 Begletter ins Ohr so letse....
708 3098 2963 3391 Ob sie ihn wieder liebte, fragte er dann, was er
713 3385 1312 3567 Wohl glaubet
716 3477 2856 3670 Und da schüttelte der Begleiter zweifelnd den
713 3705 2111 3900 Kopf...Wer weiss, wer veiss!
