3464 4392
2681 574 2862 737 3898
702 955 2818 1156 einer unterirdischen Kneipe zu kommen, so er
702 1089 2911 1293 hitzt und gerötet war sein Gesicht. Arme Elfen,
710 1258 2885 1438 rettet Exxxag euch — nein, schon sind sie euch
716 1424 2844 1610 auf den Fersen und umschliessen die schlanken
713 1572 2996 1721 Taillen - und ihr macht doch so fröhliche Gesich
722 1712 3066 1901 ter, Elfen - die Prinzessin strahlt ja beinahe vor
725 1895 3016 2050 Seligkeit und gerade der Berggeist, der sie um -
728 2017 2911 2201 schliesst ist von ungeheuerer Kraft; er umarmt
737 2131 2996 2367 sie so stark und drückt sie so fest an sich, als
725 2320 3051 2492 wollte er sie auch allen andern Berggeistern ent
742 2472 2903 2678 reissen und noch hinter den Koulissen lässt er
751 2664 2879 2798 sie nicht los und in der dunkelsten Ecke erst
745 2792 2975 2955 wird seine Umarmung sanfter, seine Lippen ruhen
751 2955 3045 3124 auf den weichen Lippen der Prinzessin. "Du Süsse,
739 3092 1525 3278 Liebe, Helde....
780 3220 2900 3406 "Geliebter...." und sie schliesst ihn mit den
763 3400 3074 3595 schönen, vollen Armen enger undmenger an den wir
760 3560 3051 3817 men, weissen Busen, der unruhig wogt und von dem
