3560 4376
2471 504 2668 693 316
644 732 2884 1021 "Detne Liebesaffaire, lteber Arthur! Ks. ks. Ja¬
626 1003 2993 1149 wohl! Stelle Dioh nicht so unschuldig, glaubst ich
632 1143 3030 1322 weiss allein, dass Du so was hast!! Die ganze Schul
617 1291 3024 1480 weiss, Du hast so ein Techtel-Mechtel. Und gleiches
617 1468 2875 1614 mit gleichem— ich deckte Dirmein Geheimnis auf,
626 1604 1820 1787 folglich tu Du dasselbe.“
653 1741 1750 1954 "So höre," begann Falke.
629 1899 2404 2094 "Lass mich erzählen," warf Sinnig ein.
644 2097 2926 2243 "Was fällt Dir ein, teurer Moriz; Weizen, hör mir
614 2224 845 2385 zu.”
629 2337 2923 2577 "Ich kann die Geschichte objektiv erzählen," fiel
608 2534 1601 2698 Sinntg von neuem ein.
626 2641 2902 2814 "Der Betetligte soll erzählen," entschied Wetzen.
620 2859 2954 2984 "Nun," begann Falke, "heut vor einem Jahr zog vis¬
611 2954 2963 3127 a-vis von uns die Familie Floch ein, bestehend aus
608 3151 3045 3270 kann, Weib, drei Sprösslingen männlichen Geschlechts
696 3273 2082 3452 und einem reizenden Mädchen."
632 3416 2878 3577 "Du kannst Dir denken," unterbrach Stnnig, "dass
593 3555 1112 3795 Arthur..."
