3480 4344
2417 298 2617 492 274
583 656 2833 868 auf den Teller fallen. Wilhelm, der Eben mit der
577 817 2802 999 Hand Takt Schlug und den Kopf dazu hin und her-
586 993 2821 1157 wiegte- er komponierte offenbar in Gedanken ein
583 1129 2884 1339 Lied oder dergleichen- und Fanni, die, dumpf über
604 1266 2939 1500 threm Teller frütend, mechanisch ihr Mahl verzehr-
607 1427 2948 1609 te, fuhren erschreckt auf und der ltebe Mann hielt
604 1591 2915 1797 dem ungeschickten Sohn eine total unverständliche
610 1779 1233 1952 Strafpredigt.
598 1892 2827 2098 Doch wie alles vorübergeht, so ging auch dieses
607 2053 2894 2216 Nachtessen vorüber. Die Kinder wurden in ihre Ge-
601 2186 2927 2386 mächer geschickt und Herr Floch freute sich schon
616 2347 2963 2517 ungestört mit seiner Frau sprechen zu können. Aber
629 2490 2887 2705 er hatte die Rechnung ohne Madame Ketles gemacht
622 2639 2887 2869 und bemerkte mit Grausen, wie sich diese mit der
622 2799 2936 2954 liebenswürdigsten Miene von der Welt auf das Sofa
622 2948 2857 3112 niederliess, um sich mit der Frau des Hauses in
635 3088 3009 3310 eine Diskussion über die verschiedensten Dinge ein-
632 3297 1075 3483 zulassen.
1202 3328 1339 3431 G.C.P.
629 3434 3070 3647 Etne halbe Stunde verging, wieder eine halbe stunde,
