3416 4328
2567 484 2746 648 121
668 804 2680 974 Miene spazieren geht und dabei Mitgléed d«
686 988 1781 1138 Vereins Pudicitia ist?"
671 1135 2945 1299 Strohmüller wurde marmorbleich. Sein Schnurrbart
686 1314 1395 1446 stand zu Berge.
680 1420 2994 1570 Falle sprach mit scheidender Stimme: "Ausstossung
686 1605 2518 1740 aus dem Verein, Schande und Verachtung.
700 1709 2948 1856 "Also, Herr Kuno, Strohmüller, Sie hören mal, was
686 1913 2933 2037 man sacht. Das ist Ihr Urteil! Ja, meine Herren,
697 2046 2979 2170 dieser Poet ist es, welcher in später Nachtstunde
686 2213 2899 2342 mit einer zärtlichen Miene und einer gärttlichen
686 2368 2299 2484 Ballettänzerin spazieren wandelt."
674 2484 2950 2645 Allgeme tnes Ah des Erstaunens. Strohmüller stnkt
694 2654 1781 2801 kraftlos auf den Stuhl.
697 2786 2803 2930 "C Kuno," presst es sich aus der Brust seines
689 2965 2858 3123 Freundes Loser, "Kuno, was hast Du mir getan!"
709 3100 2956 3262 "Also, er hat mich mal nicht bemercht, weil sich
697 3250 2861 3406 eben seine zärtliche Miene auf das Antlitz der
692 3414 2939 3607 Ballettängerin herabbeuchte; ich ohdaube sie ha
703 3567 1660 3720 ben sich chechüsst."
