3480 4280
2621 405 2790 659 407
699 742 2815 1070 geschooren haben, so sag ich selbst: Ich habe
687 904 2964 1238 meine Wette verloren und Sie haben auf ewig Ruhe
696 1098 2867 1381 von mir. Wenn Sie mir, das aber nicht schwören,
707 1249 2967 1540 wenn Sie stumm bleiben wie bis jetzt, dann weiss
733 1438 2798 1646 ich, Sie lieben mich und ich umarme Dich und
727 1532 2944 1771 küsse Dich und liebe Dioh so heiss, wie Du mich
733 1697 2875 1934 liebst.....Sprech em Sie jetzt, aber hüten Sie
750 1837 2918 2082 sich vor Meineid. Sie sprechen nicht? Also Sie
750 2077 2188 2253 lieben mich - Du liebst mich!"
804 2188 2930 2408 "Ich habe meine Wette verloren," sagte sie und
773 2311 3069 2544 das sagte sie so halt, als spräche sie gerade das
787 2430 3075 2687 Gegentetl. "Nun, haben Sie mich nicht verstanden)
790 2573 2969 2878 Und dabet blieb sie so ruhig liegen, als sagte
802 2838 2524 3007 ste das gleichgiltigste von der Welt.
793 2852 3027 3169 Kühle war stumm dagestanden. Als aber plötzlich
819 3123 2941 3315 Ihre Züge welcher und weicher wurden, als sie
813 3295 2967 3500 lächelte und ihre Augen ihn liebevoll anschen,
824 3432 3038 3674 da lag er zu thren Füssen und zog ungestüm thre
819 3603 2964 3794 Lippen an die seinen. Und dann traten sie zum
