3400 4264
2861 414 2975 555 am
2828 543 3017 687 G.H.F.P.
1355 480 1892 741 Il me tres
915 534 1071 735 G.C.F.P
672 651 3029 891 hin durch Dich schickte. Sie hat mein Portrait ge
684 834 2909 1053 zeichnet und der Mattilde Lieben gegeben, die hat
675 978 3089 1220 mich gleich erhannt, hat das Portrait in der ganzen
678 1146 2948 1334 Klasse herumgesandt, jeder in ihrer Schule würde
684 1289 3044 1481 mich hennen, wenn ich hinhäme. Ich sollte bald wie
702 1409 3047 1670 derkommen, soll ihr oft schreiben. weiss der Teufel
693 1640 1433 1829 was noch alles.
2630 1619 2990 1793 Monsieur, le
726 1802 1442 1973 „Und zuletzt.?“
2582 1778 2672 1916 G.F.P.
735 1886 3134 2129 "Jetzt hat sie mich den Pept Ritter vorgestellt, der
714 2057 3110 2258 sie immer hü lesen will, Du weisst - sie hat mir schon
723 2243 2519 2417 einmal von ihn erzählt - Du wisst ja.
744 2384 2012 2585 Ja, ja toh erinnere mich.
762 2504 3152 2747 Wür ich nur erst so weit, dass ich etc küssen könn-
744 2678 2957 2858 te,“ seufste Arthur. “Ja richtig,” fuhr er dann
744 2777 3128 3032 fort, indem sich sein Gesicht plötzlich erheiterte.
741 2981 2966 3221 Fir haben etwas ganz Köstliches verabredet. Ich
762 3158 1988 3395 sag Dir gottvoll wird das.
771 3335 1253 3539 "Nun vast"
1493 3338 1745 3509 G.F.S
786 3446 2957 3721 “Du weiset wir machen den ersten Mai eine Land
