3560 4360
2462 497 2638 725 305
655 843 3069 1089 Ste brausten im Waggon davon, Sinntg und Falke sah¬
679 1010 2993 1243 en zum Fenster hinaus, Falke träumte schon
682 1161 3051 1359 von sechs Uhr abends- um diese Zeit wollten er und
679 1349 2565 1556 Fanni sich bei den "Dret Raben" treffen.
694 1456 3099 1701 Wie im Nu war der Zug in Mödling angelangt. Nun be-
701 1625 3020 1856 gannen sie zu marschteren, hühle Morgenluft wehte
713 1744 3151 1983 um sie, Arthur aber hatte das Gefühl, als würde er
725 1971 1995 2147 sich im Wirbel herumdrehen.
746 2068 3142 2305 "Hast Du schon geraucht, Falkel" fragte ihn ein Kol¬
728 2296 986 2471 lege.
755 2447 1074 2632 "Nein."
761 2565 1965 2760 "Da hast Du eine Zigarre."
737 2732 2226 2908 Arthur steckte sie in den Mund.
773 2835 3066 3063 "Also Falche, ich will Ihnen mal die Ztgarre ent-
770 2960 3130 3224 reissen," drohte Mager, und während Arthur ein En-
779 3114 3136 3348 de im Mund hatte, nahm Mager das andre in die Hand
773 3308 3105 3533 und zog daran, doch statt dass es ihm gelang, sie
782 3445 3066 3654 wegsureissen, wurde die Zigarre immer länger und
782 3615 3069 3842 länger wie ein Balken und einige Kollegen Falkes
804 3785 2884 3960 schwangen sich um sie in Purzelbäumen herum.
