3576 4376
2499 517 2685 639 hi7
675 753 3028 1021 "Schwetg einmal!" brach Falke los,“Du brauchst kei
663 968 2529 1150 nen Komentar zu meinen Worten zu geben.
684 1066 2935 1356 "Na, reg Dich nicht auf," beschwichtigte Sinnig.
684 1251 3001 1481 Wie gesagt," fuhr Arthur fort, "das Mädchen hiess
690 1436 1789 1616 Farnt und war retzend."
702 1514 3016 1810 "Sie hat eine grosse Nase," unterbrach der unver¬
699 1774 1556 1938 besserliche Moriz.
705 1848 2930 2081 „Das ist nicht wahr!" brauste Falke auf.“Sie hat
720 2043 1956 2249 blonde Haare und—und--"
729 2162 2365 2377 "Graue Augen," ergänzte der andere.
744 2317 3085 2508 "Meinetwegen, sie ist wunderschön und Du beneidest
723 2458 3049 2691 mich nur. Kurzum, sie wohnte vis-a-vis, mein Papa
738 2628 3139 2816 bemerkte nichts von unserm Einverständnis- das sich
738 2786 2267 2983 in kurzer Zeit entwickelt hatte.
761 2882 2980 3124 "Aber wie?" fragte Weizen, "Du machst das gar zu
741 3127 1329 3303 schnell ab.”
767 3198 3022 3431 „Wir kamen oft in den Volksgarten und da wir uns
759 3360 3121 3589 beim Fenster oft gesehen hatten, lächelten wir un-
753 3491 3115 3787 willkürlich. Sie ging stets mit ihrem kleinen Bru-
