3480 4344
2583 525 2762 734 359
672 810 2991 1062 Himmel! Das allerchristlichste Gefühl war stärker
693 1024 2325 1247 in ihm erwacht, denn je. Er liebte.
678 1165 1470 1371 Er liebte....
681 1344 1327 1509 Er liebte....
672 1512 3014 1635 Ja, er liebte! Jene reizende Gestalt, de vor ihm
696 1638 2970 1787 stand, hatte sein "in den besten Jahren" stehen
696 1796 3035 1955 des Herz entzündet, ein verzehrendes Feuer durch -
710 1964 2882 2125 glühte seinen Busen und eine edle Röte überzog
699 2090 3049 2278 sein Antlitz. Er hörte wie die Gestalt zu sprechen
1098 2280 1242 2386 G.F.P.
696 2251 1030 2413 begann.
701 2363 2961 2615 "Ich bitte Sie, keinen Schritt weiter, Sie töten
2862 2586 3029 2741 G.H.F.P.
687 2539 1244 2727 mich sonst.
684 2703 2947 2873 Ein gepresstes "also" entrang sich seinen Busen.
699 2853 3061 3026 "Ja, sie töten mich," fuhr sie weiter fort und aus
696 3026 2929 3170 ihren Augen leuchtete ein seltsamer Glanz. "Und
690 3164 2885 3334 Sie ahnten nicht warum!!“ Sie schwieg einen Au
696 3319 3011 3484 genblick. Mager sagte nichts, nicht einmal "also"
710 3496 2900 3631 "O, Sie ahnen es nicht nur, Sie wissen es auch.
684 3631 2867 3780 Nicht wahr!“ Und bei diesen Worten sah sie ihn
