3416 4312
2998 463 3105 628 37
821 555 2599 831 “Clück hat der Mensch,“ meinte Jaques.
821 720 3191 969 „Ach die sind gar nichte gegen die Minna," warf der
794 929 3123 1119 junge Don Juan letcht hth. "Dio solltet Ihr sehen
797 1088 2452 1257 und wie die in mich verliebt ist!
824 1171 3148 1425 "Sohau da kommt die Ilha,“ rief Jaques Stelle aus,
815 1364 3068 1575 und aller Bliche wandten sich auf Emil Glut, der
788 1560 3209 1747 plötzlich errötete und un seine Verlegenheit zu ver¬
809 1686 3270 1879 bergen Morts Sinnig mit folgenden Worten anredete: Ende,
840 1857 2394 2026 Und wie stets mit Deinem Herzen!
834 1965 3117 2213 “Geh seg,” erstderte der Gefragte, “ich bin nicht
815 2142 3166 2363 so dumm." Im Innern wusste er freilich, dass er so
809 2336 3154 2519 dumm war und da wir Blicko in sein Innores tun dür
809 2458 3123 2663 fen, machen wir von dieser Erlaubnis Gebrauch und
803 2630 3178 2798 wollen in unverzeihlicher Rückrichtslosigkeit auch
852 2789 3062 2976 seine intime Herzensgeschichte der Oeffentlich
803 2958 3209 3123 preis geben. Ach, er hatte ein Mädchen geliebt, als
809 3080 3129 3289 er wölf oder dreizehn Jahre gewesen war und die
818 3246 3040 3436 see Mädchen htess Pauline. Er glaubte sich ge-
803 3405 3178 3638 ltobt und gab stch Render-boue in Prater bein ers
818 3617 3090 3837 ten Kaffechaus — eventuell auch beim wetten und
