3544 4392
2749 580 2836 785 2
702 889 2847 1109 beginnen Eifersüchteleten, sie geht mit Kränz
693 1057 2893 1210 lein, Land (der viel auf Kravatten gibt ) und
687 1239 2879 1395 Matilde Schleichmann ( in Kränzlein verliebt)
707 1377 3020 1542 und Fanni Ritter müssen erst des nähern eigeführt
696 1533 2931 1683 werden. Ebenso die drei Kirsch, Hermine Rether
710 1698 3026 1834 wurde in der Linkmaustana verlassen und wird nach
713 1857 2986 1978 und nach von der Bank verführt. Die Lambert wird
707 2021 2922 2140 wahrscheinlich auch von Sinnig geliebt. Wetzens
696 2137 2980 2322 Liebe kommt. Constantin und die schöne Konstanti
705 2307 1380 2463 nopolt tanerin.
690 2443 2983 2625 Erstes Kapitel des zwetten Teils die Vorstellung
699 2616 2965 2729 mit Norbert, hierauf die traurigen Tage Arthurs,
690 2792 2844 2960 Wiedersehen, Eifersüchteleinen, Ferien, Reisen
705 2925 1461 3127 und Zurückkunft.
1022 3246 2593 3399 * * * *  =================*
