3400 4216
2718 433 2856 588 76
676 588 2759 726 nahm, fing Ludwig Nelke zu schreien an. "Sie
670 732 2572 898 FaIke, gebens mir gleich den Brief her!“
694 849 2113 1042 "Einen Brief? Welchen Brief? "
699 939 2856 1194 "Haben Sie denn nicht Ihre Hand unter die Bank
2321 1141 2417 1290 P.
685 1173 1879 1361 gesteckt! Heraus damit. "
694 1273 2947 1472 „Ach S so, das metnen Herr Professor! Der Stnntag
688 1478 2903 1639 hat mir nur einen Bleistift gereicht, und dabet
685 1656 2803 1791 ha Arthur Falke denselben mit grossem Applomp
694 1791 1261 1964 in die Höhe.
711 1867 2710 2078 "Ja warum muss den das heimlich geschehen!"
714 2051 2127 2256 "Das muss der Sinnig wissen. "
720 2171 2994 2405 "So? Sinnig Sie marschieren auf die nächste Bank.
688 2391 2862 2590 Oder kommen Sie lieber heraus. Ich muss Sie so
2180 2514 2417 2648 Do in
682 2531 1381 2768 wie so prüfen.'
696 2754 2353 2847 "Bitte, ich hab mich entschuldigt."
2359 2795 2663 2956 G.F.P.
708 2841 2250 3078 "Ah, entschuldigt? Mit was denn! "
708 3005 3055 3248 “Ich habe gestern rasendes x###nweh gehabt.
699 3163 1469 3339 "Schau, schau. "
676 3348 2827 3550 Da erschallte die Gloche. Alles löste stch in
685 3465 1735 3655 wilder Verwirrung auf.
