3512 4328
2723 374 2916 573 386
806 786 3123 1008 sitzen lassen können Sie ihn nicht, denn er läuft
803 1031 1460 1189 Ihnen davon.“
820 1126 2988 1333 "Ein Gedanke — ich lass ihn mit dem Wagen aus
835 1327 1223 1497 fahren."
849 1431 3103 1655 "Herr Kanzletrat, das geht nicht - er fährt dann
829 1603 1989 1840 weiss der Teufel wohin."
849 1742 3020 1943 „0 ich schärfe metnam Kutscher schon ein — Sie
849 1911 3060 2084 können sich verlassen. Sie werden xxx sehen, Herr
841 2015 3063 2289 Flock, es geht prächtig — xxx mein Buch "Moral"
855 2228 2982 2415 wird heute in einem Jahr in jeder anständigen
858 2401 1549 2574 Bibliothek...“
861 2502 3023 2712 Klinghlingklingklingsingkling...die Musik begann.
890 2671 3000 2876 "Hm, hm" machte Herr Flock, ich dächte doch es
869 2824 3167 3005 hätte weiter nichts auf sich, wenn ich Ihr Reise
907 2974 3121 3158 gefährte auf den Irrfahrten wäre — mein Seelen —
890 3109 2332 3305 heil ist ketneswegs gefürdet."
921 3296 3132 3492 "Das ist allerdings richtig Auch dürfte ich kaum
907 3449 2974 3644 einen besseren finden. Professor Mager ent -
