3528 4328
2602 498 2788 705 126
756 858 2179 1116 während dieser Zeit chechüsst.
780 993 2554 1225 "Oh Himmel!" riefen die beiden Väter.
771 1131 2917 1366 Mager machte eine sehr besorgte Miene." Ja die
795 1303 3166 1531 jetziche Juchend", sagte er und zuckte die Achseln.
828 1423 2938 1648 "Aber wasx haben sie denn gesprochen?" fragte
801 1705 1104 1864 Falko.
828 1759 3004 1999 "Also ich hörte nur einige Worte: Arthur Fanni
825 1939 2833 2152 und einmal hörte ich etwas von chern haben.
837 2056 2800 2269 “Und ste waren alletn?” fragte Herr Flock.
849 2209 3136 2416 "Also ein chanz chletnerchnabe wurde mal von Ih-
846 2353 3151 2563 rer Tochter geführt. Sie sachte einmal: Fritz sei
858 2458 3274 2743 still! Ich folchte ihnen. Sieblieben in der Nähe der
858 2644 2983 2884 Votivkirche stehen, sprachen, chaben sich dre
867 2773 3076 3022 Hand, und wechselten mal sehr verliebte Blicke.
870 2929 3079 3178 Ich hörte, wie beide "leider" sachten und dann
885 3106 3151 3346 schieden sie mal. Ich folchte Ihrer Tochter, sie
897 3262 2824 3496 ching mal in das Haus MelcherbastetNr. 5.
918 3436 2248 3644 "Gütiger Gott", klagte Flock
918 3580 3187 3821 "Nun mein Herr Sohn kann sich anschaun!" presste
