3448 4296
2719 393 2859 555 52
562 578 1979 798 Da dürften Frau Gräfin irren.'
584 798 2863 957 „Ich muss mich einstweilen empfehlen, Herr Kühle,
546 983 2981 1130 sie rauschte fort und zwar zu threm Gemahl, dem Gra
546 1085 3051 1248 fen von Pfahlhausen, der in ein eifriges Gespräch mit
546 1270 3086 1462 Talma vertieft gewesen war, sich aber nun zu seiner Ge
539 1411 1222 1567 mühl in wandte.
558 1567 3054 1746 "Haet Du pielleicht einen Herrn Kühle eingelände! Ich
546 1755 2993 1883 konne ihn zwar gar nicht, wusste mich aber doch sehr
536 1899 2997 2065 gut aus der Affatre zu stehen. Uebrigens ist er sehr
543 2042 1264 2202 1 tebenswürdig.
568 2192 3038 2314 "Du wtret ihn wohl eingelände haben, liebe Charlotte,
549 2326 1726 2496 toh erinnere mich nicht.
568 2480 1921 2655 "Nein, ganz gewies varst Dus
552 2614 3019 2796 „nin, einer von uns kann sich irren. Führ mich übri -
552 2776 1704 2946 gens zu dem jungen Mann.
555 2933 1765 3105 "Er lehst dort am Fenster.
558 3092 3105 3284 „Ein interessantes Gesicht. Etwas studentisches in sei
552 3281 3115 3434 nem Ausdruck. Wahrscheinlich wird er mit einem an dern
533 3415 2997 3616 Herrn hergekommen sein. Fragen dürfen wir kineswegs,
