3560 4360
2373 417 2565 558 312
579 703 2828 960 Euch sprechen." Dabet zog er aus seiner Eriefta¬
600 869 2825 1111 sche ein beschriebenes, zierliche zusammangeleg-
615 1011 2896 1262 tes Briefpapier, das er jetzt sorgsam entfaltete.
762 1185 2784 1386 "Du dichtest also auch?" fragte Falke, ohne
621 1389 1977 1548 grosses Erstaunen zu äussern.
632 1516 2869 1678 "Jawohl, auch. Ich wollte Euch dieses Poema hier
629 1678 2920 1826 vorlesen- wenn es Euch nicht unangenehm tst- und
626 1797 2976 1983 ks, ks, hs, Euch dann die Geschichte erzählen, auf
626 1950 2999 2160 welche einzelne Stellen anspielen. Ks. ks, ks.
635 2128 2849 2334 Er räusperte sich und sah und die beiden andern
638 2326 804 2473 an.
680 2423 2006 2600 “Lies vor,” entschied Sinnig.
644 2538 2955 2769 Weizen las. Es war ein Iyrischer Erguss, “Heimoeh”.
650 2722 2993 2911 betitelt, der den nicht ganz neuen Gedanken in an-
656 2825 2855 3044 mutiger Wetse behandelte. Dann las er
668 3020 3041 3185 einige andere Gedichte, denen man wirklich aufrich-
665 3177 2863 3330 tiges Lob und selbst Bewunderung sollen musste.
656 3321 2937 3496 Nicht allein, dass die Form manchmal ganz ausser-
668 3437 2940 3649 ordentlich war, kamen so treffliche Gedanken zum
