3336 4248
2689 442 2843 624 10
340 563 2343 833 "beinah gänzlich entblössten Formen"n fand.
353 772 2891 991 "Ich denke von uns hatte jeder mit Herrn Wahlmann abge
336 954 2768 1115 schlossen", sprach der Kanzletrat mit kalter Stimme.
346 1104 3104 1276 "Jedenfalls abgeschlossen, jedenfalls,...jedenfalls" begann
322 1231 2902 1441 Doktor Vollinger, indem er das Wort jedenfalls in infi
333 1403 1746 1609 nitum zu wiederholen gedachte.
346 1547 2960 1760 "Abgeschlossen", tönte dumpf die Stimme des pathetischen
322 1712 1420 1904 Herr Loser hinterdrein.
316 1886 2867 2075 Die Unterhaltung war durch den oben geschilderten Zwi
333 2007 2922 2230 schenfall bedenklich ins Stocken geraten, bis ihr plötz
322 2192 2823 2360 lich ein Einfall des hagern Kanzletrats auf die Beine
326 2339 2957 2521 half, ein Einfall, den selbst die kritisch gestimmtesten
322 2500 2926 2682 meiner Leser, für einen höchst genialen anerkennen wer
322 2651 535 2813 den.
350 2768 3039 2933 "Meine Herren", sprach Falke plötzlich, "gestatten Sie mir
322 2940 2847 3108 für eine Weile das Wort, denn ich habe einen Gedanken,
326 3090 2964 3296 durch dessen Ausführung manche Tänzerin gehindert werden
322 3252 2912 3454 wird ihre vollen Formen den Blicken der Menge preiszu -
326 3413 631 3598 geben.
319 3553 2991 3694 Bei diesen Worten blickte Mager verschämt zur Erde, wäh -
