3400 4232
2441 462 2577 612 70
624 724 2953 974 Jakob Mager war durchaus nicht so schmächtig, wie
629 891 2924 1094 man seinem Namen nach hätte schliessen kön
629 1094 2853 1256 nen. Im Gegentetl. Sein Umfang war sehr bedeu -
653 1221 2812 1397 tend, wie auch seine Grösse; besonders bemer -
641 1379 2865 1577 kenswert aber war seon kolossaler Zylinder, der
650 1550 2871 1721 wie man in Schülerkreisen behauptete, schon mit
671 1691 3015 1856 ihm auf die Welt gekommen war. Diesen Zylinder nun
659 1821 2935 1997 und auch den Inhaber desselben hatten die beiden
656 1971 3018 2177 Kollegen Falke und Unterstatt zum Gegenstand eines
656 2127 2821 2309 Dramas gemacht, von dem ras so geheimnisvoll - für
668 2291 3027 2456 den teuern Leser wenigstens-äprachen. Dieses hatte
674 2418 2927 2644 es zu Hause vergessen, jener übergab es dem an -
671 2612 2712 2771 derh, damit er es während der ungemein lang
674 2759 2815 2921 weiligen Stunde des eben in die Klasse treten
676 2894 2903 3106 den rotbärtigen Professors Waschlapskt lese und
688 3079 1962 3262 sein Urtel darüber abgebe.
1965 3179 2085 3279 sch
668 3212 2956 3406 Der genannte Herr trat mit arroganter Mtene
676 3359 2965 3550 herein, behielt den Hut eine ganze Weile auf dem
679 3527 3006 3747 Kopf und schrie einen an: "Ste, wollen Sie viel
