3272 4008
2518 337 2708 533 loi
641 697 2933 896 dret oder halb vier Früh da sein— der Papa führt
626 834 1961 1001 mit dem vier Uhr Zug fort...
615 998 2834 1165 Der Kutscher machte ein misstrautsches Gesicht.
659 1124 2884 1355 "Des glaub i nicht...der Herr Kanzletrat hat mir
635 1279 1332 1505 nichts gesagt.
659 1449 2948 1622 "Ja, er scheint es vergessen zu haben, aber sein
653 1607 1651 1771 Sie mir pünktlich da.
653 1707 2339 1929 "Des is a Spass vom jungen Herrn.!
641 1862 2752 2067 Arthur machte ein sehr teilnehmendes Gesicht.
662 2017 2945 2248 "Ja, mir tut es selbst sehr leid, aber Sie kennen
641 2181 2992 2354 meinen Papa, wenn Sie morgen nicht da sind, so ist
656 2322 2857 2559 er imstande und Jagt Ste auf der Stelle aus dem
635 2468 2881 2693 Dienst... glauben Sie mir, es ist mir selbst un-
659 2641 2708 2857 angenehm, aber ich mein es gut mit Ihnen...“
644 2802 2717 2977 Der Kutscher machte ein sehr saures Gesicht.
676 2930 2989 3162 „Sie glauben mir jetzt doch," fuhr der wohlvollen¬
662 3141 2930 3293 de Gymnastast fort, " wenn Sie mir nicht glauben,
662 3247 2351 3454 nun, dann kann ich eben nichts tun!“
656 3405 2928 3601 Er zuckte die Achseln, der Kutscher, betnahe über-
