3416 4312
2536 442 2664 582 93
597 716 2834 945 keit, so würde wohl der grösste Teil meiner mehr
603 896 2871 1094 oder minder schönen Leser innen auf den Gedanken
603 1067 2731 1280 verfallen, dass schwänzen gleichbedeutend mit
594 1185 2697 1435 Liebe sei. Und wahrhaftig, wenn diese beiden
256 1222 408 1390 6/4
603 1371 2895 1582 Ausdrücke auch nicht gleichbedeutend sind, so be
616 1509 2788 1707 steht doch manchmal zwischen ihnen ein inniger
1484 1643 1655 1740 wie
616 1630 2834 1877 Zusammenhang, wie bei Fritz Falle be
622 1810 2856 2005 merkt haben, und uns davon bei Strohmüller über
628 1960 2764 2222 zeugen - sondern wie auch der weitere Verlauf
643 2130 2950 2304 dieser Geschichte...Doch warum unserer Erzählung
643 2273 2916 2450 vorgretjen? Bleiben wir jetzt im Volksgarten und
661 2414 2822 2609 seine wir mit Strohmüller dem Schwänzer glück
646 2578 3096 2767 lich. Wer wollte es ihm wohl verargen, dass er diese
661 2718 2764 2959 Unterhaltung Beratungen im Verein "Pudioitia"
670 2874 2883 3099 vorzog? Gestehen wir es nur offen, dass er wohl
664 3020 2956 3218 noch keinen moralischen Aufsatz für eine Zeitung,
683 3200 2904 3435 dagegen schon etwelche Gedichte geschrieben hat
689 3340 2892 3547 te, die insofern minder moralisch zu nennen wä
683 3508 2947 3730 ren, als es in thnen von Ausdrücken, wie: Busen,
