3560 4360
2571 482 2750 610 339
732 711 3113 1048 nen Rippenstoss versetzte. Nein, weder er noch sie.
732 899 3000 1182 Aber die freundlichen Leser empfinden gewiss mit
735 1101 3042 1342 Fritz Falke die Seligheit eines solchen Vis-a-vis
750 1205 3051 1482 und lächeln mit dem lebenslustigen Kühle, der mit
747 1420 3134 1667 weit von sich gestreckten Füssen, höchst nachlässig
756 1557 3057 1792 wie immer, die Hände in den Taschen in einer ache
750 1670 3039 1941 lehnte und mit einer unbeschreiblichen, halb bla¬
768 1854 3066 2101 sierten, halb fröhlichen Miene, nicht ohne öfters
759 2033 3080 2247 Bliche auf Estrella zu werfen, zum Fenster hinaus-
774 2229 1211 2336 sah.
759 2286 3116 2533 Nachdem wir das nachgetragen, können wir wieder zu
461 2342 643 2521 20/6
2836 2402 2973 2497 Ne
771 2449 3125 2685 den dret Raben zurückkehren, wo Estrella und hulke
777 2607 3158 2777 sassen. Wir werden auch nicht weit von inen die bet¬
792 2759 3071 2955 den flotten Studenten Falke und Kühle wahrnehmen,
777 2881 3128 3149 von denen der erstere die Balleteuse nicht aus den
768 3039 3164 3316 Augen liess. Die mündliche Unterhaltung ging an bei
786 3220 3149 3423 den Tischen sehr flau. Wenden wir uns daher zu den
789 3408 3152 3607 beiden Gestalten, welche soeben Miene machen, sich
798 3557 3057 3759 an einem Tische niederzulassen. Die eine Gestalt
851 4110 982 4205 H
