3624 4376
2571 510 2746 718 332.
756 809 3101 1017 Man kann sich die Mienen Estrellas nicht vorstel -
780 999 3036 1174 len, nicht die Blicke, die sie in diesem Augen -
780 1153 2319 1331 blicke verzehrend auf Nelke warf.
795 1248 3178 1488 "Also darin besteht Dein "zu Verstand kommen," dass
777 1444 2070 1649 Du mich nicht mehr liebst?“
792 1598 3063 1764 "Meine Süsse, Teure so meint ichs nicht. Ich bin
792 1720 3063 1924 dreissig Jahre alt und muss hetraten, das stehst
780 1915 1441 2078 Du doch ein?"
809 2046 2209 2253 "Nein, das seh ich nicht ein!“
842 2117 3202 2375 "So höre ein Betspiel, Estrella! Denke Dich an mit
795 2304 3072 2544 ne Stelle, ich will mich an Detine denken. Gesetzt
806 2514 2971 2671 also, ich sei Estrella und Du kämst als Ludwig
798 2674 3110 2832 Nelke zu mir und sprächst: Gib mich auf, ich muss
809 2805 2998 2989 hetraten, so würde ich als Estrella sagen: Ich
815 2950 3033 3098 will Detnem Glück nicht entgegenstehen und nach
830 3143 3039 3327 einer herzhaften, letzten Umarmung mich in eine
818 3262 1640 3466 andre verlteben.“
824 3425 3176 3588 „Wenn ich Ludwig Nelke wäre, verliess ich Estrella
812 3582 3039 3745 nicht so schnell, Estrella, die mich so liebt."
