3480 4328
2719 510 2902 702 118
744 813 2938 1041 wissen, meine Herren, der Zweck dieses Vereins,
738 1023 2866 1185 als der Verwandlung dieses Abstraktums in ein
744 1185 2389 1342 Konkretum möglichst nahe zu kommen.
741 1339 2923 1504 Doch was sind wir zwanzig gegen eine Welt? Ein
738 1468 2998 1660 Korn in etmer Wilste, freilich, das darf ich wohl
765 1642 3022 1798 sagen, ein Goldkorn in einer Wüste von Sand; und
768 1774 3163 1957 wahrhaftig: es soll eine zweite Sündflut hervorbre
771 1933 3016 2107 chen und diesen unnützen Sand wegschnemmen, dass
765 2098 2983 2254 nichts übrig bleibt - nicht, nichts - höchttens
768 2287 1420 2452 das Goldkorn.
774 2413 2932 2584 Sie bemerken, meine Herren, dass ich, von der
780 2530 3055 2731 Bedeutung meiner Mission hingerissen, von meinem
789 2695 3049 2878 Thema mehr und mehr abgekommen bin, doch ui r kön
783 2857 3028 3016 nen die Dekolletage als Sinnbild der Lüstenheit,
801 2992 3142 3187 ja aller Immoralität nehmen, denn es ist eine klei
798 3154 2962 3316 ne Enthüllung der weiblichen Reize, die oft Ur
807 3316 3220 3499 sache einer vollständigen, illegitimen Enthüllung...
810 3466 2980 3671 doch Sie verstehen mich, werden mir auch recht
2233 3568 2383 3671 über
813 3568 3046 3809 geben, werden mit mir weinen, die Verderbt
