3560 4376
2443 497 2628 643 ¾
627 815 2489 1028 "Sehr wohl. Also hört zu, meine Freunde.
606 997 2786 1185 Ihr wisst, dass ich in Ungartsch-Ostra geboren
615 1146 2968 1346 bin und dort die Ferien zubringe. Da wars denn vor
627 1288 2989 1519 nicht gar langer Zeit- als ich in der Quarta
643 1458 2934 1682 durchgefallen war und repetieren musste, dass ich-
649 1600 2946 1822 ein Buch in der Hand- in der Nähe des Waüdes spa¬
649 1755 2877 1998 zieren ging. Ich ging damals, an meine Zweter in
643 1879 3010 2131 Mathematik und Griechisch denkend, sehr taurig und
664 2055 2928 2283 langsam daher, den Blick zu Boden gerichtet, als
661 2164 2971 2422 plötzlich ein mir vom Sehen bekanntes Mädchen vor
667 2349 3034 2567 mir stand- ein reizendes Mädchen, etwas Jünger als
682 2540 2519 2722 ich, blind, blauäugig- und mich fragte:
703 2658 2631 2852 "Darf man wohl wissen, was Sie da lesen?"
691 2761 3013 3019 sie hatte das Buch in die Hand genommen.“Ah, eine
691 2946 2925 3162 Novelle von Heyse," rief sie aus. Ich liess sie
715 3059 3019 3316 bei der Meinung, obwohl ### ich Holtsche Gedichte
718 3246 2980 3489 las, welche mit der Hovelle in einen Band gebun-
724 3498 1206 3650 den waren.
737 3507 3177 3816 "Warum so träumerisch, Herr Adolf!" fragte sie dann.
