3480 4424
2605 441 2788 573 trere
654 810 2308 993 bin? A propos, ist die Fanni da?“.
669 978 2851 1164 "Sie kommt seit ein paar Tagen gar nicht," war
675 1182 1249 1354 die Antwort.
657 1321 2992 1483 Falle sah Sinnig besorgt an. "Das ist doch merk -
657 1465 1819 1648 würdig," sagte er leise.
663 1609 2941 1774 Sinnig schüttelte den Kopf. "Wenn mich nicht al
672 1762 2812 1969 les täuscht," rief er aber gleich darauf, "so
669 1921 1363 2113 kommt sie da."
666 2038 2902 2251 Ohne ein Wort zu erwidern, aber mit sehr froher
660 2188 3070 2407 Miene ging Arthur seiner Helden entgegen. Er reich¬
681 2371 2989 2521 te ihr, die mit dem kleinen Fritz erschienen war,
678 2539 1110 2725 die Hand.
687 2692 2821 2869 "Nun, was sagst Du dazu?" fragte sie.
696 2839 1375 3022 „Wozu, Fanni p"
2518 2791 2872 2971 ###
2269 2833 2464 2962 G.H.F.P.
702 2992 2614 3178 "Dass die Geschichte herausgekommen ist."
705 3145 2950 3319 "Arthur machte erschrocken einen Schritt zurück.
693 3328 1519 3484 “Herausgekommen?”
696 3442 2968 3629 "Du weisst nicht? Ich habe von meinem Papa schon
