3464 4376
2547 382 2741 515 ird.
594 738 1109 938 "Fretlich."
615 756 2956 1100 Sie haben Recht. Unglaublich. 0 weh, oveh, jetzt
615 944 2988 1271 diese Ballerinen, die hereintanzeh. Wie sie hüpfen,
612 1121 2829 1453 die Busen springen in die Höhe und die seidenen
609 1335 2829 1606 Leibchen scheinen beinahe abzufallen. Grundgü -
638 1556 1332 1727 tiger Himmel!“
662 1632 2724 1894 "Ja, ja," bestätigte der Nachbar. "Es ist un
662 1874 1200 2059 glaubl toh.”
682 1959 2997 2168 "Nein, unglaublich ist es nicht. Aber unverschämt.
668 2059 3029 2329 Schauen Sie jetzt hin. Sie hüsst den Norbert. Oho.
676 2241 2859 2521 Bei diesem Kuss ärgerte sich aber nicht allein
694 2403 2879 2659 der Kanzletrat, sondern die ganze Famile Falke.
688 2521 2950 2777 Fritznder Berggeist, presste hinter den Koulissen
700 2685 2894 2988 die Lippen zusammen und drehte sich um. Arthur,
715 2871 2797 3115 der auf der Galerte tronte, flüsterte seinem
715 3009 3032 3268 Nachbar Sinnig zu: "Ich habe Fanni noch nicht ge-
729 3218 1097 3438 küsst.“
724 3259 2941 3609 Die geliebte Fanni hatte er noch nicht gehüsst.
741 3471 3006 3721 Sie spähte ihn eben von einer dritten Stock-Loge
