<?xml version="1.0" encoding="UTF-8" standalone="yes"?>
<PcGts xmlns="http://schema.primaresearch.org/PAGE/gts/pagecontent/2013-07-15" xmlns:xsi="http://www.w3.org/2001/XMLSchema-instance" xsi:schemaLocation="http://schema.primaresearch.org/PAGE/gts/pagecontent/2013-07-15 http://schema.primaresearch.org/PAGE/gts/pagecontent/2013-07-15/pagecontent.xsd">
    <Metadata>
        <Creator>prov=READ-COOP:name=TrHtr:version=2.1.0:model_id=51170:date=14_08_2023_17:56</Creator>
        <Created>2023-05-10T14:32:46.655+02:00</Created>
        <LastChange>2023-08-14T17:56:35.582+02:00</LastChange>
        <TranskribusMetadata docId="1428639" pageId="55423263" pageNr="277" tsid="132819698" status="IN_PROGRESS" userId="64420" imgUrl="https://files.transkribus.eu/Get?id=BLXWOSCQRPXMEGXBDMWMZNCS&amp;fileType=view" xmlUrl="https://files.transkribus.eu/Get?id=WRHEKZJEOYAJILEYLSKCGHTY" imageId="44697342"/>
    </Metadata>
    <Page imageFilename="1428639_0277.jpg" imageWidth="3528" imageHeight="4392">
        <ReadingOrder>
            <OrderedGroup id="ro_1711819142528" caption="Regions reading order">
                <RegionRefIndexed index="0" regionRef="tr_1"/>
                <RegionRefIndexed index="1" regionRef="tr_2"/>
            </OrderedGroup>
        </ReadingOrder>
        <TextRegion id="tr_1" custom="readingOrder {index:0;}">
            <Coords points="719,600 3138,600 3138,2373 719,2373"/>
            <TextLine id="tr_1_tl_1" custom="readingOrder {index:0;}">
                <Coords points="2748,657 2766,654 2831,687 2867,657 2893,663 2905,675 2923,675 2920,559 2905,559 2882,544 2876,550 2861,538 2843,550 2807,517 2789,523 2769,509 2742,511"/>
                <Baseline points="2762,650 2807,650 2852,650 2897,653 2929,656"/>
                <TextEquiv>
                    <Unicode>370</Unicode>
                </TextEquiv>
            </TextLine>
            <TextLine id="tr_1_tl_2" custom="readingOrder {index:1;}">
                <Coords points="699,1044 2159,1023 2275,955 2932,1032 2980,830 702,928"/>
                <Baseline points="719,1002 745,999 790,999 835,999 880,999 924,999 969,999 1014,996 1059,993 1103,993 1148,990 1193,990 1238,990 1282,987 1327,987 1372,984 1417,987 1462,987 1506,984 1551,981 1596,981 1641,981 1685,981 1730,981 1775,978 1820,978 1864,975 1909,975 1954,975 1999,972 2043,972 2088,972 2133,969 2178,972 2222,969 2267,966 2312,966 2357,963 2401,966 2446,963 2491,963 2536,963 2580,963 2625,960 2670,960 2715,957 2759,954 2804,954 2849,951 2894,951 2938,951 2983,951"/>
                <TextEquiv>
                    <Unicode>ungen basteren sollen, sind noch nicht geschrie</Unicode>
                </TextEquiv>
            </TextLine>
            <TextLine id="tr_1_tl_3" custom="readingOrder {index:2;}">
                <Coords points="705,1201 1757,1130 2736,1175 2971,1118 2974,1014 708,1082"/>
                <Baseline points="725,1151 739,1148 784,1151 829,1148 874,1151 918,1148 963,1148 1008,1145 1053,1142 1098,1142 1142,1139 1187,1139 1232,1139 1277,1139 1321,1139 1366,1136 1411,1136 1456,1136 1500,1133 1545,1133 1590,1133 1635,1130 1679,1133 1724,1133 1769,1130 1814,1130 1858,1130 1903,1127 1948,1127 1993,1124 2037,1124 2082,1124 2127,1121 2172,1121 2216,1121 2261,1118 2306,1118 2351,1118 2395,1115 2440,1115 2485,1115 2530,1115 2574,1118 2619,1115 2664,1115 2709,1115 2753,1112 2798,1109 2843,1109 2888,1106 2932,1106 2977,1109"/>
                <TextEquiv>
                    <Unicode>ben. Letder muss toh, um sie der Wahrheit gemäss</Unicode>
                </TextEquiv>
            </TextLine>
            <TextLine id="tr_1_tl_4" custom="readingOrder {index:3;}">
                <Coords points="711,1353 2846,1320 2986,1308 2989,1195 714,1240"/>
                <Baseline points="728,1309 757,1309 802,1306 847,1306 892,1306 936,1303 981,1303 1026,1300 1071,1300 1115,1300 1160,1300 1205,1300 1250,1300 1294,1300 1339,1297 1384,1300 1429,1300 1473,1297 1518,1297 1563,1294 1608,1294 1652,1291 1697,1291 1742,1291 1787,1291 1831,1288 1876,1285 1921,1285 1966,1282 2011,1282 2055,1282 2100,1282 2145,1282 2190,1282 2234,1280 2279,1280 2324,1277 2369,1277 2413,1277 2458,1277 2503,1277 2548,1277 2592,1277 2637,1277 2682,1277 2727,1277 2771,1274 2816,1271 2861,1271 2906,1268 2950,1265 2995,1268"/>
                <TextEquiv>
                    <Unicode>zu schreiben, gewisse Lohale aufsuchen, die sich</Unicode>
                </TextEquiv>
            </TextLine>
            <TextLine id="tr_1_tl_5" custom="readingOrder {index:4;}">
                <Coords points="723,1523 2908,1457 2932,1326 723,1416"/>
                <Baseline points="739,1470 745,1470 790,1462 835,1459 880,1459 924,1456 969,1453 1014,1453 1059,1453 1103,1450 1148,1450 1193,1447 1238,1447 1282,1447 1327,1447 1372,1447 1417,1444 1462,1444 1506,1441 1551,1441 1596,1441 1641,1441 1685,1441 1730,1441 1775,1441 1820,1438 1864,1438 1909,1435 1954,1435 1999,1435 2043,1432 2088,1432 2133,1432 2178,1429 2222,1429 2267,1429 2312,1426 2357,1426 2401,1426 2446,1423 2491,1423 2536,1423 2580,1423 2625,1423 2670,1420 2715,1420 2759,1420 2804,1417 2849,1417 2894,1414 2938,1414"/>
                <TextEquiv>
                    <Unicode>gerade nicht zu den feinsten rechnen können und</Unicode>
                </TextEquiv>
            </TextLine>
            <TextLine id="tr_1_tl_6" custom="readingOrder {index:5;}">
                <Coords points="729,1659 2885,1624 3075,1594 3078,1499 2501,1433 2352,1514 729,1523"/>
                <Baseline points="745,1614 751,1611 796,1608 841,1605 886,1605 930,1602 975,1602 1020,1602 1065,1605 1109,1602 1154,1602 1199,1599 1244,1599 1288,1599 1333,1599 1378,1596 1423,1593 1467,1593 1512,1590 1557,1590 1602,1593 1647,1593 1691,1593 1736,1593 1781,1590 1826,1590 1870,1587 1915,1587 1960,1587 2005,1584 2049,1584 2094,1584 2139,1581 2184,1584 2228,1584 2273,1584 2318,1581 2363,1581 2407,1578 2452,1578 2497,1578 2542,1575 2586,1572 2631,1572 2676,1572 2721,1572 2765,1572 2810,1572 2855,1572 2900,1566 2944,1566 2989,1563 3034,1560 3079,1557"/>
                <TextEquiv>
                    <Unicode>ich werde Sie bitten, mein Reisegefährte auf die</Unicode>
                </TextEquiv>
            </TextLine>
            <TextLine id="tr_1_tl_7" custom="readingOrder {index:6;}">
                <Coords points="717,1826 972,1847 1079,1787 1228,1811 1552,1740 1835,1778 1838,1671 1552,1689 1323,1630 910,1713 720,1683"/>
                <Baseline points="736,1763 769,1760 814,1757 859,1757 904,1757 948,1757 993,1754 1038,1754 1083,1754 1127,1751 1172,1748 1217,1748 1262,1745 1306,1745 1351,1745 1396,1745 1441,1742 1485,1739 1530,1739 1575,1739 1620,1736 1664,1736 1709,1736 1754,1736 1799,1733 1843,1736"/>
                <TextEquiv>
                    <Unicode>sen Irrfahrten zu sein."</Unicode>
                </TextEquiv>
            </TextLine>
            <TextLine id="tr_1_tl_8" custom="readingOrder {index:7;}">
                <Coords points="708,1942 3057,1897 3102,1769 708,1856"/>
                <Baseline points="725,1915 731,1915 775,1912 820,1909 865,1909 910,1909 954,1906 999,1906 1044,1906 1089,1903 1133,1900 1178,1900 1223,1900 1268,1900 1312,1900 1357,1900 1402,1897 1447,1897 1491,1897 1536,1897 1581,1894 1626,1894 1670,1897 1715,1897 1760,1897 1805,1897 1849,1894 1894,1891 1939,1891 1984,1891 2028,1888 2073,1888 2118,1885 2163,1885 2207,1885 2252,1885 2297,1885 2342,1882 2386,1885 2431,1882 2476,1879 2521,1879 2565,1876 2610,1876 2655,1879 2700,1879 2745,1882 2789,1876 2834,1873 2879,1873 2924,1870 2968,1870 3013,1870 3058,1867 3103,1870"/>
                <TextEquiv>
                    <Unicode>Flock machte ein vergnügtes Gesicht." Hm." - Plötz¬</Unicode>
                </TextEquiv>
            </TextLine>
            <TextLine id="tr_1_tl_9" custom="readingOrder {index:8;}">
                <Coords points="2825,2031 2864,2031 2905,2064 3001,2067 3033,2091 3081,2079 3081,1951 3036,1954 3009,1936 2983,1954 2914,1960 2876,1936 2861,1942 2825,1924"/>
                <Baseline points="2840,2025 2885,2025 2929,2019 2974,2019 3019,2022 3064,2022 3088,2025"/>
                <TextEquiv>
                    <Unicode>"Me i.</Unicode>
                </TextEquiv>
            </TextLine>
            <TextLine id="tr_1_tl_10" custom="readingOrder {index:9;}">
                <Coords points="720,2105 2183,2102 2795,2025 2736,1927 2159,2004 723,1978"/>
                <Baseline points="739,2067 745,2064 790,2061 835,2058 880,2058 924,2058 969,2055 1014,2058 1059,2055 1103,2055 1148,2055 1193,2055 1238,2055 1282,2052 1327,2055 1372,2052 1417,2052 1462,2049 1506,2046 1551,2046 1596,2046 1641,2046 1685,2046 1730,2046 1775,2046 1820,2046 1864,2043 1909,2040 1954,2040 1999,2040 2043,2040 2088,2037 2133,2037 2178,2037 2222,2037 2267,2037 2312,2034 2357,2034 2401,2034 2446,2034 2491,2034 2536,2034 2580,2034 2625,2031 2670,2031 2715,2028 2759,2025 2804,2022"/>
                <TextEquiv>
                    <Unicode>lich änderte sich der Ausdruch seiner Züge</Unicode>
                </TextEquiv>
            </TextLine>
            <TextLine id="tr_1_tl_11" custom="readingOrder {index:10;}">
                <Coords points="726,2272 2528,2201 2549,2076 1787,2168 1493,2114 729,2159"/>
                <Baseline points="742,2216 766,2213 811,2213 856,2210 901,2210 945,2207 990,2207 1035,2207 1080,2207 1124,2207 1169,2207 1214,2207 1259,2204 1303,2204 1348,2204 1393,2204 1438,2201 1482,2201 1527,2201 1572,2201 1617,2198 1661,2198 1706,2198 1751,2198 1796,2198 1840,2198 1885,2196 1930,2198 1975,2193 2019,2190 2064,2187 2109,2187 2154,2187 2198,2184 2243,2184 2288,2184 2333,2184 2378,2184 2422,2181 2467,2181 2512,2181 2557,2187"/>
                <TextEquiv>
                    <Unicode>ne Frau, meine Familie...“flüsterte er.</Unicode>
                </TextEquiv>
            </TextLine>
            <TextLine id="tr_1_tl_12" custom="readingOrder {index:11;}">
                <Coords points="2992,2224 3015,2224 3021,2218 3039,2236 3057,2224 3078,2245 3111,2230 3131,2230 3128,2171 3114,2171 3108,2165 3087,2168 3081,2162 3030,2186 3003,2171 2989,2171"/>
                <Baseline points="3007,2210 3052,2213 3097,2213 3138,2216"/>
                <TextEquiv>
                    <Unicode>" xxx</Unicode>
                </TextEquiv>
            </TextLine>
            <TextLine id="tr_1_tl_13" custom="readingOrder {index:12;}">
                <Coords points="732,2412 2885,2352 2935,2239 735,2308"/>
                <Baseline points="748,2360 751,2360 796,2354 841,2354 886,2354 930,2354 975,2351 1020,2351 1065,2354 1109,2360 1154,2363 1199,2357 1244,2351 1288,2348 1333,2348 1378,2348 1423,2348 1467,2348 1512,2345 1557,2345 1602,2345 1647,2345 1691,2345 1736,2342 1781,2342 1826,2342 1870,2342 1915,2339 1960,2336 2005,2336 2049,2336 2094,2333 2139,2333 2184,2330 2228,2330 2273,2330 2318,2330 2363,2330 2407,2336 2452,2333 2497,2330 2542,2330 2586,2327 2631,2327 2676,2324 2721,2324 2765,2324 2810,2324 2855,2324 2900,2321 2944,2321"/>
                <TextEquiv>
                    <Unicode>"Pardon," versetzte der Kanzletrat. "Wie konnte</Unicode>
                </TextEquiv>
            </TextLine>
        </TextRegion>
        <TextRegion id="tr_2" custom="readingOrder {index:1;}">
            <Coords points="736,2429 3088,2429 3088,3772 736,3772"/>
            <TextLine id="tr_2_tl_1" custom="readingOrder {index:0;}">
                <Coords points="726,2587 3051,2504 3051,2412 2876,2370 1100,2471 729,2412"/>
                <Baseline points="745,2527 775,2521 820,2518 865,2518 910,2518 954,2515 999,2515 1044,2515 1089,2515 1133,2515 1178,2515 1223,2515 1268,2515 1312,2512 1357,2512 1402,2509 1447,2512 1491,2512 1536,2509 1581,2509 1626,2506 1670,2503 1715,2503 1760,2500 1805,2500 1849,2500 1894,2500 1939,2497 1984,2497 2028,2497 2073,2494 2118,2494 2163,2494 2207,2494 2252,2494 2297,2494 2342,2491 2386,2491 2431,2491 2476,2491 2521,2491 2565,2488 2610,2488 2655,2485 2700,2485 2745,2485 2789,2485 2834,2485 2879,2485 2924,2485 2968,2482 3013,2479 3058,2479"/>
                <TextEquiv>
                    <Unicode>ich nur an Sie, einen verheirateten Manidieses An</Unicode>
                </TextEquiv>
            </TextLine>
            <TextLine id="tr_2_tl_2" custom="readingOrder {index:1;}">
                <Coords points="723,2757 1288,2679 2971,2694 3081,2667 3084,2554 726,2605"/>
                <Baseline points="742,2670 760,2673 805,2670 850,2670 895,2670 939,2667 984,2670 1029,2667 1074,2667 1118,2664 1163,2664 1208,2664 1253,2664 1297,2661 1342,2661 1387,2661 1432,2661 1476,2661 1521,2658 1566,2658 1611,2658 1655,2658 1700,2655 1745,2655 1790,2655 1834,2652 1879,2652 1924,2652 1969,2652 2013,2649 2058,2649 2103,2646 2148,2646 2193,2646 2237,2646 2282,2643 2327,2646 2372,2643 2416,2643 2461,2643 2506,2640 2551,2643 2595,2643 2640,2640 2685,2640 2730,2637 2774,2637 2819,2637 2864,2637 2909,2634 2953,2637 2998,2634 3043,2634 3088,2634"/>
                <TextEquiv>
                    <Unicode>suchen stellen! Ich werde mich notwendigerweise an</Unicode>
                </TextEquiv>
            </TextLine>
            <TextLine id="tr_2_tl_3" custom="readingOrder {index:2;}">
                <Coords points="729,2864 2825,2846 2920,2825 2923,2694 729,2757"/>
                <Baseline points="745,2828 778,2825 823,2825 868,2825 913,2825 957,2822 1002,2822 1047,2822 1092,2822 1136,2822 1181,2819 1226,2819 1271,2819 1315,2819 1360,2816 1405,2813 1450,2813 1494,2813 1539,2813 1584,2813 1629,2810 1673,2810 1718,2810 1763,2807 1808,2807 1852,2807 1897,2807 1942,2807 1987,2807 2031,2804 2076,2804 2121,2801 2166,2804 2210,2801 2255,2801 2300,2801 2345,2801 2389,2801 2434,2801 2479,2798 2524,2801 2568,2798 2613,2798 2658,2795 2703,2792 2747,2792 2792,2792 2837,2789 2882,2792 2927,2780"/>
                <TextEquiv>
                    <Unicode>trgend einen andern Herrn wenden müssen, viel -</Unicode>
                </TextEquiv>
            </TextLine>
            <TextLine id="tr_2_tl_4" custom="readingOrder {index:3;}">
                <Coords points="729,2998 871,3057 1499,2980 2953,3001 3060,2965 3063,2858 732,2914"/>
                <Baseline points="745,2980 787,2977 832,2977 877,2977 921,2977 966,2974 1011,2974 1056,2974 1100,2974 1145,2974 1190,2971 1235,2971 1280,2971 1324,2971 1369,2971 1414,2971 1459,2968 1503,2968 1548,2968 1593,2965 1638,2968 1682,2968 1727,2965 1772,2965 1817,2965 1861,2962 1906,2962 1951,2962 1996,2962 2040,2959 2085,2956 2130,2956 2175,2959 2219,2956 2264,2956 2309,2956 2354,2956 2398,2956 2443,2953 2488,2953 2533,2950 2577,2950 2622,2953 2667,2953 2712,2950 2756,2947 2801,2947 2846,2944 2891,2944 2935,2944 2980,2944 3025,2941 3070,2941"/>
                <TextEquiv>
                    <Unicode>leicht an Dr. Vollinger. Doch es ist Zeit ins Ihr</Unicode>
                </TextEquiv>
            </TextLine>
            <TextLine id="tr_2_tl_5" custom="readingOrder {index:4;}">
                <Coords points="1567,3173 1603,3176 1647,3140 1695,3149 1722,3137 1796,3167 1888,3152 1894,2992 1817,3021 1766,3001 1722,3027 1677,3027 1650,3001 1573,3012"/>
                <Baseline points="1587,3135 1629,3129 1673,3132 1718,3132 1763,3129 1808,3126 1852,3123 1897,3120"/>
                <TextEquiv>
                    <Unicode>de la tde</Unicode>
                </TextEquiv>
            </TextLine>
            <TextLine id="tr_2_tl_6" custom="readingOrder {index:5;}">
                <Coords points="732,3188 895,3218 1035,3167 1430,3185 1430,3066 1246,3048 1109,3093 1068,3069 892,3081 809,3033 735,3030"/>
                <Baseline points="748,3141 766,3138 811,3135 856,3132 901,3132 945,3132 990,3132 1035,3129 1080,3132 1124,3129 1169,3129 1214,3129 1259,3126 1303,3126 1348,3126 1393,3129 1438,3135"/>
                <TextEquiv>
                    <Unicode>ater zu gehen.</Unicode>
                </TextEquiv>
            </TextLine>
            <TextLine id="tr_2_tl_7" custom="readingOrder {index:6;}">
                <Coords points="726,3310 2667,3337 2974,3298 2977,3119 726,3227"/>
                <Baseline points="742,3299 787,3296 832,3296 877,3294 921,3291 966,3288 1011,3288 1056,3288 1100,3288 1145,3288 1190,3288 1235,3288 1280,3288 1324,3285 1369,3282 1414,3282 1459,3282 1503,3282 1548,3282 1593,3279 1638,3279 1682,3279 1727,3279 1772,3279 1817,3279 1861,3279 1906,3276 1951,3276 1996,3276 2040,3276 2085,3273 2130,3273 2175,3273 2219,3273 2264,3273 2309,3273 2354,3276 2398,3273 2443,3270 2488,3270 2533,3270 2577,3267 2622,3270 2667,3267 2712,3264 2756,3264 2801,3264 2846,3264 2891,3264 2935,3264 2980,3267"/>
                <TextEquiv>
                    <Unicode>Sie standen eben vor der Oper und gingen hinein.</Unicode>
                </TextEquiv>
            </TextLine>
            <TextLine id="tr_2_tl_8" custom="readingOrder {index:7;}">
                <Coords points="720,3479 2593,3482 2905,3453 2908,3307 720,3387"/>
                <Baseline points="736,3449 763,3452 808,3452 853,3452 898,3449 942,3446 987,3446 1032,3446 1077,3446 1121,3443 1166,3443 1211,3443 1256,3440 1300,3440 1345,3440 1390,3440 1435,3440 1479,3440 1524,3440 1569,3440 1614,3440 1658,3440 1703,3440 1748,3437 1793,3437 1837,3434 1882,3434 1927,3434 1972,3431 2016,3431 2061,3428 2106,3428 2151,3428 2196,3425 2240,3425 2285,3425 2330,3425 2375,3428 2419,3428 2464,3425 2509,3428 2554,3425 2598,3425 2643,3422 2688,3422 2733,3419 2777,3419 2822,3416 2867,3416 2912,3419"/>
                <TextEquiv>
                    <Unicode>Es war der meite Mai, ue dte viel bespfochene</Unicode>
                </TextEquiv>
            </TextLine>
            <TextLine id="tr_2_tl_9" custom="readingOrder {index:8;}">
                <Coords points="737,3634 2792,3607 3012,3583 3015,3444 1802,3542 740,3521"/>
                <Baseline points="757,3604 781,3604 826,3604 871,3604 915,3604 960,3604 1005,3601 1050,3601 1095,3598 1139,3598 1184,3598 1229,3598 1274,3601 1318,3598 1363,3595 1408,3595 1453,3595 1497,3595 1542,3595 1587,3592 1632,3592 1676,3589 1721,3589 1766,3589 1811,3589 1855,3589 1900,3589 1945,3589 1990,3586 2034,3586 2079,3586 2124,3586 2169,3586 2213,3583 2258,3583 2303,3583 2348,3583 2392,3583 2437,3583 2482,3583 2527,3580 2571,3580 2616,3577 2661,3574 2706,3571 2750,3571 2795,3571 2840,3571 2885,3568 2929,3568 2974,3568 3019,3568"/>
                <TextEquiv>
                    <Unicode>Vorstellung unter Norberts Mitwirkung xxx endlich</Unicode>
                </TextEquiv>
            </TextLine>
            <TextLine id="tr_2_tl_10" custom="readingOrder {index:9;}">
                <Coords points="737,3809 2082,3747 2590,3771 2724,3854 3054,3750 3057,3628 737,3676"/>
                <Baseline points="754,3762 775,3762 820,3762 865,3762 910,3762 954,3762 999,3759 1044,3759 1089,3759 1133,3759 1178,3759 1223,3759 1268,3756 1312,3753 1357,3753 1402,3753 1447,3753 1491,3753 1536,3750 1581,3750 1626,3750 1670,3747 1715,3750 1760,3750 1805,3747 1849,3747 1894,3744 1939,3741 1984,3744 2028,3744 2073,3741 2118,3741 2163,3741 2207,3738 2252,3738 2297,3738 2342,3738 2386,3738 2431,3738 2476,3738 2521,3738 2565,3735 2610,3735 2655,3732 2700,3732 2745,3732 2789,3732 2834,3732 2879,3732 2924,3735 2968,3732 3013,3732 3058,3732"/>
                <TextEquiv>
                    <Unicode>in Scene gehen sollte. Durch Fiedels Mitteilungen</Unicode>
                </TextEquiv>
            </TextLine>
        </TextRegion>
    </Page>
</PcGts>
