3544 4376
2467 466 2625 602 337.
620 726 1875 986 halts hier nicht mehr aus.
608 892 2836 1152 Der Zug hielt eben in Liesing und Nelke stürzte
620 1064 2848 1282 hinaus, gab dem Kontrolleur die Karte und stand
647 1222 2924 1415 im Freten. Mit Entzücken sog er die frische Land¬
632 1330 2894 1603 luft ein und atmete erleichtertn auf. Er sah ins
647 1497 2936 1702 Weite hinaus über die wogenden Felder zu den Ber¬
659 1687 2963 1863 genmödlings mit den Rutnen. Noch stand er da, in
659 1802 3093 2014 den prächtigen Anblick vertieft und während die
653 1944 2879 2222 letzten Morgennebel verschwanden, liess er sich
662 2102 2975 2310 von der frischen Morgenluft umwehen. - Da flüster
668 2274 2918 2461 te ihm plötzlich etwas ins Ohr: "Ludwig." Das war
668 2434 2906 2616 nicht der Morgenwind, der hat auch keine so wei¬
677 2585 2936 2755 che Hand, die sich auf die Schulter legt und hat
680 2724 2963 2915 nicht so süsse, welche Stimme... "Ludwig, Ludwig.
1841 2906 2017 3024 G.C.P.
695 2906 1690 3111 "Du bists, Estrella?"
692 3042 1182 3244 "Ioh bins.
695 3093 2924 3353 Wie schön sie jetzt war, als sie die glänzenden
708 3338 2939 3532 braunen Augen langsam emporschlug und væwind be¬
714 3480 2978 3653 wegt, die dunkeln Haare flatterten.! Was für Ge-
825 3991 943 4212 H.
