3464 4328
2709 407 2900 529 242.
655 700 2861 888 tel, während einze schwere Seidenschoss von der
661 840 2921 1032 schmalen Taille herabfiel. Eben wollte sie durch
667 954 3074 1172 das Tor gehen, als sich Kühle ihr in den Weg stell-
661 1139 2858 1340 te und nicht allzulaut, wenn auch sehr katego -
667 1307 2697 1486 risch sprach: "Mein Fräulein, Sie erlauben.
673 1432 2685 1645 Sie sah ihn erstaunt an. Er wurde feuerrot.
685 1606 3083 1779 „Sie wünschen mein Herr — oder irren Sie sich viel -
682 1770 1884 1946 leicht in meiner Person?"
688 1908 2861 2105 "O mein Fräulein, Sie kennen mich gewiss, wenn
691 2048 2849 2245 auch nur von einer lächerlichen Seite - leider
685 2296 1465 2413 auss ich sagen."
688 2341 3008 2556 Eben fiel das Licht einer Laterne auf Kühles Ant -
691 2524 3035 2703 litz und Talma rief aus. "Oh, ich kenne Sie wirk¬
706 2655 2799 2849 lich, „ und ein nicht allzu verletzendes Lä -
712 2817 3002 3008 cheln umspielte ihre Lippen. "Doch Sie wünschen!"
742 2945 3053 3181 "Mein Fräulein, es wird für uns beide besser sein,
712 3110 2936 3391 ich lege Ihnen die Sache schnell klar. Wenn Sie
727 3349 2138 3483 also kurze Zeit hören wollen!"
733 3474 2748 3612 "O bitte mein Herr, ich bin sehr gespannt."
739 3585 3071 3833 "Nun, dass ich Sie liebe, haben Sie schon bemerkt,
