3464 4312
2753 411 2894 567 61
729 687 2978 897 deutige Vergangenheit hinter stoh. Wie man mun -
732 822 3143 1050 kelte hatte sie vor Zeiten den Namen "Hausmeister -
729 1047 3023 1194 Adel" geführt und hatte in gewissen Wirtshäusern
744 1179 3104 1379 zu den bekannten Persönlichkeiten gehört. Aber als
747 1334 3098 1496 der junge Baron Linhmaus sich sterblich in sie ver
747 1442 3032 1670 liebte, verliess sie diese Laufbahn und trat in
765 1628 2885 1805 das wette Stadtum ihres Daseins, wo sie zwar
768 1781 2993 1940 Ihre Liebe zu anderen Männern noch nicht in das
771 1958 2888 2102 richtige Mass zurückzudrängen vermochte, aber
777 2096 2999 2258 doch durch die Fesseln der Ehe etwas im Zaun ge
777 2270 2990 2417 halten ward. Ihr Mann hatte eine unbezwingliche
768 2405 3005 2582 Reiselust und war höchstens einen Monat lang im
795 2576 2951 2750 ganzen Jahr in Wien; er kümmerte sich nach den
783 2726 2933 2882 Flitterwochen sehr wenig um seine Frau, woran
795 2873 3005 3023 ihr übrigens sehr wenig gelegen war. Das dritte
786 3014 2972 3206 §at Stadtum ihres Daseins begann zugleich mit
801 3158 2927 3371 dem vermehrten Hervortreten ihres Schnurbarts
810 3341 3107 3485 und dem stetigen Wach###sen ihrer Korpulenz. Ob th
813 3449 2975 3643 re Liebe zu den Männern zugleich perschwunden.
