3464 4312
2877 498 3016 649 58
595 772 3106 939 Anjang ist schwer. Kühle hatte schon ein Messer so ge
608 923 3038 1077 räuschvoll als möglich auf den Teller fallen lassen.
604 1071 3009 1244 hatte mehreremle tief geeufzt, hatte sich so meit
611 1254 3029 1395 als möglich über den Tisch gebeugt, um eine Flesche
611 1386 3192 1537 Wein in seine Nähe zu bringen. Eben da alles dies nicht
620 1540 3016 1694 fruchtete, war er zu dem verswifelten Entschluss ge
608 1662 3109 1833 kommen sein gefülltes Weinglas ausauschütten, als ein
620 1826 2977 1977 tiefer, gleichsam fragender Bltok aus Talmas Augen
617 2000 3083 2164 sein Antlts masterte und sich dunkelt Röte über sein
620 2183 3135 2302 Gesicht ergoss. Die übrigen waren eben in ein angele-
617 2324 3038 2459 gentliches Gespräch gekommen und keiner hatte Gele -
614 2472 3025 2623 genheit ihre Blicke und seine Verlegenheit zu bemer
617 2601 2971 2765 ken. Von nun an ruhten ihre Augen öfter und länger
620 2781 3106 2910 auf ihm, wie ihn bedünnen wollte., und es war ihn bei
614 2881 3125 3057 nahe unangehehn, als dte Tafel für aufgehoben erklärt
627 3074 3038 3231 wurde. Nun aber wurden die Gäste aufgefordert, sich
633 3199 3176 3369 in den Tanzenal zu begeben und dort —süsse Hoffnungen
624 3398 2087 3575 schwallten des Studenten Brust.
611 3540 2996 3672 Ein steifbeiniger Leutnant fordorte sie zuerst auf
620 3668 2897 3861 zu tansen. Mit sichtlichen Zögern nahm sie seine
