3496 4328
2556 504 2734 659 227.
679 746 2781 1035 FaIke heraus, indem er eine drohende Gebände
685 1105 1035 1221 machte.
732 1096 2868 1329 "Also Herr Falche und Herr Flech" begann Jakob
700 1300 2874 1507 Mager von neuem, indem er det Augen sehr
711 1446 2956 1641 verdrehte, das ist mal leider nicht das chanze!"
729 1565 2874 1796 "Himmel! Noch etwas?!" rief Flock, während der
729 1761 2976 1982 gemesserene Kanzletrat seine Stirn in Falten zog
735 1892 2889 2113 und sich in die Lippen biss. "Nun?" fragte er.
758 2043 2976 2245 "Also, an demselben Tache, wo ich die beiden zu¬
755 2154 3087 2411 sammen chechen sah, beoham Ihr Sohn, der überhaupt
764 2341 2941 2568 in der letzten Zeit nicht sehr aufmerchsam ist,
764 2510 3107 2714 einen Brief in die Schule und da ich Arthur Falche
767 2673 2938 2918 betrachtete, als er ihn las, wurde ich chewahr
781 2795 3110 3029 dass sein Chasicht eine freundliche Miene zeichte.
770 2915 3104 3177 Also ich habe mal die beiden juchendlichen Lieben
781 3107 3069 3323 den in Verdacht, dass sie miteinander chorespon -
2571 3256 2807 3428 G.H.P.
799 3384 1166 3495 dieren."
790 3390 3107 3635 Ein schmerzhaftes "oh" entrang sich der Bru st des
793 3536 3113 3836 Herrn Fleck, während die des Kanzleirats sich un¬
