3352 4184
2797 362 2940 584 24
475 522 3009 717 te gedacht sie würde Dir ein Geständnis machen und Dir
471 680 3084 960 das Ganze erzählen, das wäre viel interessanter gewesen.
458 878 1062 1052 Aber so....“
471 1028 2865 1192 "Und wie heisst das schöne Fräulein?“ fragte Fritz.
482 1124 3005 1400 "Fanny Floch", war die Antwort. "Nun aber genug davon,
475 1305 3022 1503 jetzt erzählt Ihr etwas, nachdem ich Euch unterhalten.
458 1479 3094 1653 Kühle machte ein Gesicht wie ein Fragezeichen. "Unterhal
475 1639 2971 1786 ten?" fragte er gedehnt. "Nun, ich habe mir Schöneres
471 1786 1048 1984 vorgestellt.
475 1912 3152 2104 "Nun er freu Du uns mit einer Neuigkeit, teurer Fritz", er
468 2080 3019 2329 mahnte Feld."Du bist heute unendlich schweigsam, findet
451 2250 1031 2459 Ihr nichty"
468 2377 2025 2609 „Unfraglich“, meinten die andern.
345 2551 2462 2766 „Hm, ja ich bin schweigsamer, als sonst?"
468 2735 2957 2899 "Fritz, Fritz, das muss seine Gründe haben", vermutete
454 2923 864 3060 Otfried.
471 3012 3210 3251 "Nun, ich kanns Euch ja nicht länger verheimlichen," sprach
451 3176 3149 3367 Faike," denn Ihr seid ja meine Freunde. Drum will ich Euch
454 3347 3166 3552 alles gestehen, alles will ich.... " plötzlich stockte er
471 3504 3142 3688 "Warum fährst Du nicht fort?" fragte Kühle, " das scheint
