3368 4216
2596 325 2738 484 68
666 611 2929 829 teils waren einige, die beisammen standen in ein
661 791 2941 994 Gespräch vertieft, das nicht immer über die Schu
664 974 2874 1145 le handelte. So waren zum Betsptel auch die Wor
675 1078 2932 1289 te, die die beiden Kollegen Sinnig und Falke mit
695 1237 2912 1460 einander austauschten nur vermittelst einer et -
681 1391 2999 1608 was weitläufigen Ideenassociation mit der Schule
704 1553 2767 1750 in Verbindung zu bringen, wie wir gleich hö
684 1767 1220 1944 ren werden.
716 1843 2532 2040 "0 weh, Sinnig, o weh!" sagte der eine.
719 2031 2448 2205 "Was ist Dir denn!" fragte der andre.
724 2170 2779 2347 „Ich werde sie nur mehr selten sehen können!
716 2361 1544 2527 Weisst Du warum?"
2017 2474 2185 2637 G.H.P.
1246 2541 1533 2657 mais a V:A:S:
733 2509 1217 2674 "Geh weg."
733 2622 2483 2831 "Mein Vater hat einen Wagen genommen!"
1849 2813 2292 2964 V.A.P.M.
748 2822 1145 2961 "No - 1"
1205 2819 1524 2979 wollen
750 2915 2947 3103 "Sei nicht so dumm, Sinnig! Non! No! Was heisst
748 3115 3031 3286 das? Mitfahren werd ich müssen, aller Wahrschein
739 3231 3066 3445 liohkeit nach; und sehr oft! Als ob er davon wilss
739 3413 2744 3613 te - wirklich; es tst rein zum Tollwerden.
