3624 4376
2544 514 2739 664 292
721 918 1761 1100 ihr in der Dunkelheit.
733 1029 2948 1247 "Leben Sie wohl, Fräulein Door," rief ihr Bruch
742 1148 3029 1378 nach, der mit Nelke in ein Gespräch vertieft war.
748 1337 2864 1543 „Woher wissen Stel“ hatte ihn dieser gefragt.
748 1474 3005 1650 "Oh, es gibt Briefchen, man erfährt so unter der
750 1609 3086 1833 Hand davon. Was übrigens meine Schwester Berta an¬
768 1758 2984 1997 belangt, nun, ich will Berta nicht etfersüchtig
762 1979 1217 2156 machen...“
780 2063 2993 2266 Und so sprachen die beiden weiter; endlich trat
792 2266 1791 2458 Waschlapskt zu ihnen.
801 2395 2781 2601 "Ich denke wir gehen, es tst Mitternacht!"
813 2482 3163 2799 "Erst Mitternacht!" fragte legere der Bursch. wäh¬
810 2667 3217 2894 rend sie sich auf den Hetmoeg machten. "So früh bin
813 2876 2470 3059 ich lang nicht nach Hause gekommen.
852 3271 3190 3492 "Nicht möglich," sagte Fritz Falke zu Hermann Fie¬
837 3355 3181 3678 del, als beide gegen x### Uhr morgens die Linkmau
511 3358 646 3570 6/5
843 3555 3131 3836 siana verliessen. "Nrcht möglich,
