3480 4360
2544 589 2738 743 33«
811 924 2660 1130 "Aber hier, Tresloser! "Süsse Estrella."
820 1082 3154 1278 "Gewiss- aber schrieb ich etwa: "Mir ewig süsse Es
817 1201 3127 1385 trella?" Und gesetzt schon, dass Du mir immer und
829 1382 3172 1555 immer, süss bist, das braucht mich gar nicht zu hin
826 1531 3213 1703 dern zu heiraten. Du wirst selbstverständlich nicht
814 1682 3088 1876 Hochzeit machen wollen— eine Ballettänzerin, die
826 1822 3210 2006 die schönste Karriere vor sich hat, die braucht xxx
829 1992 1938 2161 nen armen Professor —"
859 2116 3091 2307 "Einen armen Professor! der drei Häuser besitzt!
889 2265 3023 2443 "Kurzum, lassen wir das. Steh zu, dass Du Dich
850 2426 3240 2607 schnell wieder verliebst. In mich bist Dus ja nicht
850 2637 1162 2776 mehr. “
868 2770 2140 2934 "So, und wer sagt Dir das?"
907 2886 3154 3082 "Keine Idee, Du bildest Dir nur ein, mich zu lie¬
871 3023 3169 3243 ben! S'ist ja gar nicht wahr. Dein sechehnjäriges
856 3201 3228 3398 Herz ist so leibebedürftig— und da schloss es sich
868 3380 3115 3528 an das erste, welches ihm heftig entgegenschlug,
862 3513 3181 3704 Dein Mund, meine Süsse, küsst gern- und da presst
874 3680 3213 3835 er sich an die ersten Lippen, die sich xxx ihm dar-
