3576 4376
2560 358 2746 500 315
695 789 1670 1020 „Wohin geht Ihr Wegr
721 884 2315 1135 Gegen den Wald zu," antworte ich.
727 976 3080 1336 "Nun, da geh ich eben auch hin - oder ist es Ihnen
736 1109 3074 1481 unangenehm, wenn ich sie bitte, mich zu begleiten?
733 1316 3012 1590 Dann sagte sie mir, sie hätte von meinem Unglück
780 1437 3012 1762 gehört, ich solle mich nur trösten, war in jeder
763 1605 3072 1910 Beziehung freundlich - Ihr könnt Euch denken, wie
789 1762 3069 2049 trefflich ich mich in jeder Beziehung unterhielt.
792 1913 3145 2185 Jetzt steh ich selbstverständlich in Korrespondenz
810 2055 3193 2347 mit ihr - kurz, die Geschichte ist sehr einfach, es
825 2220 3205 2498 ist im Grunde nichts dran, aber für mich ist sie um
840 2347 3137 2661 endlich wichtig. Damals ist eine ganz neue Epoche
854 2498 3018 2803 in mein Leben eingetreten. Ihr wisste, dass ich
866 2661 3240 2986 früher in jeder Beziehung sehr unordentlich war, xxx
860 2800 3243 3125 nichts lernte, mit den Mädeln allerlei Unfug trieb,
881 2971 3225 3284 bis eben die Geschichte mit dem Repotieren und der
881 3131 3202 3412 Rosa dazukam. Nun aber, lieber Falke, könntest Du
893 3320 2522 3568 mir Deine Liebesaffaire erzählen."
928 3568 1407 3740 "Wa- was?"
