<?xml version="1.0" encoding="UTF-8" standalone="yes"?>
<PcGts xmlns="http://schema.primaresearch.org/PAGE/gts/pagecontent/2013-07-15" xmlns:xsi="http://www.w3.org/2001/XMLSchema-instance" xsi:schemaLocation="http://schema.primaresearch.org/PAGE/gts/pagecontent/2013-07-15 http://schema.primaresearch.org/PAGE/gts/pagecontent/2013-07-15/pagecontent.xsd">
    <Metadata>
        <Creator>prov=READ-COOP:name=TrHtr:version=2.1.0:model_id=51170:date=14_08_2023_17:56</Creator>
        <Created>2023-05-10T14:32:53.120+02:00</Created>
        <LastChange>2023-08-14T17:56:46.569+02:00</LastChange>
        <TranskribusMetadata docId="1428639" pageId="55423580" pageNr="316" tsid="132819741" status="IN_PROGRESS" userId="64420" imgUrl="https://files.transkribus.eu/Get?id=SWPUJOGAHSWLASKSPKYIREQR&amp;fileType=view" xmlUrl="https://files.transkribus.eu/Get?id=PBDODRFJLPPBWIJLUZCYUUTA" imageId="44697659"/>
    </Metadata>
    <Page imageFilename="1428639_0316.jpg" imageWidth="3480" imageHeight="4232">
        <ReadingOrder>
            <OrderedGroup id="ro_1711819221227" caption="Regions reading order">
                <RegionRefIndexed index="0" regionRef="tr_1"/>
            </OrderedGroup>
        </ReadingOrder>
        <TextRegion id="tr_1" custom="readingOrder {index:0;}">
            <Coords points="707,457 2963,457 2963,2478 707,2478"/>
            <TextLine id="tr_1_tl_1" custom="readingOrder {index:0;}">
                <Coords points="2582,528 2608,525 2619,537 2684,520 2723,542 2734,531 2745,540 2790,525 2793,393 2748,405 2737,396 2703,424 2672,433 2636,416 2585,427"/>
                <Baseline points="2599,510 2644,510 2689,510 2733,507 2778,510 2796,510"/>
                <TextEquiv>
                    <Unicode>40p.</Unicode>
                </TextEquiv>
            </TextLine>
            <TextLine id="tr_1_tl_2" custom="readingOrder {index:1;}">
                <Coords points="688,913 1928,829 2653,874 2872,840 2917,739 694,756"/>
                <Baseline points="707,862 728,862 772,859 817,859 862,859 907,856 952,856 996,856 1041,856 1086,856 1131,853 1175,850 1220,850 1265,850 1310,850 1354,847 1399,847 1444,847 1489,847 1534,844 1578,844 1623,844 1668,844 1713,841 1757,844 1802,838 1847,838 1892,835 1936,832 1981,832 2026,829 2071,826 2116,829 2160,826 2205,826 2250,826 2295,823 2339,823 2384,823 2429,823 2474,820 2518,820 2563,817 2608,820 2653,820 2697,814 2742,817 2787,817 2832,811 2877,811 2921,808"/>
                <TextEquiv>
                    <Unicode>schieden von einander. Sie wussten keiner, wann</Unicode>
                </TextEquiv>
            </TextLine>
            <TextLine id="tr_1_tl_3" custom="readingOrder {index:2;}">
                <Coords points="691,1045 919,1090 1191,1012 2509,972 2703,1037 2813,1000 2816,874 2498,941 2422,882 2164,944 1456,919 1354,857 694,933"/>
                <Baseline points="707,1008 716,1008 761,1008 805,1008 850,1008 895,1008 940,1008 984,1008 1029,1005 1074,1005 1119,1005 1163,1002 1208,999 1253,999 1298,999 1343,996 1387,996 1432,996 1477,996 1522,993 1566,993 1611,993 1656,993 1701,990 1745,990 1790,987 1835,987 1880,987 1924,987 1969,984 2014,984 2059,984 2104,981 2148,978 2193,975 2238,975 2283,972 2327,972 2372,975 2417,972 2462,969 2506,969 2551,966 2596,966 2641,963 2686,963 2730,963 2775,961 2820,961"/>
                <TextEquiv>
                    <Unicode>sie sich wiedersehen würden, die Gräfin wusste</Unicode>
                </TextEquiv>
            </TextLine>
            <TextLine id="tr_1_tl_4" custom="readingOrder {index:3;}">
                <Coords points="700,1222 1627,1144 2186,1217 2507,1144 2838,1183 2866,1034 702,1054"/>
                <Baseline points="716,1166 722,1163 767,1163 811,1163 856,1163 901,1163 946,1160 990,1160 1035,1157 1080,1157 1125,1157 1169,1154 1214,1157 1259,1154 1304,1154 1348,1152 1393,1154 1438,1152 1483,1152 1528,1146 1572,1146 1617,1143 1662,1143 1707,1143 1751,1140 1796,1140 1841,1140 1886,1140 1930,1137 1975,1137 2020,1137 2065,1137 2110,1134 2154,1131 2199,1131 2244,1128 2289,1128 2333,1128 2378,1128 2423,1125 2468,1125 2512,1125 2557,1125 2602,1122 2647,1122 2692,1122 2736,1116 2781,1113 2826,1113 2871,1113"/>
                <TextEquiv>
                    <Unicode>nicht, wohin der Herr Gemahl jetzt reiste. Ihm</Unicode>
                </TextEquiv>
            </TextLine>
            <TextLine id="tr_1_tl_5" custom="readingOrder {index:4;}">
                <Coords points="694,1383 2369,1279 2675,1346 2922,1273 2863,1175 1683,1256 700,1222"/>
                <Baseline points="713,1313 737,1313 781,1316 826,1313 871,1313 916,1313 961,1310 1005,1313 1050,1310 1095,1307 1140,1307 1184,1304 1229,1304 1274,1301 1319,1304 1363,1304 1408,1301 1453,1301 1498,1301 1542,1298 1587,1298 1632,1295 1677,1295 1722,1295 1766,1295 1811,1295 1856,1292 1901,1292 1945,1289 1990,1289 2035,1286 2080,1286 2124,1283 2169,1283 2214,1283 2259,1280 2304,1280 2348,1280 2393,1277 2438,1277 2483,1274 2527,1274 2572,1274 2617,1274 2662,1274 2706,1271 2751,1271 2796,1268 2841,1265 2885,1262 2930,1256"/>
                <TextEquiv>
                    <Unicode>selbst war sein Ziel noch unbekannt und er dach</Unicode>
                </TextEquiv>
            </TextLine>
            <TextLine id="tr_1_tl_6" custom="readingOrder {index:5;}">
                <Coords points="708,1515 1633,1447 2425,1495 2922,1425 2925,1346 711,1371"/>
                <Baseline points="725,1468 737,1465 781,1465 826,1465 871,1465 916,1462 961,1465 1005,1465 1050,1462 1095,1459 1140,1459 1184,1459 1229,1456 1274,1456 1319,1456 1363,1453 1408,1453 1453,1453 1498,1453 1542,1450 1587,1450 1632,1447 1677,1447 1722,1450 1766,1447 1811,1447 1856,1444 1901,1444 1945,1444 1990,1438 2035,1441 2080,1438 2124,1441 2169,1438 2214,1435 2259,1432 2304,1432 2348,1429 2393,1429 2438,1426 2483,1426 2527,1426 2572,1426 2617,1423 2662,1423 2706,1423 2751,1423 2796,1420 2841,1417 2885,1414 2930,1411"/>
                <TextEquiv>
                    <Unicode>te wohl kaum darüber nach, als er jetzt langsam</Unicode>
                </TextEquiv>
            </TextLine>
            <TextLine id="tr_1_tl_7" custom="readingOrder {index:6;}">
                <Coords points="697,1720 1560,1602 2757,1616 2959,1574 2962,1503 1166,1574 700,1517"/>
                <Baseline points="716,1614 725,1614 769,1614 814,1614 859,1614 904,1611 949,1611 993,1611 1038,1611 1083,1611 1128,1611 1172,1611 1217,1608 1262,1605 1307,1605 1351,1605 1396,1602 1441,1599 1486,1599 1531,1599 1575,1599 1620,1596 1665,1596 1710,1593 1754,1593 1799,1593 1844,1593 1889,1590 1933,1593 1978,1593 2023,1590 2068,1587 2113,1587 2157,1584 2202,1584 2247,1584 2292,1584 2336,1581 2381,1581 2426,1581 2471,1578 2515,1575 2560,1575 2605,1575 2650,1572 2694,1572 2739,1572 2784,1569 2829,1566 2874,1563 2918,1563 2963,1560"/>
                <TextEquiv>
                    <Unicode>durch die schwachbeleuchteten Strassen der Stadt</Unicode>
                </TextEquiv>
            </TextLine>
            <TextLine id="tr_1_tl_8" custom="readingOrder {index:7;}">
                <Coords points="697,1787 739,1810 776,1801 801,1824 863,1784 894,1801 936,1787 992,1829 1076,1804 1135,1810 1135,1666 1076,1672 1048,1694 955,1692 902,1672 849,1714 764,1683 697,1720"/>
                <Baseline points="713,1766 740,1763 784,1763 829,1763 874,1763 919,1760 963,1760 1008,1760 1053,1757 1098,1757 1143,1760"/>
                <TextEquiv>
                    <Unicode>wandelte.</Unicode>
                </TextEquiv>
            </TextLine>
            <TextLine id="tr_1_tl_9" custom="readingOrder {index:8;}">
                <Coords points="868,2091 2532,2063 2695,2046 2698,1911 2136,1874 1590,1959 1413,1911 874,1950"/>
                <Baseline points="886,2080 910,2077 955,2077 999,2080 1044,2077 1089,2074 1134,2074 1178,2071 1223,2071 1268,2071 1313,2071 1357,2071 1402,2068 1447,2068 1492,2068 1537,2068 1581,2068 1626,2065 1671,2065 1716,2065 1760,2062 1805,2062 1850,2062 1895,2062 1939,2062 1984,2062 2029,2059 2074,2056 2118,2056 2163,2056 2208,2053 2253,2050 2298,2050 2342,2053 2387,2047 2432,2044 2477,2044 2521,2041 2566,2041 2611,2038 2656,2035 2700,2038"/>
                <TextEquiv>
                    <Unicode>Gesicht nur sein, der Kutscher ho</Unicode>
                </TextEquiv>
            </TextLine>
            <TextLine id="tr_1_tl_10" custom="readingOrder {index:9;}">
                <Coords points="2495,2296 2537,2318 2577,2304 2594,2324 2647,2324 2678,2344 2743,2310 2796,2332 2908,2285 2911,2200 2866,2203 2841,2186 2793,2223 2776,2206 2723,2211 2670,2242 2498,2214"/>
                <Baseline points="2512,2295 2557,2298 2602,2295 2647,2292 2692,2289 2736,2286 2781,2280 2826,2283 2871,2283 2915,2280"/>
                <TextEquiv>
                    <Unicode>Du même</Unicode>
                </TextEquiv>
            </TextLine>
            <TextLine id="tr_1_tl_11" custom="readingOrder {index:10;}">
                <Coords points="2186,2470 2223,2464 2256,2481 2287,2464 2344,2492 2383,2467 2431,2478 2526,2462 2574,2476 2627,2459 2633,2341 2571,2338 2537,2360 2492,2349 2394,2383 2338,2366 2251,2380 2192,2346"/>
                <Baseline points="2202,2468 2232,2465 2277,2462 2321,2462 2366,2459 2411,2456 2456,2456 2500,2453 2545,2453 2590,2450 2635,2447"/>
                <TextEquiv>
                    <Unicode>G.H.F.P.</Unicode>
                </TextEquiv>
            </TextLine>
        </TextRegion>
    </Page>
</PcGts>
