3496 4376
2541 489 2720 637 381
626 766 2916 1108 in der Loge sass. Sie sah auch sehr viel herüber.
617 962 2880 1248 Sollte sie mich lieben, dachte der Schauspieler,
637 1102 2845 1439 sehr viele glühende Bliche hat sie hierher ge-
626 1257 2857 1564 worfen, wes anders sollten sie gelten, als mir?
637 1406 3029 1692 Freilich, ich kann die Bliche nicht so glühend er-
649 1579 2860 1862 widern, meine Augen schauen nur dämonisch, me-
685 1695 2931 2046 phistophelisch, trentsch, kal t- aber Liebe kön -
676 1900 2958 2133 nen sie nicht sprühen. Er lächelte unwillikürlich
691 2055 2883 2323 dabet. -.Dämonisch, mephistophelisch, trontsch,
703 2303 1051 2487 kalt. "
697 2326 2636 2627 „Woran denken Sie denn!“ fragte die Rank.
718 2586 1823 2797 "Ich? Warum, Fräulein?"
721 2639 2752 2943 "Ste verziehen Ihnen Mund so eigentümlich."
730 2857 3059 3083 "Ich verziehe meinen Mund? Erlauben Sie, ich habe
736 2970 2681 3220 geldchelt, ich habe dämonisch gelächelt."
769 3214 1343 3405 "Dämonisch?"
757 3268 2869 3548 "Jawohl, mein Fräulein, dämonisch, mephisto -
754 3530 1257 3729 phalisch.“
769 3619 2973 3863 Strohmüller hatte die ganze Zeit mit einem mög¬
