3432 4328
2435 537 2679 760 104
607 904 733 1018 G.F.P.
598 901 2904 1135 Seinem Intimus erzählte er sogleich sein heutiges
598 1071 2863 1294 Erlebnis, worauf ihn jener mit der Nachricht be-
619 1232 2778 1432 glückte, dass er Herrn Professor Nelke mit der
628 1350 2819 1552 "teuersten. Estrella", unbemerkt von denselben,
634 1493 2881 1713 erblickt habe. Die Kollegen machten in Bezug dar
642 1696 2673 1866 auf, höchst frtvole und flegelhafte Grossen
631 1819 2981 2071 Kaum eine Stunde nachdem sie den Hetmoeg angetre -
654 1986 2969 2165 ten hatten, gingen durch dasselbe Tor die Baronin
642 2127 2975 2341 Adelatde Linhmaus am Arme des stetfbeinigen Herrn
645 2282 2790 2488 Leutrants, hinter ihr wandelte Fräulein Talma
672 2429 2893 2661 am Arme des Herrn Kuno Strohmüller; während sich
672 2538 3036 2808 zwischen den beiden Damen der Schauspieler Norbert
695 2711 2972 2945 herumtrieb; bald sagte er dieser, bald jener Ga-
698 2878 2775 3101 lanterien. Unwetfelhaft kamen die gegen die
704 3022 2899 3251 Balletteuse gedusserten mehr vom Herzen. Kühle,
713 3171 2978 3394 der Junge Student Kühle trieb sich in gert agern
707 3327 2975 3576 Entfernung der Gesellschaft herum. Er war diesen
704 3476 2960 3699 Abend wieder unglücklich gewesen. Keine Se
1379 3497 1534 3585 sehr
725 3626 2896 3896 kunde war er von Talmas Seite gewichen. Einmal
742 3758 3019 4031 hatte sie sich sogar umgedreht und ganz laut auf
2649 3934 2934 4037 - 24 -
