3448 4328
2730 495 2932 673 246
742 823 2914 977 Ausdruck merkwürdig von denvübrigen Wesen der
748 974 3016 1137 Dame abstach, im Saale herum. Es war die Tragödin
757 1122 2935 1288 Katharina Bank vom Stadttheater, eine wirklich
760 1285 3022 1433 vertreffliche Schauspielerin, die übrigens durch
772 1427 3113 1611 ihren sehr lustigen Lebenswandel wieder gut zu mae¬
763 1596 3058 1761 chen suchte, dass sie zwei- bis dremal in der Wo-
769 1761 3071 1897 che unglückliche Mädchen spielen musste. Auch ste
763 1876 2893 2078 hatte eine Vergangenheit, hinter sich, die an
757 2045 3028 2223 Pikanterie nichts zu wilnsohen übrig liess. In den
766 2187 2938 2338 letzen fagen, die Adelaide Linkmaus-damals noch
760 2310 2968 2503 Hausmeister Adel’-als Chansonettensängerin ver-
763 2488 3028 2648 Brachte, war nämlich ein neuer Stern am Orpheupe
769 2663 3025 2814 himmel aufgetaucht, ein reizendes fünfzehnjähri-
769 2781 3191 2944 ges Mädchen, das sowohl durch Erscheinung als Stimme
769 2947 2950 3122 die allgemeine Aufmerksamkeit des betreffenden
763 3098 3071 3258 Publikums auf sich zog. Auch die Freundschaft der
769 3270 3185 3408 doppelt so alten Adele hatte sich das schwarze Küth
769 3402 3083 3568 chen zu erwerben gewusst, selbst als sie kurz da¬
766 3553 3119 3800 raf von dem Baron Linkraus geehelicht wurde dauon-
