3576 4392
2630 443 2818 652 376
691 779 3057 1124 Die betden Ehegatten retohten sich die Hand und er
717 962 3037 1216 ging nach einer letchten Verbeugung gegen die Her¬
729 1089 2916 1340 ren, zur Türe hinaus. Er traf eben die Rank und
735 1251 3019 1487 die Rether, welche während der letzten Klänge der
744 1396 3043 1724 Ouvertüre hereintraten. Kühle verabschiedete sich
747 1564 3055 1868 nochmals und ging ins Parterre, wo er seinen Sitz
756 1688 3137 2048 aufstellte und sich eben niederliess, als der Vor-
753 1983 1974 2181 hang aufgezogen wurde.
750 2013 2975 2343 Die Ballerinen sahen mit entzückten Blicken auf
758 2219 3043 2488 Sigismund, welcher mit grossen Schritten, gleich
776 2367 2998 2633 beim ersten Aufgehen des Vorhangs auf die Bühne
785 2461 3007 2801 sohritt. Aber er war auch schön, der Ritter Si
797 2633 3111 2963 gismund, in der hohen, schlanken Gestalt mit
803 2768 3134 3013 den edeln regelmässtgen Zügen. In dem Schatten ei
806 2939 2936 3170 ner Koulisse standen Prinzessin Bella und ein
812 3232 1310 3353 Berggeist.
838 3238 2993 3474 "Du bist alsd Student?" fragte die Prinzessin.
841 3373 2996 3633 "Ja, ich bin Student und ich liebe Dioh," erwi
838 3680 1788 3810 derte der Berggeist.
