3464 4328
2544 426 2734 582 270
809 745 3160 969 garten sehr gut amüstert hatte. Als sie nach Hause
809 907 3273 1103 gekommen war, unterhielt(?) sich schon Josef mit ihm
806 1110 1300 1263 Frau Mama.
831 1146 3062 1379 "Ich weiss wirklich nicht, von ich lieber habe!"
815 1346 3080 1560 murmelte sie vor sich hin, allein im halbdunkeln
736 1480 2982 1729 Vorzimmer stehend, "einmai ists der, einmal der.
742 1658 3062 1827 Und während sie so in Gedanken dastand, hörte sie
736 1818 2967 1974 Lärm und Schreten auf der Treppe, Tritte wurden
751 1968 2998 2136 vernehmbar und es wurde heftig an der Glocke ge-
754 2173 1097 2329 rissen.
766 2277 2927 2473 "Ist die Fanni zu Hause?" hörte sie die Stimme
772 2446 2676 2605 thres Vaters, noch ehe sie öffnen konnte.
782 2559 3025 2740 "Ah, da bist Du ja," schrie der aufgeregte Vater
782 2709 2985 2915 stene Tochter an, die schnell aus ihren Träumen
785 2930 1361 3108 erwacht war.
779 3004 3108 3200 Und jetzt kamen die drei Brüder zur Türe hereinge-
785 3172 3080 3362 rannt, erhitzt und lachend, mit den Ballen in der
775 3341 3080 3528 Hand und sachlugen mit der grössten Kraft die Tü¬
794 3503 2670 3736 re zu, dass das ganze Haus wiederhallte.
