3480 4312
2867 582 3044 720 111
765 873 2951 1062 ne Schüler des chaiserlichen chöniglichen acha
774 1071 2900 1223 demischen Chymnastums.Aber das ohann ich mal
762 1202 2957 1337 schwören, bei allen Hetlichen, ich habe eheine
762 1385 2288 1541 Silbe in diesem Buch chalesm.
792 1508 3092 1664 "Nun", sagte Falke, indem er den Redner, der stch
759 1643 3044 1805 nun erschäpft in einen Sessel hatte zurückstnken
765 1832 3110 1985 lassen, mit etwas misstrautschen Blichen musterte,
810 1997 3116 2129 "nun ich hoffe, Sie haben die Wahrheit gesprochen,
780 2120 1589 2273 ich will hoffen."
792 2249 2993 2441 "Also," begann Mager, eine beleidigte Miene zei
780 2429 3092 2570 gend, "also das ist mal übel, dass ich meih Manus
780 2576 3044 2735 chript nicht finden chann." Dabei schüttelte und
780 2732 3194 2867 rüttelte er seinen Rock, zog seine Weste hinauf und
783 2870 3017 3044 hinunter, griff so tief als möglich in seine Ho
786 3023 3194 3170 sentaschen, aber alles vergebens. Der Schweiss trat
789 3173 3029 3371 dem bedauernswerten Manne auf die Stirn und wäh
780 3347 3125 3491 rend er mit der einen Hand weiter und weiter such
792 3503 2972 3667 te, wischte er sich mit der andern die Tropfen
789 3640 3098 3799 vom Gesicht. Endlich wurde es ihm selbst zu viel,
