3512 4328
2928 522 3106 663 362.
849 829 3030 1097 sich niederzog. "Mein Süsser, Lieber sag ihnen
858 1036 3202 1229 doch, eine Familie hätte Dich hier zurückgehalten,
858 1165 3132 1383 dte Du seit Jahren nicht gesehen, sie seien doch
855 1322 3071 1553 wohl gross genug, um allein den Weg zu finden.,
890 1497 2942 1722 "Also, ich soll mal gehen, meine Pflicht..."
873 1667 3006 1830 "Pflichten, mein Geliebter, hast Du nur gegen
867 1848 1197 2005 mich.“
890 1918 3222 2131 "Also Sie verführen mich mal und erwecken in mei -
876 2075 3146 2297 nem Bu.... in meiner Brust will ich sagan, chott
890 2253 3106 2446 lose Gedanken. Also, ich erkenne das und es ist
896 2396 3068 2601 sehr übel von Ihnen. Ich werde mal entfliehen.
884 2563 3184 2732 Er wollte fort. Mit sanfter Gewalt aber mit einer
902 2712 3073 2907 unedlich starken zog sie ihn an ihren Bäen und
899 2898 1900 3071 küsste den Geliebten.
911 3033 3132 3205 "Ich muss wohl folchen," murmelte er, "also ich
916 3126 3222 3392 chehe nur, um meinen Schülern das zu sachen. Also
902 3348 1871 3552 Sie warten mal da. "
902 3482 3211 3669 Er machte sich auf den Weg und bald war er in der
911 3619 3193 3885 Finsternis verschwunden. Bei dem geheimnisvollen
