3480 4344
2724 567 2913 703 280
703 917 1670 1103 unmöglich zu machen.
700 1050 3148 1246 Arthurs Träume schweiften zu Fanni, er träumte, dass
722 1236 1893 1410 er sie küsste, kübste...
703 1376 2953 1525 Aber das träumte er immer, jede Nacht lag er an
728 1537 1924 1714 ihren Lippen.... im Traum!
716 1652 3210 1884 Das war freilich nicht sehr moralisch, aber wer weis
747 1797 2981 1996 ob es ihr nicht ebenso ging? Ihr, die jetzt ein¬
744 1971 3105 2151 geschlummert uar bei der mattflackernden Lampe und
741 2123 3065 2296 auch träumte. Doch was liegt da neben ihr für ein
744 2346 1057 2476 Blatt?
731 2402 3108 2653 Ah, es ist das Tagebuchblatt Josef Kränzleins, das
765 2600 3186 2783 er im Weggehen verloren und das Fanni gelesen hatte,
765 2755 2947 2904 bevor sie an jenem Türspalt mit eigentümlichen
765 2907 1673 3065 Gefühlen gelauscht.
412 2962 589 3204 24/1
778 3037 3012 3220 “Heute war wieder einmal eine lustige Feltottas-
772 3201 2996 3356 sitzung. Ich kam um fünf Uhr hin, die grosse
772 3322 2941 3523 Fanni, die kleine Fannt, die Mattlde Liebmann.
778 3508 3052 3669 Pauline Land, noch viele andere ganz hübsche, ja
787 3632 2947 3839 sogar reizende Mädchen, von Reben zum Exempel,
