3416 4248
2681 349 2832 484 26
380 524 1213 786 Stillen machen.“
454 685 3158 887 „Woran Du gar nicht übel tun wirst“, ergänzte Kühle. “Lass
437 843 3084 1048 Dich nicht hindern Fritz, fahre nur fort, die Hauptsache
538 1025 2036 1243 wissen wir, Du bist verliebt. "
491 1149 3095 1341 "Und wie", rief Falke begeistert aus. „Oh Ihr solltet sie
464 1307 3021 1515 sehen, Freunde, und Ihr sollt sie auch sehen, sie ist in
474 1482 1989 1670 der grossen Oper Ballettänzerin.
2880 1455 3155 1643 G.F.S.O
511 1660 2439 1845 "Gar eine Ballettänzerin," seuste Otfried.
2960 1630 3118 1798 ma 1e
501 1818 2916 2009 Ihr Künstlername tst Estrella.. ein schöner Name...
497 1932 3118 2140 "Wenn ich Dich bitten dürfte, erzähle etwas ordentlicher,
487 2083 2977 2248 ermahnte Feld. "Ich verstehe bis jetzt kein Wort. Wie
487 2208 3037 2449 hast Du ste kennen gelernt.? Hast Du sie schon gespro
491 2436 1357 2570 chen und geküsst?“
511 2597 1384 2718 "Keins von beiden."
2916 2550 3162 2809 G.C.F.P.
517 2597 2883 2863 "Nun weit bist Di eben nicht," spöttelte Wahlmann.
517 2796 3111 3007 "Ich sah sie ja gestern das erstemal. Oh wie sie tanzte,
504 2994 1102 3175 wte ste....
2843 3021 3095 3195 G.F.P.
514 3078 2718 3333 „Am Ende wie Fräulein Lambert," höhnte Otfried.
554 3326 3048 3488 "Sie ist rein, keusch, edel, sie tst nicht wie die an
517 3437 1640 3619 dern ihres Geltchters.
1667 3578 1784 3743 Dr.
