3352 4184
2935 336 3083 474 21
488 467 3063 726 neuester Zeit Lehrer in der achten Klasse der Währinger
491 676 2347 888 Mädchenschule,wer weiss, wer weiss....“
521 750 3117 1046 "Ich bin keine Freund von dien schlechten Witzen, Fritz,
511 1015 3167 1184 besonders, da solche "wer weiss" immer mehr auf Dich be-
508 1066 3211 1338 zogen werden können; aber ganz ohne ist das freilich nicht
501 1298 3154 1516 Ich hoffe noch hinter manche kleine Affairen zu kommen...
518 1469 2018 1658 "Liebesaffairen", riefen einige.
528 1631 1059 1816 "Freilich."
521 1644 3181 1960 "Unter den vierzehn oder fünfkehn jährigen Mädchen?" frag
528 1903 2115 2118 te der junge Falke fast ungläubig.
518 2071 3107 2263 "Du hast etwas zu reden, Falke", sagte Otfried."Wie alt
528 2189 3178 2434 war denn Deine erste Liebe? Und wie alt warst Du damals..
531 2364 3157 2592 "Ewiger Schulmeister! Erinnere mich doch nicht an solche
521 2556 1631 2737 holde Jungendeseleien."
548 2677 3120 2882 "Darfst Dich trösten, wir waren damals so ziemlich alle
525 2878 2966 3070 in einer holden Jugendeselet befangen", sagte Kühle.
548 3006 1745 3188 "Nicht wahr,meine Teuern?"
548 3164 2169 3339 “Ausser mir,” sprach stolz Otfried.
551 3305 3225 3510 „Wir dassen Dir diesen Ruhm“, sagte lachend Kühle, der min
535 3467 3178 3692 destens schon ein Dutzend Liebschaften aufzusählen hatte.
