3432 4312
2710 405 2848 561 56
478 647 2927 839 Morgen —### war ein schöner, ltsblicher Frühlingemor
510 816 2895 1014 gen - erklärte der Verlobte den Herrn Fischlich, er
520 989 2863 1183 sei genötigt von der Verlobung zurückzutreten, aus
510 1103 2962 1320 Gründen, die notuendigerweise gehtem gehalten werden
513 1240 2934 1476 müssten, und zugleich holte Herr Strohmüller seinen
520 1445 2985 1617 neuen Frack ab, an den s ich so traurige Erinnerungen
529 1601 2959 1763 knüpften. Noch am selben Tage machte er sein steben
539 1744 2835 1945 tes Sonett, auf Rosalte gleichsam ein Dementi der
533 1904 3090 2069 sche früheren, in denen er noch an eine Gegenliebe von
548 2060 3084 2274 ihrer Seite geglaubt hatte. Aber derselbe Frach war es
552 2200 3115 2382 auch, in dem er ein Jahr später bei der Aufführung sei¬
542 2356 3020 2567 nes fünfaktigen Trauerepiels in das Theater gekommen
552 2494 3058 2685 war, in der eilssen Hoffnung einige ###dutzendm###
555 2656 2857 2860 hervorgerufen zu werden. Trügerische Hoffnung. Er
561 2784 3093 2994 verschwand schon nach dem dritten Akt und sohliö trüb
568 2969 2886 3150 selig nach Hause. Mit demselben Frach also war er
574 3112 3119 3294 auch heute bekleidet, als er die Eifersucht Kühles her
584 3243 2994 3437 porrief. Kühle hatte aber bald Gelegenheit auf alle
561 3386 3042 3638 Männer am Tische etforsüchtig zu werden, denn wie er
826 3893 941 4015 autre
