3400 4216
2644 334 2786 479 69
659 654 2798 828 "Reg Dich nur nicht so auf, Falke", beschwich
659 802 2812 1017 tigte der gesetzt erscheinen wollende Kollege.
2187 927 2411 1055 G.C.H.F.P
671 953 2077 1127 "Es wird nicht so arg werden."
662 1057 2879 1255 In dieser Sekunde ertönte die markerschütternde
659 1243 2934 1452 Glocke, welche in die Klasse zur Stunde rth f. Et
654 1374 2876 1566 nige Nachzügler kamen noch durchs Tor, darunter
659 1551 2783 1743 einer, der die beiden Kollegen sehr intim be
2585 1665 2795 1804 G.H.F.P.
671 1737 1055 1903 grüsste.
700 1827 2882 2051 „Servus, Unterstatt,“ sprachen Falke und S innig
662 2022 1470 2205 zu gleicher Zeit.
674 2112 3007 2336 "Wie stehts? Hast Du das da!“ fragte Falke allein.
680 2298 2821 2478 "Was -? Ach, das da. Nein, ich habs vergessen
688 2472 2661 2626 "Na, da hat mans wieder. Ich hab meins da,
686 2629 2585 2838 “So? Göbs her. Ich les es während dem...“
686 2745 2847 2934 "Also Falke wollen Se mal hinein in die Klasse
674 2917 2766 3114 chehn, und Sie, Unterstatt, also.. Sinnich
659 3088 2818 3251 Die Schüler ergriffen die Flucht, während Pro
677 3210 2818 3416 fessor Jakob Mager stch auf den Weg ins Kon -
1688 3390 1772 3538 est
671 3408 1621 3596 ferrenzzimmer mahte.
2388 3469 2882 3634 m Ste Viel
