3368 4280
2977 463 3124 672 35
806 523 2888 842 Denk Dtr Arthur, letzthin hab ich in der
761 741 3082 1012 Schule gerade einen Brief für Dich angefangen, da
767 941 3100 1111 hat mich der Professor ersteht wie ich eben teu-
770 1090 2789 1305 re geschrieben, das r hat noch gefehlt. “
764 1221 3097 1472 Da wir der Ansicht sind, dass diese Gespräche den
776 1424 3082 1595 Loser weiter nicht interessteren können, so von -
773 1553 3177 1753 den wir uns lieber den Kollegen Falhes zu, deren Le
791 1702 3076 1911 bensgeschickte und Liebegeschichten wir dem Le-
791 1828 3156 2144 sor noch schuldig geblieben sind.. Im Laufe des Ge
794 2028 2798 2219 spräches werden wir dieselben wohl erfahren.
827 2231 3156 2386 Jetzt ist er wieder Feuer und Flamme,“ sagte Sin
788 2338 3153 2592 nig mit den bleichen Gesicht, den schweren Kraus
791 2502 2673 2703 haaren und dem Vierteldutzend Passionen.
812 2709 3159 2867 Aber er ist doch recht ungeschickt, schon ein hal -
800 2864 3198 3028 das Jahr kennt er sie und hat sie noch hein einzigen
788 2968 3058 3174 mal gekünst,“ sagte Jaques Stelle das Fienerkihd
785 3124 3133 3419 mit den blauen Augen, den schwar###en Haaren und der
806 3282 2078 3485 interessanten Vergangeheit.
824 3404 2849 3646 “Ja Du, Du bist geschickter,“ sprach Sinnig.
