3320 4248
242 114 356 229 A.
2757 491 2858 672 2
367 652 2858 834 er die Gewohnheit hatte, seine Gedanken immer mehrere
353 817 2962 995 male hintereinander zu äussern, um ihnen grössern Nach -
367 1012 1258 1137 druck zu verleihen.
383 1133 2996 1301 "Sehen Sie mêthe Herren", sprach der lange, hagere Kanz
363 1278 2851 1473 letrat, Falke. "Herr Doktor Vollinger ist ganz meiner
353 1473 817 1590 'Meinung."
393 1601 2744 1752 "Ganz Ihrer Meinung, ganz Ihr###r Meinlng. ganz.....“
380 1725 2781 1917 "Ich muss mich übrigens Ihrer Ansteht anschliessen",
373 1913 2909 2102 sprach Herr Vielmeter, ein ziemlich dicker Herr in den
373 2098 2956 2236 uterzigern, der unendlich langsam sprach und die Pausen
367 2189 2885 2371 zwischen seinen Worten mit einigen Schluch Bier auszu
373 2371 3070 2539 füllen pflegte. "Ich glaube", fuhr er fort, "dass auck die
370 2556 1268 2670 andern Herren....“
390 2629 2932 2821 "Bei den andern Herren", machte sich eine gewisse Unge
373 2865 2915 3020 duld sichtbar, was denn eigentlich auch mit X thnen ge
367 3009 1073 3157 schehen sollte.
377 3100 2952 3326 "Dass auch die andern Herren," sprach Herr Vielmeter in
370 3285 2922 3453 grosser Seelenruhe wetter, "sich derselben Ansicht an -
363 3467 1268 3595 schliessen „
380 3584 2969 3820 "Ja jedenfalls, wir alle", riefen die übigen daavischen.
