3432 4344
2470 434 2662 580 273
656 750 3002 986 haltung etwas beitragen, als die durch das barsche
659 910 2956 1187 Wesen ihres Vaters höchst bestürzte Fanni. Da der
665 1023 3008 1338 Herr des Hauses natürlich aucq sehr einstibig war,
674 1196 2895 1472 wurde das Amilsement nur durch die beiden Frauen
692 1420 2100 1624 und die wilden Jungen besorgt.
710 1521 2856 1797 "Was sagen Sie dazu, Frau Flock, wie jetzt das
695 1748 1590 1924 Fleisch teuer ist.'
722 1833 2977 2043 "Madame Ketles, ich sag Ihnen, das sind mehr die
719 2000 1982 2222 Köchinnen als das Fleisch.'
728 2103 2507 2340 Beide machten sehr pfliffige Gesichter.
753 2297 3008 2516 "Noch Erdäpfel, Mama," schrie Jultus so laut als
741 2531 1147 2671 möglich.
777 2555 3199 2835 "Schret nicht so, schäm Dich vor Frau Keiles! Willst
756 2783 2185 3002 Du noch Fletsch, lteber Mann?“
765 2877 3214 3175 Der liebe Mann brummte etwas und schenkte stach sein
777 3011 3114 3317 Glas mit Bier voll, das er auf einen Zug hinunter-
801 3302 1093 3478 trank.
792 3293 3017 3612 Da liess Pept plötzlich eine Gabel mit Geräusch
