3448 4344
2333 463 2525 609 &c.
484 728 2891 1011 Dioh dort ein btschen ausgeruht? Uebrigens wie soll
509 893 2885 1136 ich Dirs verdenken, Du musst schon recht milde sein.
490 1112 2294 1307 Heda, Falke, wo bist Du?"
503 1243 2784 1450 Weizen sah sich um und bemerkte Falke schon wett
518 1383 2918 1621 draussen im Feld, wie er trostlos dastand, ein Bild
518 1557 2918 1776 des Jammers und herschrie:“ Es tst die erkehrte Sei
1392 1712 2273 1864 zal hatten sollen.
524 1752 731 1937 te!"
512 1861 2653 2090 Er stürmte wieder zu dem Saum des Waldes hin.
551 1959 2803 2196 "Heda, 2 rief es ihm nach, er fühlte eine Hand am
524 2145 2793 2352 Hemdkragen und hörte Kindergewimmer hinter stoh.
518 2297 2827 2519 Dieses Gewimmer gehörte einem bis jetzt noch sehr
536 2455 2915 2659 schwachbeinigen Geschöpfe unbestimmten Geschlechts,
533 2601 2851 2803 das er im Laufen niedergeworfen hatte, die Stimme
542 2720 2860 2949 einem dicken Herrn, dem man den Wiener Bürger und
2732 2863 2891 2998 G.F.P
536 2912 2014 3107 Biertrinker von weitem ansah.
557 3007 2848 3278 "Junger Mann," redete er Arthur gemütlich an, der
545 3223 2991 3436 vor Ungeduld in der Hand des Herrn hin und hersprane
554 3366 2833 3555 hüpfte und zappelte, die edeln Kollegen aber, am
542 3500 2863 3716 Saum des Waldes sich vor Lachen ausschütten voll-
1749 3674 1840 3832 P.S.
