<?xml version="1.0" encoding="UTF-8" standalone="yes"?>
<PcGts xmlns="http://schema.primaresearch.org/PAGE/gts/pagecontent/2013-07-15" xmlns:xsi="http://www.w3.org/2001/XMLSchema-instance" xsi:schemaLocation="http://schema.primaresearch.org/PAGE/gts/pagecontent/2013-07-15 http://schema.primaresearch.org/PAGE/gts/pagecontent/2013-07-15/pagecontent.xsd">
    <Metadata>
        <Creator>prov=READ-COOP:name=TrHtr:version=2.1.0:model_id=51170:date=14_08_2023_17:56</Creator>
        <Created>2023-05-10T14:32:47.130+02:00</Created>
        <LastChange>2023-08-14T17:56:36.454+02:00</LastChange>
        <TranskribusMetadata docId="1428639" pageId="55423294" pageNr="280" tsid="132819701" status="IN_PROGRESS" userId="64420" imgUrl="https://files.transkribus.eu/Get?id=OWNFATXLDYIOMQBLXEBVOGQI&amp;fileType=view" xmlUrl="https://files.transkribus.eu/Get?id=ZASGQGKIMAXGMLCQHLPRETVI" imageId="44697373"/>
    </Metadata>
    <Page imageFilename="1428639_0280.jpg" imageWidth="3528" imageHeight="4392">
        <ReadingOrder>
            <OrderedGroup id="ro_1711819148690" caption="Regions reading order">
                <RegionRefIndexed index="0" regionRef="tr_1"/>
                <RegionRefIndexed index="1" regionRef="tr_2"/>
            </OrderedGroup>
        </ReadingOrder>
        <TextRegion id="tr_1" custom="readingOrder {index:0;}">
            <Coords points="677,600 2995,600 2995,2456 677,2456"/>
            <TextLine id="tr_1_tl_1" custom="readingOrder {index:0;}">
                <Coords points="2597,670 2617,670 2663,699 2698,699 2741,719 2764,742 2781,742 2784,558 2758,549 2686,593 2675,581 2643,595 2600,581"/>
                <Baseline points="2613,653 2655,653 2700,650 2745,650 2789,650"/>
                <TextEquiv>
                    <Unicode>373</Unicode>
                </TextEquiv>
            </TextLine>
            <TextLine id="tr_1_tl_2" custom="readingOrder {index:1;}">
                <Coords points="662,923 1070,978 2474,900 2655,811 2931,851 2937,739 2264,722 1723,811 1320,719 903,837 667,805"/>
                <Baseline points="677,913 704,907 748,904 793,901 838,898 883,898 927,892 972,892 1017,889 1062,886 1106,883 1151,880 1196,877 1241,877 1285,874 1330,874 1375,874 1420,871 1464,868 1509,865 1554,862 1599,856 1644,853 1688,850 1733,850 1778,850 1823,847 1867,844 1912,841 1957,841 2002,838 2046,835 2091,832 2136,829 2181,826 2225,823 2270,820 2315,820 2360,817 2404,814 2449,811 2494,811 2539,808 2583,808 2628,808 2673,805 2718,802 2762,802 2807,799 2852,796 2897,790 2941,787"/>
                <TextEquiv>
                    <Unicode>Ausnahme me tnes getreuen Adalbert verloren.... un</Unicode>
                </TextEquiv>
            </TextLine>
            <TextLine id="tr_1_tl_3" custom="readingOrder {index:2;}">
                <Coords points="682,1087 2655,1056 2937,969 2942,863 851,1010 690,955"/>
                <Baseline points="701,1068 707,1068 751,1062 796,1059 841,1059 886,1056 930,1053 975,1053 1020,1047 1065,1047 1109,1044 1154,1038 1199,1035 1244,1035 1288,1032 1333,1032 1378,1029 1423,1026 1467,1023 1512,1020 1557,1020 1602,1017 1647,1014 1691,1011 1736,1011 1781,1008 1826,1008 1870,1005 1915,1002 1960,999 2005,999 2049,996 2094,996 2139,993 2184,987 2228,987 2273,984 2318,981 2363,975 2407,975 2452,972 2497,972 2542,969 2586,966 2631,963 2676,960 2721,960 2765,951 2810,951 2855,948 2900,945 2944,945"/>
                <TextEquiv>
                    <Unicode>thretwegen verloren? Und sie....und sie...o raten</Unicode>
                </TextEquiv>
            </TextLine>
            <TextLine id="tr_1_tl_4" custom="readingOrder {index:3;}">
                <Coords points="679,1251 1081,1283 1208,1234 1821,1202 2008,1240 2019,1050 1545,1127 1409,1096 1326,1145 1254,1110 685,1142"/>
                <Baseline points="695,1226 725,1223 769,1220 814,1214 859,1211 904,1211 948,1208 993,1205 1038,1202 1083,1199 1127,1196 1172,1193 1217,1190 1262,1187 1306,1187 1351,1184 1396,1181 1441,1178 1485,1178 1530,1175 1575,1172 1620,1169 1664,1166 1709,1163 1754,1160 1799,1157 1843,1154 1888,1151 1933,1148 1978,1139 2022,1133"/>
                <TextEquiv>
                    <Unicode>Sie mir doch, Frau Baronin!“</Unicode>
                </TextEquiv>
            </TextLine>
            <TextLine id="tr_1_tl_5" custom="readingOrder {index:4;}">
                <Coords points="705,1429 1714,1320 2534,1355 2543,1202 713,1271"/>
                <Baseline points="722,1375 754,1369 799,1366 844,1366 889,1366 933,1363 978,1363 1023,1357 1068,1354 1112,1351 1157,1348 1202,1348 1247,1345 1291,1342 1336,1339 1381,1339 1426,1336 1470,1336 1515,1330 1560,1330 1605,1327 1649,1324 1694,1321 1739,1321 1784,1318 1829,1315 1873,1312 1918,1312 1963,1309 2008,1306 2052,1303 2097,1300 2142,1297 2187,1297 2231,1294 2276,1291 2321,1288 2366,1285 2410,1282 2455,1280 2500,1277 2545,1274"/>
                <TextEquiv>
                    <Unicode>"Soll ich Ihnen einen weisen Kat geben?"</Unicode>
                </TextEquiv>
            </TextLine>
            <TextLine id="tr_1_tl_6" custom="readingOrder {index:5;}">
                <Coords points="713,1582 1076,1533 1240,1570 1309,1536 1386,1573 1481,1527 1755,1536 1760,1409 1369,1404 984,1464 722,1427"/>
                <Baseline points="731,1512 736,1515 781,1515 826,1518 871,1515 915,1515 960,1515 1005,1512 1050,1509 1095,1506 1139,1506 1184,1500 1229,1500 1274,1497 1318,1494 1363,1494 1408,1491 1453,1488 1497,1485 1542,1485 1587,1482 1632,1476 1676,1476 1721,1473 1766,1476"/>
                <TextEquiv>
                    <Unicode>„So weise als möglich.“</Unicode>
                </TextEquiv>
            </TextLine>
            <TextLine id="tr_1_tl_7" custom="readingOrder {index:6;}">
                <Coords points="708,1683 897,1757 1890,1651 2094,1697 2169,1642 2341,1654 2344,1550 2140,1490 1990,1559 710,1608"/>
                <Baseline points="722,1664 739,1664 784,1664 829,1667 874,1667 918,1667 963,1667 1008,1664 1053,1658 1098,1658 1142,1655 1187,1655 1232,1652 1277,1649 1321,1649 1366,1647 1411,1644 1456,1641 1500,1638 1545,1638 1590,1635 1635,1632 1679,1632 1724,1629 1769,1623 1814,1623 1858,1620 1903,1617 1948,1614 1993,1614 2037,1611 2082,1608 2127,1605 2172,1602 2216,1599 2261,1596 2306,1596 2351,1590"/>
                <TextEquiv>
                    <Unicode>„Verlieben Sie sich in eine andre.</Unicode>
                </TextEquiv>
            </TextLine>
            <TextLine id="tr_1_tl_8" custom="readingOrder {index:7;}">
                <Coords points="705,1887 2528,1818 2692,1798 2701,1651 710,1740"/>
                <Baseline points="722,1840 736,1837 781,1831 826,1829 871,1829 915,1823 960,1823 1005,1820 1050,1820 1095,1814 1139,1814 1184,1808 1229,1808 1274,1808 1318,1805 1363,1802 1408,1799 1453,1799 1497,1796 1542,1793 1587,1787 1632,1787 1676,1784 1721,1784 1766,1781 1811,1778 1855,1775 1900,1775 1945,1775 1990,1775 2034,1769 2079,1763 2124,1760 2169,1757 2213,1754 2258,1751 2303,1751 2348,1748 2392,1748 2437,1745 2482,1739 2527,1736 2571,1736 2616,1730 2661,1727 2706,1724"/>
                <TextEquiv>
                    <Unicode>Strohmüller sah gross auf. "In eine andre?</Unicode>
                </TextEquiv>
            </TextLine>
            <TextLine id="tr_1_tl_9" custom="readingOrder {index:8;}">
                <Coords points="733,2031 2824,1967 2965,1933 2971,1818 739,1887"/>
                <Baseline points="751,1963 781,1969 826,1975 871,1972 915,1972 960,1972 1005,1969 1050,1969 1095,1966 1139,1966 1184,1963 1229,1960 1274,1957 1318,1954 1363,1951 1408,1951 1453,1948 1497,1948 1542,1945 1587,1942 1632,1939 1676,1936 1721,1936 1766,1933 1811,1930 1855,1927 1900,1924 1945,1924 1990,1921 2034,1918 2079,1915 2124,1912 2169,1912 2213,1909 2258,1906 2303,1906 2348,1906 2392,1903 2437,1903 2482,1900 2527,1897 2571,1894 2616,1891 2661,1888 2706,1885 2750,1882 2795,1879 2840,1876 2885,1873 2929,1870 2974,1867"/>
                <TextEquiv>
                    <Unicode>„Verlieben Sie sich in eine andre, sag ich noch</Unicode>
                </TextEquiv>
            </TextLine>
            <TextLine id="tr_1_tl_10" custom="readingOrder {index:9;}">
                <Coords points="731,2172 2298,2157 2899,2080 2991,1953 739,2051"/>
                <Baseline points="748,2136 757,2136 802,2133 847,2130 892,2130 936,2127 981,2127 1026,2124 1071,2118 1115,2115 1160,2112 1205,2109 1250,2106 1294,2106 1339,2100 1384,2097 1429,2094 1473,2091 1518,2088 1563,2085 1608,2085 1652,2085 1697,2082 1742,2079 1787,2076 1831,2073 1876,2073 1921,2070 1966,2067 2011,2064 2055,2061 2100,2058 2145,2055 2190,2055 2234,2052 2279,2052 2324,2049 2369,2049 2413,2049 2458,2046 2503,2046 2548,2043 2592,2037 2637,2037 2682,2031 2727,2028 2771,2028 2816,2028 2861,2022 2906,2019 2950,2013 2995,2013"/>
                <TextEquiv>
                    <Unicode>mals. Etwa in Hermine Rether den neuen Stern des</Unicode>
                </TextEquiv>
            </TextLine>
            <TextLine id="tr_1_tl_11" custom="readingOrder {index:10;}">
                <Coords points="731,2356 797,2359 846,2324 949,2353 1033,2307 1130,2341 1268,2307 1326,2347 1421,2304 1427,2195 1260,2186 1079,2223 952,2195 895,2226 736,2226"/>
                <Baseline points="748,2294 760,2291 805,2288 850,2285 895,2282 939,2279 984,2276 1029,2276 1074,2273 1118,2270 1163,2267 1208,2264 1253,2261 1297,2258 1342,2255 1387,2255 1432,2258"/>
                <TextEquiv>
                    <Unicode>Stadttheaters.</Unicode>
                </TextEquiv>
            </TextLine>
            <TextLine id="tr_1_tl_12" custom="readingOrder {index:11;}">
                <Coords points="731,2502 2059,2399 2721,2430 2940,2382 2942,2281 736,2356"/>
                <Baseline points="748,2446 754,2443 799,2440 844,2437 889,2434 933,2431 978,2431 1023,2425 1068,2422 1112,2419 1157,2416 1202,2416 1247,2416 1291,2413 1336,2410 1381,2407 1426,2407 1470,2404 1515,2401 1560,2401 1605,2398 1649,2395 1694,2395 1739,2395 1784,2389 1829,2386 1873,2386 1918,2383 1963,2383 2008,2380 2052,2380 2097,2378 2142,2375 2187,2372 2231,2369 2276,2366 2321,2363 2366,2363 2410,2360 2455,2354 2500,2354 2545,2351 2589,2348 2634,2348 2679,2345 2724,2342 2768,2339 2813,2339 2858,2333 2903,2333 2947,2336"/>
                <TextEquiv>
                    <Unicode>Der Dichter seufste. "Nein, nein ich tus nicht.</Unicode>
                </TextEquiv>
            </TextLine>
        </TextRegion>
        <TextRegion id="tr_2" custom="readingOrder {index:1;}">
            <Coords points="757,2477 3129,2477 3129,3835 757,3835"/>
            <TextLine id="tr_2_tl_1" custom="readingOrder {index:0;}">
                <Coords points="739,2612 958,2643 1375,2563 1870,2577 1875,2468 1763,2511 1582,2468 1464,2508 1326,2482 1174,2537 745,2525"/>
                <Baseline points="757,2595 760,2595 805,2592 850,2589 895,2586 939,2586 984,2583 1029,2580 1074,2577 1118,2574 1163,2574 1208,2568 1253,2565 1297,2562 1342,2562 1387,2560 1432,2557 1476,2554 1521,2551 1566,2551 1611,2548 1655,2545 1700,2542 1745,2539 1790,2539 1834,2533 1879,2527"/>
                <TextEquiv>
                    <Unicode>Sie muss mich erhören.“</Unicode>
                </TextEquiv>
            </TextLine>
            <TextLine id="tr_2_tl_2" custom="readingOrder {index:1;}">
                <Coords points="771,2824 1536,2776 1648,2701 1809,2781 2859,2712 2925,2568 779,2632"/>
                <Baseline points="790,2730 826,2724 871,2727 915,2724 960,2724 1005,2721 1050,2718 1095,2718 1139,2715 1184,2712 1229,2712 1274,2709 1318,2706 1363,2703 1408,2700 1453,2700 1497,2700 1542,2694 1587,2694 1632,2691 1676,2688 1721,2688 1766,2685 1811,2682 1855,2682 1900,2679 1945,2676 1990,2676 2034,2673 2079,2670 2124,2667 2169,2664 2213,2661 2258,2661 2303,2661 2348,2661 2392,2655 2437,2652 2482,2652 2527,2646 2571,2646 2616,2643 2661,2640 2706,2637 2750,2634 2795,2634 2840,2628 2885,2625 2929,2628"/>
                <TextEquiv>
                    <Unicode>"Und wie stehts mit Ihrem Herren!“ wandte sich</Unicode>
                </TextEquiv>
            </TextLine>
            <TextLine id="tr_2_tl_3" custom="readingOrder {index:2;}">
                <Coords points="765,2968 952,2914 1148,2934 1513,2894 1570,2919 1746,2865 1749,2776 1447,2822 1217,2787 1076,2827 880,2796 771,2822"/>
                <Baseline points="784,2891 814,2891 859,2888 904,2888 948,2885 993,2885 1038,2879 1083,2876 1127,2873 1172,2873 1217,2870 1262,2867 1306,2867 1351,2864 1396,2861 1441,2858 1485,2858 1530,2855 1575,2852 1620,2849 1664,2849 1709,2849 1754,2849"/>
                <TextEquiv>
                    <Unicode>die Baronin an Loser.</Unicode>
                </TextEquiv>
            </TextLine>
            <TextLine id="tr_2_tl_4" custom="readingOrder {index:3;}">
                <Coords points="779,3078 2384,3043 2442,3034 2451,2896 1720,2942 1513,2894 1349,2960 785,2977"/>
                <Baseline points="796,3046 799,3046 844,3040 889,3040 933,3040 978,3037 1023,3034 1068,3034 1112,3034 1157,3025 1202,3022 1247,3022 1291,3019 1336,3016 1381,3013 1426,3013 1470,3013 1515,3010 1560,3007 1605,3004 1649,3001 1694,2998 1739,2998 1784,2995 1829,2992 1873,2992 1918,2989 1963,2986 2008,2983 2052,2983 2097,2980 2142,2977 2187,2974 2231,2971 2276,2971 2321,2965 2366,2965 2410,2962 2455,2965"/>
                <TextEquiv>
                    <Unicode>"Kalt," var die pathetische Antwort.</Unicode>
                </TextEquiv>
            </TextLine>
            <TextLine id="tr_2_tl_5" custom="readingOrder {index:4;}">
                <Coords points="765,3259 3043,3132 3049,3011 771,3138"/>
                <Baseline points="784,3204 811,3201 856,3198 901,3198 945,3195 990,3192 1035,3189 1080,3186 1124,3186 1169,3183 1214,3180 1259,3177 1303,3174 1348,3171 1393,3168 1438,3168 1482,3165 1527,3162 1572,3162 1617,3159 1661,3159 1706,3156 1751,3153 1796,3153 1840,3147 1885,3147 1930,3144 1975,3141 2019,3141 2064,3138 2109,3135 2154,3132 2198,3132 2243,3132 2288,3126 2333,3123 2378,3120 2422,3117 2467,3114 2512,3114 2557,3111 2601,3111 2646,3111 2691,3111 2736,3109 2780,3106 2825,3106 2870,3100 2915,3097 2959,3094 3004,3091 3049,3088"/>
                <TextEquiv>
                    <Unicode>In diesem Augenblick begann die Ouvertüre. Kühle</Unicode>
                </TextEquiv>
            </TextLine>
            <TextLine id="tr_2_tl_6" custom="readingOrder {index:5;}">
                <Coords points="774,3403 2036,3391 2376,3282 2963,3311 3043,3210 2870,3152 779,3267"/>
                <Baseline points="793,3356 808,3356 853,3359 898,3359 942,3353 987,3353 1032,3347 1077,3344 1121,3341 1166,3338 1211,3335 1256,3332 1300,3329 1345,3329 1390,3326 1435,3323 1479,3320 1524,3317 1569,3314 1614,3314 1658,3311 1703,3311 1748,3308 1793,3305 1837,3305 1882,3305 1927,3302 1972,3299 2016,3296 2061,3294 2106,3291 2151,3288 2196,3285 2240,3282 2285,3282 2330,3279 2375,3279 2419,3276 2464,3273 2509,3270 2554,3267 2598,3267 2643,3267 2688,3264 2733,3261 2777,3258 2822,3258 2867,3255 2912,3252 2956,3252 3001,3252 3046,3255"/>
                <TextEquiv>
                    <Unicode>öffnete die Türe der Loge und trat leise heretn.</Unicode>
                </TextEquiv>
            </TextLine>
            <TextLine id="tr_2_tl_7" custom="readingOrder {index:6;}">
                <Coords points="811,3561 1628,3518 1809,3561 2111,3503 2117,3374 820,3434"/>
                <Baseline points="829,3523 868,3511 913,3505 957,3505 1002,3502 1047,3502 1092,3499 1136,3496 1181,3493 1226,3493 1271,3490 1315,3487 1360,3484 1405,3481 1450,3481 1494,3478 1539,3476 1584,3473 1629,3470 1673,3467 1718,3467 1763,3464 1808,3464 1852,3458 1897,3458 1942,3455 1987,3455 2031,3449 2076,3446 2121,3437"/>
                <TextEquiv>
                    <Unicode>“Guten Abend, Frau Baronin."</Unicode>
                </TextEquiv>
            </TextLine>
            <TextLine id="tr_2_tl_8" custom="readingOrder {index:7;}">
                <Coords points="785,3707 2433,3627 2462,3523 2382,3483 2177,3546 2077,3495 1792,3561 1294,3535 791,3598"/>
                <Baseline points="805,3678 811,3675 856,3672 901,3669 945,3669 990,3666 1035,3663 1080,3660 1124,3660 1169,3658 1214,3655 1259,3652 1303,3649 1348,3646 1393,3643 1438,3640 1482,3637 1527,3637 1572,3631 1617,3631 1661,3628 1706,3625 1751,3622 1796,3619 1840,3622 1885,3622 1930,3616 1975,3613 2019,3610 2064,3607 2109,3607 2154,3604 2198,3604 2243,3601 2288,3598 2333,3595 2378,3592 2422,3592 2467,3595"/>
                <TextEquiv>
                    <Unicode>Sie nichte freundlich. "Guten Abnd.'</Unicode>
                </TextEquiv>
            </TextLine>
            <TextLine id="tr_2_tl_9" custom="readingOrder {index:8;}">
                <Coords points="811,3854 3118,3779 3124,3656 817,3756"/>
                <Baseline points="829,3825 847,3822 892,3819 936,3822 981,3819 1026,3816 1071,3816 1115,3813 1160,3810 1205,3810 1250,3807 1294,3804 1339,3804 1384,3798 1429,3795 1473,3795 1518,3792 1563,3789 1608,3786 1652,3783 1697,3783 1742,3780 1787,3777 1831,3777 1876,3774 1921,3771 1966,3768 2011,3768 2055,3765 2100,3762 2145,3759 2190,3759 2234,3756 2279,3753 2324,3753 2369,3750 2413,3747 2458,3744 2503,3741 2548,3741 2592,3738 2637,3735 2682,3735 2727,3732 2771,3729 2816,3726 2861,3723 2906,3723 2950,3723 2995,3720 3040,3714 3085,3711 3129,3714"/>
                <TextEquiv>
                    <Unicode>“Ich wollte Sie nur begrüssen und bei der Gelegen</Unicode>
                </TextEquiv>
            </TextLine>
        </TextRegion>
    </Page>
</PcGts>
