3448 4216
2730 395 2928 549 231
800 635 2939 924 hinter ihm und sah ihm mit einem schmelzenden
800 879 3022 1074 Blick in die Augen, welche Strohmüller errötedd
800 1033 1428 1219 niederschlug.
812 1163 3046 1355 “O Kuno,“ redete Loser den Freund an, “das konn
812 1296 3181 1502 test Du tun? Du stehst ich verstosse gegen die Ge-
815 1458 3060 1603 setze des Vereins, indem ich mit Dir spreche. Du
812 1614 2922 1815 erkennst also die Grösse meiner Freundschaft.
800 1759 2683 1966 Nicht wahr, Du siehst Dein Unrecht ein!“
812 1915 2987 2107 "Unrech t"wiederholte Strohmüller in ungewissem
812 2087 2981 2275 Tone. "Ich habe nicht Unrecht," setzte er dann
809 2240 3069 2432 fest hinzu.Als Loser hierauf eine erstaunte mie
812 2388 3173 2585 ne zeigte, sprach der Poet wetter: "Du darfst mich
817 2553 2987 2759 doch nicht verurteilen, wenn Du die Geschichte
809 2718 1546 2898 nicht kennst. "
841 2810 2984 3031 "Oder vielmehr die Ballettänzerin nicht kenst,
817 3010 3034 3184 verbesserte der andre, mit dem bewussten mephts
823 3143 3134 3359 tophelischen Lächeln und dem trontschen Blick aus
817 3305 2287 3512 den matten, wasserbauen Augen.
826 3459 3087 3657 "Du spottest? Erfahre lieber als mein Freund das
835 3598 3049 3804 Gange... als mein Freund und nicht als Mitglied
