3368 4216
2565 409 2719 551 66
676 551 3063 747 tenden Augen in die Glut der ihren..... wahrhaftig,
676 715 2081 922 ein uneraufckliches Zwielicht.
661 892 2989 1041 Als es ungefähr drei Uhr morgens war, machte sich
673 1026 2897 1186 Talma auf den Weg: sie schritt schon die Stiege
670 1204 2989 1346 hinunter, als Kühle auch seinen Hut suchte. End x
673 1358 2968 1503 lich hatte er ihn. Er flog ihr nach, musste aber,
676 1491 2849 1654 da er seinen Rock vergessen hatte, noch einmal
670 1631 2998 1791 zurück, warf denselben schnell um und etlte hinab.
667 1806 2932 1951 Er hoffte sie noch zu finden. Als er zum Haustor
676 1945 2846 2108 hinausgetreten war, erblickte er sie auch, wie
676 2117 2888 2265 ste eben im schwachen Lichte einer Laterne, von
679 2242 2814 2402 dem Dichter Strohmüller und dem stetfbetnigen
664 2428 2918 2562 Leutnant begleitet in eine Seitenstrasse einbog.
667 2547 2743 2704 Er biss die Lippen zusammen, kehrte sich um,
670 2695 2941 2864 hüllte sich fester in seinen Rock und ging durch
688 2823 2867 3036 die menschenleeren, schwach erleuchteten Stras
679 3001 2935 3146 sen nach seiner entlegenen Wohnung. Ein scharfer
673 3170 2926 3315 Wind hatte sich erhoben und wehte ihm die Träu-
682 3315 1877 3496 me von der heissen Stirn.
2479 3463 2710 3600 ma
