<?xml version="1.0" encoding="UTF-8" standalone="yes"?>
<PcGts xmlns="http://schema.primaresearch.org/PAGE/gts/pagecontent/2013-07-15" xmlns:xsi="http://www.w3.org/2001/XMLSchema-instance" xsi:schemaLocation="http://schema.primaresearch.org/PAGE/gts/pagecontent/2013-07-15 http://schema.primaresearch.org/PAGE/gts/pagecontent/2013-07-15/pagecontent.xsd">
    <Metadata>
        <Creator>prov=READ-COOP:name=TrHtr:version=2.1.0:model_id=51170:date=14_08_2023_17:56</Creator>
        <Created>2023-05-10T14:32:54.111+02:00</Created>
        <LastChange>2023-08-14T17:56:48.361+02:00</LastChange>
        <TranskribusMetadata docId="1428639" pageId="55423632" pageNr="322" tsid="132819748" status="IN_PROGRESS" userId="64420" imgUrl="https://files.transkribus.eu/Get?id=ESTVAGBOLWHZHTNJCBDOGQVN&amp;fileType=view" xmlUrl="https://files.transkribus.eu/Get?id=QQFPGQDQGHTEFMBWTFXLHSWK" imageId="44697711"/>
    </Metadata>
    <Page imageFilename="1428639_0322.jpg" imageWidth="3432" imageHeight="4152">
        <ReadingOrder>
            <OrderedGroup id="ro_1711819233385" caption="Regions reading order">
                <RegionRefIndexed index="0" regionRef="tr_1"/>
            </OrderedGroup>
        </ReadingOrder>
        <TextRegion id="tr_1" custom="readingOrder {index:0;}">
            <Coords points="656,379 3002,379 3002,3529 656,3529"/>
            <TextLine id="tr_1_tl_1" custom="readingOrder {index:0;}">
                <Coords points="2458,467 2489,464 2527,447 2538,458 2559,452 2587,473 2596,464 2608,473 2636,473 2636,346 2590,363 2556,360 2538,369 2489,343 2458,346"/>
                <Baseline points="2474,429 2519,429 2564,429 2608,429 2644,429"/>
                <TextEquiv>
                    <Unicode>415</Unicode>
                </TextEquiv>
            </TextLine>
            <TextLine id="tr_1_tl_2" custom="readingOrder {index:1;}">
                <Coords points="657,758 1164,818 1377,766 1755,821 1884,807 1887,634 1706,671 1420,631 1196,703 1075,657 657,697"/>
                <Baseline points="674,776 683,776 728,770 773,767 817,770 862,770 907,770 952,770 996,770 1041,770 1086,767 1131,767 1176,764 1220,764 1265,761 1310,761 1355,758 1399,758 1444,758 1489,755 1534,755 1579,752 1623,752 1668,749 1713,749 1758,746 1802,743 1847,740 1892,731"/>
                <TextEquiv>
                    <Unicode>"Nun, hat Er ein Buch daf”</Unicode>
                </TextEquiv>
            </TextLine>
            <TextLine id="tr_1_tl_3" custom="readingOrder {index:2;}">
                <Coords points="640,942 870,1011 1259,945 1490,997 1686,945 2193,959 2196,824 643,856"/>
                <Baseline points="656,922 680,922 725,922 770,922 814,925 859,925 904,922 949,919 993,919 1038,916 1083,916 1128,916 1173,913 1217,913 1262,913 1307,913 1352,910 1396,910 1441,907 1486,907 1531,907 1576,904 1620,904 1665,904 1710,901 1755,901 1799,901 1844,901 1889,901 1934,901 1978,901 2023,901 2068,901 2113,901 2158,901 2202,904"/>
                <TextEquiv>
                    <Unicode>Der Kutscher schüttelte den Kopf.</Unicode>
                </TextEquiv>
            </TextLine>
            <TextLine id="tr_1_tl_4" custom="readingOrder {index:3;}">
                <Coords points="2357,922 2417,936 2458,980 2573,962 2616,934 2769,962 2887,925 2887,818 2844,795 2778,821 2734,818 2685,781 2544,815 2455,778 2360,792"/>
                <Baseline points="2372,922 2402,925 2447,922 2492,922 2537,922 2581,919 2626,919 2671,919 2716,919 2761,916 2805,916 2850,916 2895,916"/>
                <TextEquiv>
                    <Unicode>Jächelnd d</Unicode>
                </TextEquiv>
            </TextLine>
            <TextLine id="tr_1_tl_5" custom="readingOrder {index:4;}">
                <Coords points="680,1121 2691,1112 2896,1086 2899,1003 683,991"/>
                <Baseline points="695,1073 710,1077 755,1077 799,1077 844,1077 889,1077 934,1077 979,1074 1023,1074 1068,1071 1113,1071 1158,1068 1202,1065 1247,1065 1292,1065 1337,1065 1382,1065 1426,1065 1471,1062 1516,1062 1561,1062 1605,1065 1650,1065 1695,1065 1740,1062 1784,1059 1829,1059 1874,1056 1919,1056 1964,1056 2008,1053 2053,1053 2098,1053 2143,1053 2187,1050 2232,1050 2277,1050 2322,1047 2367,1047 2411,1047 2456,1044 2501,1041 2546,1044 2590,1041 2635,1044 2680,1041 2725,1041 2769,1038 2814,1041 2859,1041 2904,1050"/>
                <TextEquiv>
                    <Unicode>"Nun, so kehr Er um,punktum, oder Er wird sehn,</Unicode>
                </TextEquiv>
            </TextLine>
            <TextLine id="tr_1_tl_6" custom="readingOrder {index:5;}">
                <Coords points="657,1262 795,1291 925,1268 1075,1320 1219,1262 1374,1294 1475,1250 1518,1282 1565,1268 1567,1132 1343,1173 1115,1132 1031,1178 925,1132 838,1184 657,1184"/>
                <Baseline points="674,1238 677,1235 722,1232 767,1232 811,1232 856,1232 901,1232 946,1229 990,1229 1035,1226 1080,1226 1125,1226 1170,1223 1214,1223 1259,1223 1304,1223 1349,1220 1393,1220 1438,1217 1483,1217 1528,1223 1573,1235"/>
                <TextEquiv>
                    <Unicode>was Ihm passierte.“</Unicode>
                </TextEquiv>
            </TextLine>
            <TextLine id="tr_1_tl_7" custom="readingOrder {index:6;}">
                <Coords points="1654,1288 1683,1291 1786,1245 1827,1271 1844,1271 1847,1124 1795,1112 1766,1138 1720,1098 1680,1092 1657,1101"/>
                <Baseline points="1671,1238 1716,1241 1761,1238 1805,1238 1850,1238"/>
                <TextEquiv>
                    <Unicode>G.C.F.P.</Unicode>
                </TextEquiv>
            </TextLine>
            <TextLine id="tr_1_tl_8" custom="readingOrder {index:7;}">
                <Coords points="671,1446 2913,1438 2953,1233 674,1297"/>
                <Baseline points="686,1384 722,1382 767,1379 811,1379 856,1379 901,1379 946,1379 990,1379 1035,1379 1080,1376 1125,1373 1170,1373 1214,1373 1259,1373 1304,1373 1349,1373 1393,1370 1438,1370 1483,1370 1528,1367 1573,1367 1617,1367 1662,1364 1707,1364 1752,1364 1796,1364 1841,1364 1886,1364 1931,1361 1976,1361 2020,1361 2065,1361 2110,1358 2155,1355 2199,1355 2244,1355 2289,1355 2334,1355 2378,1355 2423,1352 2468,1352 2513,1352 2558,1349 2602,1346 2647,1346 2692,1346 2737,1346 2781,1346 2826,1346 2871,1343 2916,1340 2961,1337"/>
                <TextEquiv>
                    <Unicode>"Der Herr Kanzletrat haben mir bei Entlassung ver</Unicode>
                </TextEquiv>
            </TextLine>
            <TextLine id="tr_1_tl_9" custom="readingOrder {index:8;}">
                <Coords points="654,1565 2423,1553 2521,1533 2524,1412 657,1449"/>
                <Baseline points="674,1534 692,1531 737,1531 782,1531 826,1531 871,1531 916,1531 961,1528 1005,1525 1050,1525 1095,1522 1140,1522 1185,1519 1229,1519 1274,1519 1319,1519 1364,1516 1408,1516 1453,1513 1498,1513 1543,1513 1587,1510 1632,1510 1677,1510 1722,1507 1767,1507 1811,1507 1856,1507 1901,1504 1946,1507 1990,1507 2035,1504 2080,1501 2125,1501 2170,1501 2214,1501 2259,1501 2304,1498 2349,1495 2393,1492 2438,1492 2483,1486 2528,1474"/>
                <TextEquiv>
                    <Unicode>boten, dem jungen Herrn zu folgen. Hüo!“</Unicode>
                </TextEquiv>
            </TextLine>
            <TextLine id="tr_1_tl_10" custom="readingOrder {index:9;}">
                <Coords points="648,1720 2363,1706 2677,1680 2680,1565 648,1639"/>
                <Baseline points="665,1677 710,1680 755,1680 799,1680 844,1680 889,1680 934,1677 979,1677 1023,1677 1068,1677 1113,1677 1158,1674 1202,1674 1247,1674 1292,1671 1337,1671 1382,1668 1426,1665 1471,1665 1516,1665 1561,1668 1605,1665 1650,1665 1695,1662 1740,1662 1784,1659 1829,1659 1874,1659 1919,1656 1964,1659 2008,1659 2053,1656 2098,1659 2143,1656 2187,1656 2232,1656 2277,1653 2322,1656 2367,1653 2411,1650 2456,1650 2501,1647 2546,1647 2590,1650 2635,1650 2680,1653"/>
                <TextEquiv>
                    <Unicode>Und dabei trieb der Kutscher die Pferde an.</Unicode>
                </TextEquiv>
            </TextLine>
            <TextLine id="tr_1_tl_11" custom="readingOrder {index:10;}">
                <Coords points="680,1913 2273,1844 2610,1913 2994,1853 2994,1688 683,1778"/>
                <Baseline points="698,1832 719,1832 764,1826 808,1826 853,1826 898,1826 943,1826 988,1826 1032,1826 1077,1826 1122,1826 1167,1826 1211,1823 1256,1823 1301,1823 1346,1823 1390,1820 1435,1820 1480,1820 1525,1820 1570,1817 1614,1817 1659,1814 1704,1811 1749,1814 1793,1811 1838,1811 1883,1811 1928,1811 1973,1811 2017,1808 2062,1808 2107,1805 2152,1805 2196,1805 2241,1808 2286,1805 2331,1805 2375,1805 2420,1802 2465,1802 2510,1799 2555,1799 2599,1799 2644,1799 2689,1799 2734,1799 2778,1799 2823,1796 2868,1796 2913,1793 2958,1793 3002,1793"/>
                <TextEquiv>
                    <Unicode>"Kutscher, hört Er, der Herr Kanzletrat haben aber</Unicode>
                </TextEquiv>
            </TextLine>
            <TextLine id="tr_1_tl_12" custom="readingOrder {index:11;}">
                <Coords points="657,2031 2363,2002 2363,1902 1786,1913 1683,1858 1521,1919 660,1925"/>
                <Baseline points="677,1984 713,1981 758,1981 802,1984 847,1984 892,1981 937,1981 982,1978 1026,1978 1071,1976 1116,1976 1161,1976 1205,1976 1250,1973 1295,1973 1340,1973 1384,1973 1429,1970 1474,1967 1519,1967 1564,1967 1608,1967 1653,1967 1698,1967 1743,1967 1787,1967 1832,1970 1877,1967 1922,1964 1967,1964 2011,1964 2056,1961 2101,1961 2146,1961 2190,1955 2235,1955 2280,1955 2325,1952 2370,1964"/>
                <TextEquiv>
                    <Unicode>mir befohlen in Neuwaldegg zu lesen.</Unicode>
                </TextEquiv>
            </TextLine>
            <TextLine id="tr_1_tl_13" custom="readingOrder {index:12;}">
                <Coords points="2855,2017 2884,2020 2907,2002 2933,2020 2953,2020 2959,1864 2942,1864 2927,1879 2899,1867 2887,1873 2861,1870"/>
                <Baseline points="2874,1978 2916,1978 2961,1976"/>
                <TextEquiv>
                    <Unicode>G.S.</Unicode>
                </TextEquiv>
            </TextLine>
            <TextLine id="tr_1_tl_14" custom="readingOrder {index:13;}">
                <Coords points="2463,2002 2510,2014 2559,1994 2587,2005 2605,2002 2625,1988 2677,2000 2677,1893 2610,1913 2582,1893 2550,1905 2544,1899 2504,1905 2492,1893 2463,1893"/>
                <Baseline points="2480,1987 2501,1984 2546,1981 2590,1981 2635,1984 2680,1981"/>
                <TextEquiv>
                    <Unicode>G.H.F.P.</Unicode>
                </TextEquiv>
            </TextLine>
            <TextLine id="tr_1_tl_15" custom="readingOrder {index:14;}">
                <Coords points="680,2190 2855,2167 2858,2017 683,2083"/>
                <Baseline points="698,2131 716,2128 761,2125 805,2128 850,2128 895,2131 940,2131 985,2131 1029,2128 1074,2128 1119,2125 1164,2128 1208,2131 1253,2128 1298,2125 1343,2122 1387,2122 1432,2119 1477,2119 1522,2119 1567,2119 1611,2116 1656,2119 1701,2119 1746,2116 1790,2113 1835,2113 1880,2113 1925,2113 1970,2113 2014,2110 2059,2110 2104,2107 2149,2110 2193,2107 2238,2107 2283,2107 2328,2107 2372,2107 2417,2107 2462,2107 2507,2107 2552,2104 2596,2104 2641,2104 2686,2104 2731,2104 2775,2107 2820,2104 2865,2107"/>
                <TextEquiv>
                    <Unicode>"Warum kauft sich der junge Herr keine Zeitung.</Unicode>
                </TextEquiv>
            </TextLine>
            <TextLine id="tr_1_tl_16" custom="readingOrder {index:15;}">
                <Coords points="666,2371 778,2334 1204,2374 1576,2305 1867,2351 1945,2317 1948,2164 668,2216"/>
                <Baseline points="683,2286 698,2283 743,2283 788,2286 832,2283 877,2286 922,2286 967,2286 1011,2283 1056,2283 1101,2277 1146,2277 1190,2277 1235,2277 1280,2274 1325,2274 1370,2274 1414,2274 1459,2271 1504,2271 1549,2271 1593,2271 1638,2268 1683,2268 1728,2271 1773,2271 1817,2268 1862,2265 1907,2265 1952,2259"/>
                <TextEquiv>
                    <Unicode>da ist ja eine Tabaktrafik.</Unicode>
                </TextEquiv>
            </TextLine>
            <TextLine id="tr_1_tl_17" custom="readingOrder {index:16;}">
                <Coords points="2077,2314 2112,2308 2121,2317 2147,2308 2158,2317 2172,2305 2216,2305 2239,2317 2253,2311 2273,2337 2291,2337 2293,2242 2273,2242 2221,2216 2207,2224 2196,2216 2158,2242 2141,2244 2112,2230 2092,2250 2077,2250"/>
                <Baseline points="2092,2298 2122,2298 2167,2298 2211,2295 2256,2295 2301,2295"/>
                <TextEquiv>
                    <Unicode>G.H.F.P</Unicode>
                </TextEquiv>
            </TextLine>
            <TextLine id="tr_1_tl_18" custom="readingOrder {index:17;}">
                <Coords points="686,2510 2838,2484 2893,2348 689,2366"/>
                <Baseline points="701,2435 707,2435 752,2432 796,2435 841,2435 886,2438 931,2435 976,2435 1020,2435 1065,2432 1110,2432 1155,2429 1199,2429 1244,2429 1289,2426 1334,2429 1379,2429 1423,2423 1468,2423 1513,2423 1558,2426 1602,2426 1647,2426 1692,2423 1737,2423 1781,2423 1826,2423 1871,2423 1916,2423 1961,2423 2005,2423 2050,2420 2095,2420 2140,2420 2184,2417 2229,2417 2274,2417 2319,2417 2364,2414 2408,2414 2453,2414 2498,2414 2543,2411 2587,2411 2632,2411 2677,2408 2722,2408 2767,2405 2811,2405 2856,2405 2901,2405"/>
                <TextEquiv>
                    <Unicode>"Mensch hört Er denn nicht, der Papa hat mir be¬</Unicode>
                </TextEquiv>
            </TextLine>
            <TextLine id="tr_1_tl_19" custom="readingOrder {index:18;}">
                <Coords points="666,2665 1867,2639 1893,2512 1420,2484 1167,2536 668,2524"/>
                <Baseline points="680,2599 692,2599 737,2596 782,2596 826,2593 871,2590 916,2590 961,2593 1005,2590 1050,2587 1095,2587 1140,2587 1185,2587 1229,2584 1274,2584 1319,2584 1364,2581 1408,2581 1453,2581 1498,2581 1543,2581 1587,2578 1632,2578 1677,2575 1722,2575 1767,2575 1811,2575 1856,2578 1901,2578"/>
                <TextEquiv>
                    <Unicode>fohlen, ein Buch zu lesen.</Unicode>
                </TextEquiv>
            </TextLine>
            <TextLine id="tr_1_tl_20" custom="readingOrder {index:19;}">
                <Coords points="2492,2602 2504,2602 2510,2610 2530,2605 2538,2610 2547,2608 2559,2619 2567,2613 2590,2619 2593,2536 2556,2536 2536,2547 2521,2530 2507,2536 2492,2533"/>
                <Baseline points="2507,2599 2510,2599 2555,2599 2599,2596"/>
                <TextEquiv>
                    <Unicode>.O.</Unicode>
                </TextEquiv>
            </TextLine>
            <TextLine id="tr_1_tl_21" custom="readingOrder {index:20;}">
                <Coords points="692,2803 2953,2763 2999,2584 694,2680"/>
                <Baseline points="710,2743 719,2743 764,2740 808,2740 853,2740 898,2740 943,2740 988,2740 1032,2740 1077,2740 1122,2737 1167,2737 1211,2734 1256,2734 1301,2734 1346,2734 1390,2734 1435,2734 1480,2734 1525,2734 1570,2734 1614,2731 1659,2731 1704,2731 1749,2728 1793,2728 1838,2725 1883,2725 1928,2728 1973,2728 2017,2725 2062,2725 2107,2722 2152,2719 2196,2719 2241,2719 2286,2716 2331,2719 2375,2719 2420,2716 2465,2716 2510,2716 2555,2716 2599,2716 2644,2713 2689,2710 2734,2710 2778,2707 2823,2707 2868,2704 2913,2704 2958,2701 3002,2701"/>
                <TextEquiv>
                    <Unicode>"Da kann sich der junge Herr ja auch ein Buch kau¬</Unicode>
                </TextEquiv>
            </TextLine>
            <TextLine id="tr_1_tl_22" custom="readingOrder {index:21;}">
                <Coords points="674,2956 717,2950 772,2973 815,2965 850,2985 867,2968 887,2968 890,2798 859,2795 841,2806 804,2789 772,2801 749,2792 720,2806 677,2801"/>
                <Baseline points="692,2904 716,2901 761,2898 805,2898 850,2898 895,2898"/>
                <TextEquiv>
                    <Unicode>fen.</Unicode>
                </TextEquiv>
            </TextLine>
            <TextLine id="tr_1_tl_23" custom="readingOrder {index:22;}">
                <Coords points="660,3123 2824,3080 2824,2976 2262,2910 660,2953"/>
                <Baseline points="677,3053 683,3053 728,3050 773,3050 817,3050 862,3047 907,3050 952,3047 996,3047 1041,3044 1086,3044 1131,3044 1176,3047 1220,3044 1265,3041 1310,3041 1355,3041 1399,3041 1444,3038 1489,3038 1534,3038 1579,3038 1623,3035 1668,3035 1713,3035 1758,3032 1802,3032 1847,3032 1892,3032 1937,3032 1981,3032 2026,3029 2071,3029 2116,3029 2161,3029 2205,3029 2250,3029 2295,3029 2340,3026 2384,3026 2429,3026 2474,3026 2519,3026 2564,3023 2608,3023 2653,3026 2698,3023 2743,3020 2787,3020 2832,3026"/>
                <TextEquiv>
                    <Unicode>Ein freudiger Blick blitzte aus Arthurs Augen.</Unicode>
                </TextEquiv>
            </TextLine>
            <TextLine id="tr_1_tl_24" custom="readingOrder {index:23;}">
                <Coords points="697,3256 856,3233 1055,3282 1291,3230 1469,3264 1510,3227 1720,3264 1962,3224 1965,3092 1616,3129 1516,3089 1446,3135 1138,3158 856,3103 700,3129"/>
                <Baseline points="713,3208 716,3205 761,3202 805,3202 850,3202 895,3202 940,3202 985,3202 1029,3202 1074,3199 1119,3202 1164,3202 1208,3196 1253,3196 1298,3193 1343,3193 1387,3190 1432,3190 1477,3190 1522,3190 1567,3190 1611,3190 1656,3190 1701,3190 1746,3187 1790,3187 1835,3187 1880,3184 1925,3181 1970,3184"/>
                <TextEquiv>
                    <Unicode>"Kutscher, da hat Er Recht.</Unicode>
                </TextEquiv>
            </TextLine>
            <TextLine id="tr_1_tl_25" custom="readingOrder {index:24;}">
                <Coords points="657,3385 1328,3446 1495,3377 2939,3334 2916,3227 660,3253"/>
                <Baseline points="674,3358 707,3358 752,3358 796,3355 841,3355 886,3355 931,3355 976,3355 1020,3355 1065,3352 1110,3352 1155,3352 1199,3349 1244,3349 1289,3346 1334,3349 1379,3346 1423,3346 1468,3346 1513,3346 1558,3343 1602,3343 1647,3343 1692,3343 1737,3340 1781,3340 1826,3340 1871,3340 1916,3340 1961,3337 2005,3337 2050,3337 2095,3337 2140,3334 2184,3331 2229,3331 2274,3331 2319,3331 2364,3331 2408,3331 2453,3331 2498,3331 2543,3331 2587,3328 2632,3328 2677,3328 2722,3325 2767,3325 2811,3325 2856,3322 2901,3322 2946,3325"/>
                <TextEquiv>
                    <Unicode>Bekanntlich erhält man in den Tabaktraftken auch</Unicode>
                </TextEquiv>
            </TextLine>
            <TextLine id="tr_1_tl_26" custom="readingOrder {index:25;}">
                <Coords points="671,3524 902,3610 1138,3538 2861,3558 2890,3409 674,3429"/>
                <Baseline points="686,3519 701,3516 746,3516 790,3519 835,3519 880,3516 925,3516 970,3516 1014,3516 1059,3513 1104,3513 1149,3510 1193,3507 1238,3507 1283,3507 1328,3507 1373,3507 1417,3510 1462,3510 1507,3507 1552,3507 1596,3504 1641,3504 1686,3504 1731,3504 1776,3501 1820,3501 1865,3498 1910,3498 1955,3498 1999,3498 2044,3495 2089,3495 2134,3495 2178,3495 2223,3495 2268,3492 2313,3492 2358,3495 2402,3492 2447,3492 2492,3495 2537,3492 2581,3492 2626,3492 2671,3492 2716,3492 2761,3492 2805,3489 2850,3492 2895,3492"/>
                <TextEquiv>
                    <Unicode>die sogenannten fünf Kreuzer Romane. Falke ging</Unicode>
                </TextEquiv>
            </TextLine>
        </TextRegion>
    </Page>
</PcGts>
