3464 4232
2639 541 2820 710 410
968 846 1740 1065 Drittes Kapitel.
1104 1524 2935 1805 "Du fährst heute allein aus." sagte der
675 1716 2761 1950 Kanzleirat Falke zu seinem Sohn. "O lass das
686 1888 2959 2110 vergnügte Gesicht nur sein, der Kutscher hat die
689 2068 3018 2240 strengste Welsung Dich nicht entschlüpfen zu las-
704 2204 2923 2423 sen - weh Dir, wenn Dus nur versuchst. Du wirst
704 2340 2870 2568 nach Dornbach hinaus fahren und im Neuwaldegger
695 2476 2834 2690 Park spazieren gehen, es ist dort wunderschön
707 2601 3086 2858 und die Luft ist jedenfalls gesünder als im Volks-
728 2870 1169 3021 garten. "
725 2923 2944 3160 "Ja, was soll ich denn allein in dem faden Nest
728 3160 1657 3317 tun?" fragte Arthur.
740 3234 2255 3491 "Nimm Dir ein Buch mit und lies."
752 3382 2977 3657 „Jetzt ist es sechs Uhr, um steben komm ich hin
734 3571 2071 3811 aus, da words bald dunkel. „
