3448 4312
2612 499 2752 635 59
698 769 2939 959 Aufforderung an. Kühle verlor die beiden keinen
707 935 2889 1098 Augenblick aus den Augen; er sah, »ie der Leut
721 1092 3028 1297 nant seinen Mund in süsstlicher Brt###te verzog, wie
718 1253 2990 1461 er mit seinen Augen zwinkerts, churz wie er allem
712 1446 2951 1565 Anschein nach Süssholz raspelte. Talma lächelte
721 1570 2978 1716 kühl; als aber Kühle sie zum Tanzen aufforderte,
724 1713 2984 1873 schien es ihr recht angenehm zu sein, indem sie,
724 1897 2998 2034 mit Grazie sich verbeugend, ihm sozusagen in die
707 2042 3028 2188 Arme sank – wie es dem Studenten bedünken wollte,
736 2197 2951 2342 das heisst wie er seinen Collegen später erzähl
739 2325 3040 2470 te. Wir wollen es dahtgestellt sein lassen, ob es
730 2449 3111 2657 Wahrheit oder Einbildung war. Für die paar Minuten,
745 2633 3019 2802 in denen er sie in den Armen hielt und der Hauch
745 2785 2992 2927 Ihres Atems ihn berührte, schien er stoh der Se
736 2945 3067 3111 ligste auf Gottes Erdboden zu sein. Als zu setnen
754 3093 2966 3263 innigsten Leidwesen der Tanza beendet war, warf
745 3248 3022 3375 er sich wie ein Träumender in einen Sessel, ohne
754 3399 2844 3554 die sarhastischen Bemerkungen einiger Neben
748 3565 3061 3729 stehender, dass er gerade mit ihr und nur mit Ihr
