3448 4248
2930 446 3104 608 236
803 735 2877 942 Laternpfahl, ganz in der Nähe des Hauses. Da
809 907 2960 1063 fasste ihn ein junger Mann bei der Hand und er
800 1069 3175 1241 gewahrte mit Erstaunen seinen Kollegen Fritz Falke,
803 1214 3045 1406 der ihn sogleich fragte, was er denn so spät des
443 1314 682 1474 12/4
777 1347 1444 1509 Abends da tue.
798 1495 3022 1690 "Was ich da tue? Sage mir lteber was Du da tust,
768 1660 3028 1846 Du, den ich schon so lange nicht gesehen. Teufel
765 1820 2989 1964 noch einmal, wo treibst Du Dich denn herum? Hab
789 1970 2942 2153 ich Dich doch wirklich nicht erblickt, seit wir
786 2124 3031 2280 damals am Abend jener Ballettänzerin nachgerannt
789 2277 3075 2437 sind. Hm, wenn mich nicht alles trügt, lieber sal
774 2440 2942 2596 ke, scheinst Du auch noch nicht viel wetter zu
765 2561 1539 2735 sein, als ich¬
2047 2576 2635 2723 19 dto Aache
2709 2531 2915 2720 en de
1666 2590 1852 2723 G.F.P.
759 2682 3036 2886 Falko sah melancholisch zu Boden. "Lieber Kühle,"
762 2847 3004 3042 sagte er dann, "wenn ich wenigstens noch af der
756 3022 3096 3202 selben Stelle stünde wie damals. Aber im Gegenteil
756 3196 2930 3373 ich bin um viele traurige Erfahrungen reicher.
768 3320 2856 3497 "Ah ich spüre etwas von Küssen und Treulos ig
759 3468 1923 3666 keit. Hm, tsts nicht so?”
765 3607 2986 3772 "O Gott," seuftte der andre, "wenn es das wäre.
