<?xml version="1.0" encoding="UTF-8" standalone="yes"?>
<PcGts xmlns="http://schema.primaresearch.org/PAGE/gts/pagecontent/2013-07-15" xmlns:xsi="http://www.w3.org/2001/XMLSchema-instance" xsi:schemaLocation="http://schema.primaresearch.org/PAGE/gts/pagecontent/2013-07-15 http://schema.primaresearch.org/PAGE/gts/pagecontent/2013-07-15/pagecontent.xsd">
    <Metadata>
        <Creator>prov=READ-COOP:name=TrHtr:version=2.1.0:model_id=51170:date=14_08_2023_17:55</Creator>
        <Created>2023-05-10T14:32:27.637+02:00</Created>
        <LastChange>2023-08-14T17:55:59.392+02:00</LastChange>
        <TranskribusMetadata docId="1428639" pageId="55422325" pageNr="167" tsid="132819565" status="IN_PROGRESS" userId="64420" imgUrl="https://files.transkribus.eu/Get?id=KDRXDIBWRBNEQEEQXAUWRPZZ&amp;fileType=view" xmlUrl="https://files.transkribus.eu/Get?id=NFPIQKNPUJVEBUQRULUQMLMN" imageId="44696404"/>
    </Metadata>
    <Page imageFilename="1428639_0167.jpg" imageWidth="3400" imageHeight="4328">
        <ReadingOrder>
            <OrderedGroup id="ro_1711818920030" caption="Regions reading order">
                <RegionRefIndexed index="0" regionRef="tr_2"/>
                <RegionRefIndexed index="1" regionRef="tr_1"/>
            </OrderedGroup>
        </ReadingOrder>
        <TextRegion id="tr_2" custom="readingOrder {index:0;}">
            <Coords points="1364,543 2826,543 2826,1460 1364,1460"/>
            <TextLine id="tr_2_tl_1" custom="readingOrder {index:0;}">
                <Coords points="2631,650 2648,650 2669,635 2687,650 2743,647 2778,670 2802,655 2820,658 2823,478 2719,458 2687,472 2634,464"/>
                <Baseline points="2647,599 2692,596 2737,596 2781,596 2826,593"/>
                <TextEquiv>
                    <Unicode>263</Unicode>
                </TextEquiv>
            </TextLine>
            <TextLine id="tr_2_tl_2" custom="readingOrder {index:1;}">
                <Coords points="1382,1264 1494,1281 1662,1231 1831,1270 2073,1261 2152,1225 2152,1081 1981,1110 1730,1066 1577,1131 1382,1116"/>
                <Baseline points="1399,1229 1444,1223 1489,1223 1534,1220 1578,1220 1623,1220 1668,1220 1713,1220 1758,1220 1802,1220 1847,1220 1892,1220 1937,1220 1981,1220 2026,1217 2071,1214 2116,1211 2161,1214"/>
                <TextEquiv>
                    <Unicode>Neuntes Kapitel.</Unicode>
                </TextEquiv>
            </TextLine>
            <TextLine id="tr_2_tl_3" custom="readingOrder {index:2;}">
                <Coords points="1346,1503 1515,1497 1653,1556 1701,1532 1774,1553 1854,1521 2028,1521 2031,1379 1904,1388 1772,1343 1707,1394 1659,1367 1580,1382 1556,1355 1515,1388 1432,1343 1349,1349"/>
                <Baseline points="1364,1447 1408,1450 1453,1450 1498,1450 1543,1450 1587,1447 1632,1450 1677,1450 1722,1447 1767,1444 1811,1444 1856,1444 1901,1444 1946,1444 1990,1441 2035,1441"/>
                <TextEquiv>
                    <Unicode>Familie Flock.</Unicode>
                </TextEquiv>
            </TextLine>
        </TextRegion>
        <TextRegion id="tr_1" custom="readingOrder {index:1;}">
            <Coords points="761,2045 3137,2045 3137,3618 761,3618"/>
            <TextLine id="tr_1_tl_1" custom="readingOrder {index:0;}">
                <Coords points="1284,2152 1308,2155 1329,2141 1335,2146 1358,2141 1391,2114 1397,2120 1414,2117 1417,1952 1391,1949 1364,1963 1287,1940"/>
                <Baseline points="1301,2098 1334,2098 1378,2098 1423,2095"/>
                <TextEquiv>
                    <Unicode>1829</Unicode>
                </TextEquiv>
            </TextLine>
            <TextLine id="tr_1_tl_2" custom="readingOrder {index:1;}">
                <Coords points="1379,2268 1724,2297 1875,2244 2368,2238 2595,2294 2958,2250 2961,2144 2666,2114 2557,2170 2285,2073 2120,2146 1382,2132"/>
                <Baseline points="1396,2226 1399,2226 1444,2226 1489,2226 1534,2226 1578,2223 1623,2223 1668,2223 1713,2220 1758,2220 1802,2220 1847,2220 1892,2217 1937,2220 1981,2217 2026,2217 2071,2217 2116,2217 2161,2217 2205,2214 2250,2214 2295,2214 2340,2214 2384,2214 2429,2214 2474,2214 2519,2214 2563,2214 2608,2214 2653,2211 2698,2211 2743,2211 2787,2208 2832,2205 2877,2202 2922,2202 2966,2202"/>
                <TextEquiv>
                    <Unicode>Es war um dieselbe Zeit, alsd der</Unicode>
                </TextEquiv>
            </TextLine>
            <TextLine id="tr_1_tl_3" custom="readingOrder {index:2;}">
                <Coords points="1125,2276 1213,2270 1222,2279 1278,2265 1305,2279 1346,2270 1352,2111 1273,2093 1231,2102 1187,2132 1169,2123 1131,2126"/>
                <Baseline points="1140,2259 1176,2259 1220,2256 1265,2253 1310,2253 1355,2250"/>
                <TextEquiv>
                    <Unicode>dorte</Unicode>
                </TextEquiv>
            </TextLine>
            <TextLine id="tr_1_tl_4" custom="readingOrder {index:3;}">
                <Coords points="750,2439 2920,2386 2920,2294 2312,2244 2005,2318 753,2332"/>
                <Baseline points="770,2390 776,2390 820,2390 865,2387 910,2387 955,2390 999,2387 1044,2387 1089,2384 1134,2381 1179,2381 1223,2381 1268,2378 1313,2378 1358,2378 1402,2378 1447,2375 1492,2375 1537,2372 1581,2372 1626,2372 1671,2369 1716,2372 1761,2369 1805,2369 1850,2369 1895,2369 1940,2366 1984,2366 2029,2363 2074,2363 2119,2363 2164,2360 2208,2360 2253,2360 2298,2360 2343,2360 2387,2358 2432,2360 2477,2358 2522,2358 2566,2358 2611,2358 2656,2358 2701,2355 2746,2355 2790,2358 2835,2352 2880,2352 2925,2352"/>
                <TextEquiv>
                    <Unicode>Verein Püdicitta wegen der Ausschliessung Kuno</Unicode>
                </TextEquiv>
            </TextLine>
            <TextLine id="tr_1_tl_5" custom="readingOrder {index:4;}">
                <Coords points="744,2563 2964,2566 2964,2421 744,2486"/>
                <Baseline points="761,2546 779,2546 823,2543 868,2540 913,2540 958,2540 1002,2540 1047,2537 1092,2537 1137,2537 1181,2537 1226,2534 1271,2537 1316,2534 1361,2534 1405,2534 1450,2534 1495,2531 1540,2531 1584,2531 1629,2531 1674,2528 1719,2528 1764,2525 1808,2525 1853,2525 1898,2525 1943,2525 1987,2522 2032,2522 2077,2522 2122,2522 2166,2522 2211,2525 2256,2522 2301,2522 2346,2522 2390,2522 2435,2516 2480,2516 2525,2516 2569,2513 2614,2516 2659,2513 2704,2516 2749,2513 2793,2513 2838,2510 2883,2510 2928,2507 2972,2504"/>
                <TextEquiv>
                    <Unicode>Strohmüllers geschlossen wurde. Da sassen in et</Unicode>
                </TextEquiv>
            </TextLine>
            <TextLine id="tr_1_tl_6" custom="readingOrder {index:5;}">
                <Coords points="753,2764 2743,2737 2970,2681 2973,2595 756,2598"/>
                <Baseline points="773,2692 785,2698 829,2698 874,2695 919,2695 964,2695 1008,2692 1053,2692 1098,2692 1143,2692 1187,2689 1232,2689 1277,2692 1322,2689 1367,2689 1411,2689 1456,2686 1501,2683 1546,2683 1590,2683 1635,2683 1680,2683 1725,2680 1770,2680 1814,2680 1859,2680 1904,2680 1949,2677 1993,2677 2038,2674 2083,2674 2128,2674 2172,2674 2217,2674 2262,2671 2307,2674 2352,2671 2396,2671 2441,2671 2486,2668 2531,2668 2575,2668 2620,2668 2665,2665 2710,2665 2754,2665 2799,2662 2844,2662 2889,2662 2934,2662 2978,2665"/>
                <TextEquiv>
                    <Unicode>nem freundlichen Zimmer des Hauses Mölkerbastet</Unicode>
                </TextEquiv>
            </TextLine>
            <TextLine id="tr_1_tl_7" custom="readingOrder {index:6;}">
                <Coords points="744,2861 2888,2864 2985,2843 2988,2731 744,2772"/>
                <Baseline points="761,2844 796,2847 841,2847 886,2847 931,2847 976,2844 1020,2844 1065,2841 1110,2841 1155,2841 1199,2841 1244,2838 1289,2838 1334,2838 1378,2835 1423,2835 1468,2835 1513,2835 1558,2832 1602,2832 1647,2832 1692,2832 1737,2832 1781,2826 1826,2826 1871,2826 1916,2826 1961,2826 2005,2823 2050,2826 2095,2823 2140,2823 2184,2820 2229,2820 2274,2820 2319,2820 2363,2820 2408,2817 2453,2817 2498,2817 2543,2814 2587,2814 2632,2811 2677,2811 2722,2808 2766,2808 2811,2808 2856,2808 2901,2808 2946,2808 2990,2811"/>
                <TextEquiv>
                    <Unicode>Nr. 5 zwei etwas korpulente Damen, ein hübscher,</Unicode>
                </TextEquiv>
            </TextLine>
            <TextLine id="tr_1_tl_8" custom="readingOrder {index:7;}">
                <Coords points="756,3038 2775,3029 2982,2982 2985,2864 756,2938"/>
                <Baseline points="773,2996 796,2993 841,2993 886,2993 931,2990 976,2993 1020,2990 1065,2990 1110,2990 1155,2990 1199,2990 1244,2987 1289,2987 1334,2990 1378,2990 1423,2987 1468,2987 1513,2984 1558,2984 1602,2981 1647,2981 1692,2981 1737,2981 1781,2978 1826,2975 1871,2978 1916,2975 1961,2975 2005,2972 2050,2972 2095,2975 2140,2975 2184,2972 2229,2972 2274,2972 2319,2969 2363,2969 2408,2969 2453,2969 2498,2966 2543,2966 2587,2966 2632,2963 2677,2960 2722,2960 2766,2957 2811,2960 2856,2957 2901,2957 2946,2957 2990,2951"/>
                <TextEquiv>
                    <Unicode>vierzehnjähriger, schwarzhaariger Junge und ein</Unicode>
                </TextEquiv>
            </TextLine>
            <TextLine id="tr_1_tl_9" custom="readingOrder {index:8;}">
                <Coords points="759,3177 1854,3209 2064,3177 2064,3079 1875,3041 759,3094"/>
                <Baseline points="776,3146 817,3143 862,3146 907,3146 952,3146 996,3143 1041,3143 1086,3143 1131,3140 1176,3140 1220,3140 1265,3140 1310,3137 1355,3137 1399,3137 1444,3134 1489,3134 1534,3131 1578,3131 1623,3131 1668,3131 1713,3128 1758,3128 1802,3128 1847,3128 1892,3128 1937,3128 1981,3125 2026,3125 2071,3125"/>
                <TextEquiv>
                    <Unicode>ebenfalls reizendes Mädchen.</Unicode>
                </TextEquiv>
            </TextLine>
            <TextLine id="tr_1_tl_10" custom="readingOrder {index:9;}">
                <Coords points="765,3345 2640,3348 3127,3265 3127,3186 2743,3159 768,3224"/>
                <Baseline points="785,3286 805,3283 850,3283 895,3286 940,3289 984,3286 1029,3286 1074,3286 1119,3286 1164,3286 1208,3286 1253,3286 1298,3283 1343,3283 1387,3280 1432,3280 1477,3280 1522,3277 1567,3277 1611,3277 1656,3280 1701,3277 1746,3277 1790,3274 1835,3274 1880,3274 1925,3274 1969,3271 2014,3271 2059,3268 2104,3268 2149,3268 2193,3268 2238,3268 2283,3265 2328,3265 2372,3265 2417,3265 2462,3262 2507,3265 2552,3262 2596,3262 2641,3262 2686,3262 2731,3262 2775,3262 2820,3259 2865,3259 2910,3256 2954,3256 2999,3256 3044,3253 3089,3250 3134,3244"/>
                <TextEquiv>
                    <Unicode>"Liebe Frau Keites," sagte eben die eine Dame, wel</Unicode>
                </TextEquiv>
            </TextLine>
            <TextLine id="tr_1_tl_11" custom="readingOrder {index:10;}">
                <Coords points="771,3508 3079,3478 3082,3354 774,3392"/>
                <Baseline points="787,3459 805,3456 850,3453 895,3453 940,3450 984,3450 1029,3447 1074,3447 1119,3447 1164,3447 1208,3447 1253,3447 1298,3444 1343,3441 1387,3441 1432,3441 1477,3438 1522,3438 1567,3435 1611,3435 1656,3435 1701,3435 1746,3432 1790,3432 1835,3432 1880,3435 1925,3432 1969,3432 2014,3429 2059,3429 2104,3429 2149,3429 2193,3429 2238,3429 2283,3426 2328,3426 2372,3426 2417,3426 2462,3426 2507,3426 2552,3426 2596,3420 2641,3420 2686,3426 2731,3426 2775,3426 2820,3423 2865,3423 2910,3423 2954,3423 2999,3423 3044,3420 3089,3423"/>
                <TextEquiv>
                    <Unicode>che niemand anderer als Frau Flock war, "ich kann</Unicode>
                </TextEquiv>
            </TextLine>
            <TextLine id="tr_1_tl_12" custom="readingOrder {index:11;}">
                <Coords points="759,3640 1267,3705 2899,3649 3133,3608 3133,3496 759,3508"/>
                <Baseline points="776,3608 808,3608 853,3608 898,3608 943,3608 987,3608 1032,3605 1077,3605 1122,3605 1167,3605 1211,3602 1256,3602 1301,3602 1346,3599 1390,3599 1435,3599 1480,3599 1525,3599 1570,3596 1614,3596 1659,3593 1704,3596 1749,3593 1793,3593 1838,3590 1883,3587 1928,3587 1972,3587 2017,3587 2062,3590 2107,3590 2152,3587 2196,3587 2241,3584 2286,3584 2331,3584 2375,3587 2420,3587 2465,3581 2510,3581 2555,3581 2599,3581 2644,3581 2689,3578 2734,3578 2778,3581 2823,3578 2868,3578 2913,3578 2957,3578 3002,3578 3047,3578 3092,3578 3137,3572"/>
                <TextEquiv>
                    <Unicode>es noch immer nicht glauben, dass der schöne Stoff</Unicode>
                </TextEquiv>
            </TextLine>
        </TextRegion>
    </Page>
</PcGts>
