3336 4200
2904 424 3085 687 28.
434 704 3030 875 nes Freundes, nun; wir werden sehen, was da, kommen wird.
420 847 2545 1028 Mit diesen Worten schickte er sich zum gehen.
448 991 3092 1199 "Otfried, Otfried," hielt ihn Falke auf. "Keinen Schritt,
434 1175 3013 1346 bevor Du mir nicht Dein heiliges Versprechen gibst, mir
437 1308 2757 1507 in keiner Weisen hinderlich in den Weg zu treten.
430 1411 547 1496 G.C.F.P.
420 1493 2969 1653 Der Angeredete blieb stehen. "Du glaubst wohl gar, ich
3003 1537 3092 1647 G.F.P.
434 1623 3020 1773 will sie Dir abwendig machen." Jachte er spöttisch. "Du
424 1773 3020 1978 brauchst meine Furcht zu haben — oder Du kennst Otfried
430 1934 1647 2125 schlecht. " Damit ging er.
434 2053 3088 2244 "Sollte man glauben, dass dieser Mensch erst zwanzig Jah¬
424 2244 2019 2408 re alt ist?“ philosophierte Kühle.
2771 2265 3157 2436 is t doe
458 2391 3044 2583 "Nein, es ist nicht möglich.Stille Wasser sind tief, wer
420 2545 3040 2726 weiss was dahinter steckt. Ich will ihm nicht nahe tre-
441 2634 618 2726 G.H.F.
427 2661 3174 2866 ten, er ist unbestreitbar ein ordentlicher, solider Mensch,
420 2859 3051 3047 aber ich bleibe dabei, auch ein zwanzigjähriger Jüngling
417 2993 2979 3191 kann seine Vergangenheit haben.. und stille Wasser sind
424 3143 3054 3345 tief.“ Hier zuckte er die Achseln und liess seine Bliche
403 3314 2969 3491 über die andern streifen, um aus ihren Mienen die Amt
407 3464 2118 3666 wort auf seine Vermutungen zu lesen.
2672 3618 3017 3799 “ sagte
424 3652 2651 3816 "Du misst aber wirklich alles nach Deinem Mass,
