3528 4344
2708 433 2892 534 117
745 701 2877 914 das Männergeschlecht betrachten, wie wird bei
748 894 3013 1087 einem Mann die Sinnlichkeit gereizt, wenn### er an
754 1045 3055 1268 der Seite einer solchen Dame im Tanze dahinfliegt
763 1173 3001 1389 und seine Augen vielleicht unwillkürlich hinab
757 1360 2975 1538 sehen in den wogenden, weissen Busen, da ja das
751 1484 3067 1686 Kletd so selten ganz anschliesst, leider..leider!
769 1660 3064 1826 Ich bin überzeugt, dass dieser Seufzer, meine Her
778 1805 3082 1989 ren, in Ihrer Brust das vollste Echo einer glei
799 1942 3070 2126 chen Gesinnung hervorrufen, das Ihr Mund mit dem
790 2099 3061 2289 meinen sprechen wird: "Es ist arg mit einer Zeit
802 2253 3016 2440 bestellt, wo die Dekolletage so weit geht, dass
813 2411 3064 2598 einen Zänzerin im Wiedner Theater es wagen kann,
808 2565 3135 2746 beinahe ganz. Doch Sie kennen ja alle den trau
810 2696 3182 2936 rigen Grund zur Gründung dieses Vereins. Aber eine
825 2850 3132 3079 verzehorende Krankett ist ja auch die Ursache zur
816 2987 3162 3236 Erbauung eines Spitals, und die Deholletage - ich
840 3177 3227 3361 behaupte es fest - tst eine Krankett unseier zeit,
843 3301 3013 3551 gegen die man leider — nochmals leider - nur
846 3473 3174 3678 ein s###lches abstraktes Spttal errichten ###n, wie
855 3610 3135 3821 wir es taten. Und nichts anderes ist ja, wie sie
