3368 4280
2760 462 2876 581 36
679 587 2936 852 „Nu freilich, meine Geschicht mit der Matt'ld hat
670 768 3025 1009 doch nur von Monat im Ganzen gedauert und ich hab
2355 899 2549 1090 G.F.P.
676 950 1760 1185 ete gehilest!
709 1081 3058 1280 "Ach wie war dann das!“ fagte Berthold Gries, der -
688 1212 3073 1495 selbe, von dem ich sehr viel zu erzällen versprach,
691 1390 2772 1599 mit schwarsen Haaren und grauen Augen.
715 1542 3052 1772 ###, auf der Bank sind wir gesessen und da hab ich
712 1718 2817 1909 ste halt gehilsst, das tat doch sehr einfach."
735 1831 3094 2063 “Aber jetzt ist alles verraucht Jaques,“ sprach der
727 1965 3123 2206 blonde Entl Glut und schlug dem feechen Wienerhind
727 2203 1533 2376 auf die Schulter.
750 2337 2391 2531 „Na freiltoh,“ war Stetles Antwort.
750 2456 3076 2668 „geht Ihr dort die beiden blinden Schönen!“ fragte
2632 2602 2724 2805 P.S.
1733 2677 1819 2829 be
1125 2659 1462 2802 en mai-
756 2683 1060 2870 Ortes.
2439 2754 2805 2975 os sont
786 2793 2034 3019 „Dte grossen?“ fragte Glut.
2153 2814 2257 2957 G.H.F.P
786 2960 2281 3165 Ja, dte, die stch grad umsehen.
2748 2939 2939 3111 G.C.F.P.
786 3085 2986 3305 aja, ten sch ete," sagten die andern.
807 3245 3117 3460 Das sind meine bei den vis a vis," sprach Berthold
759 3418 2200 3633 mit grossem Selbetbewusstsein.
