3464 4344
2687 491 2878 650 257
659 777 2963 989 klethe Lieder, die mir meine Liebe zu Ihnen ein -
665 956 2887 1118 gegeben hat." Er schlug das Heft auf. Dann biss
668 1095 3028 1295 er sich plötzlich auf die Lippen.“Das ist wirklich
644 1280 1718 1439 Malheur!" rief er aus.
668 1401 2086 1604 „Was denn!“ Herr Strohmüller.“
689 1589 2975 1701 "Nun, dass es in diesem Zimmer gerade dunk 1 ist,
662 1704 2766 1863 wenn ich Ihnen meine Gedichte vorlesen will.'
668 1898 2940 2021 Während sie sich bewingen musste, um nicht laut
668 2013 2978 2166 aufzulachen, steckte er ärgerlich sein Heft wie¬
674 2219 3013 2342 der ein. Mit einem Mal aber leuchtete ein Freuden-
668 2322 1821 2498 strahl aus seinen Augen.
689 2469 2692 2642 "Ich habs gefunden," rief er plötzlich aus.
686 2663 1542 2810 "Nun?" fragte sie.
694 2801 2995 2966 "Ich habe eine Kerze da und etliche Zündhölzchen."
656 2945 2910 3116 Mit diesen Worten zog er aus seinen Tasche eine
668 3098 2904 3266 Wachskerze und rieb ein Zündhölschen an, worauf
668 3237 2907 3463 er sogleich die Kerze anzündete. Dann umsptelte
683 3454 2666 3557 ein selbstvergnügtes Lächeln seine Lippen.
689 3546 2940 3734 "Ich bin ein origineller Mensch," sagte er dann.
