3576 4376
2797 421 2997 588 293
924 767 3230 973 Sie wären der Klavierlehrer, der von den nächsten
927 882 3224 1118 Tagen an meinen- ich will sagen, Arthur Falke un¬
945 1097 1536 1260 terrichtet?“
942 1160 3006 1406 "Was Ihnen dabet nur so sonderbar vorkommt!"
961 1376 3324 1573 „Nun, Fiedel, ich denke ich kann auf Sie unbedingt
936 1548 1500 1688 vertrauen."
951 1673 1960 1845 „Selbstversrändlich.“
957 1794 3245 1976 "Er fahren Sie denn, dass ich nicht Geyer, sondern
936 2003 3136 2133 Fritz Falke hetsse und der Bruder Arthurs bin.“
964 2154 1221 2324 "Ans"
948 2224 3118 2469 "Jawohl, nicht Geyer sondern Falke; Sie wissen
951 2445 3157 2594 jetzt alles.. Und Sie vergessen doch nicht, was
948 2594 1963 2760 Sie mir versprachen!“
967 2775 3330 2927 „Keineswegs, Falke! Sobald ich zu Ihrem Bruder hin-
957 2891 3309 3063 afkomme, werde ich Ihnen den Tag sagen, an welchem
951 3027 3354 3254 ich Sie in das Balletchor einschmuggeln kann. Haben
945 3209 1873 3406 Sie aber auch Mut?“
957 3360 3388 3488 "Eine Frage! Aber ich sage Ihnen, nicht schlafen wer-
948 3481 3160 3712 de ich können, bis ich Nachricht erhalte. Aber
