3528 4344
2802 537 2971 652 116
782 847 3044 1044 deholletierten Kleider, freilich nicht vom Stand
779 968 3083 1245 punkt eines Schneiders, dem die Verschönerung der
782 1153 3044 1369 Kleider Hauptsache ist, auch nicht von dem etnes
796 1322 2891 1549 jungen Stutzers oder alten Wüstlings, dessen
805 1451 3165 1673 lüsterne Augen an frechen Nachtheilten Gefallen fin
820 1634 2997 1838 den, sondern von dem eines strengen Moralisten,
826 1755 3168 1985 dem die Veredlung der Seele Lebensaufgabe ist, der
832 1867 3201 2159 sein Alles daran setzt, der Entartung der Menschen
841 2083 3139 2274 geschlechts Einhalt zu tun. - Wenn ich ein junges
829 2212 3151 2434 Mädchen mit einem dekolletierten Kleid sehe, muss
853 2375 3024 2581 Ich beinahe bitter auflachen, denn was ist ein
853 2531 3210 2746 bitteres Lachen anderes, als ein unterdrücktes wei
867 2631 3041 2912 nen über Dinge, an denen anders geartete Leute
876 2850 3115 3044 Gefallen finden? Sagt dieser halb entblösste Bu
882 2994 3086 3210 sen nicht: "Ich bin nur deswegen nicht garz un
891 3156 3204 3334 verhüllt, weil es die Mode verbietet!" O ui e gern
885 3298 3171 3519 möchten diese Mädchen, dass der Mann ganz in Ver
900 3419 3274 3661 zückung aufgeht, wenn er ihre vollen, unverhüllten
888 3570 3077 3832 Retze bewundert. Und wenn wir nun andererseits
