3448 4312
2688 569 2869 692 109
740 867 2968 1026 nicht aller Tache Abend." Er steckte hiemit den
731 1050 2923 1198 Hacken wieder ein, indem er innerlich dem unbe
749 1180 3097 1339 kannten Schüler fluchte, der ihm, mit Hinansetzung
740 1336 2881 1505 aller Ehrerbietung, einen solchen Schabernach
740 1529 2920 1637 gesptelt hatte. Er suchte nun in seiner innern
722 1665 3046 1815 Rocktasche, fand aber nur seinen Katalog, was ihn
737 1797 2860 1944 in immer grössere Erregung versette. Mit mehr
746 1960 3094 2104 und mehr Hast durchstöberte er seine Tschen, röter
740 2116 3079 2242 und röter wurde sein Gesicht, endlich rief xxx er:
743 2273 2959 2423 "Also da ist es," und liess etwas auf den Tisch
743 2435 1072 2571 fallen.
719 2537 3139 2700 Aller Augen richteten sich darauf und alle blickten
722 2745 2965 2853 mit einemmale auf den Professor, der nicht wuss
746 2869 2098 2998 te was das zu bedeuten hatte.
743 3001 2655 3145 "Boccaccio," rief Loser mit Donnerstimme.
716 3185 2944 3329 Nun erst richtete Mager seine Augen auf den Ge
743 3290 2926 3458 genstand, den er auf den Tisch hatte falle las
740 3468 2152 3606 sen. Er stand da wie erstarrt.
743 3618 2917 3832 "So sind Sie also der erste," sprach Falke mit
