3448 4296
2852 382 2971 541 46
759 564 3022 741 ein sehr grosser. Aber Du wirst sehen. Ich küsse
750 711 3034 908 ste doch noch. Ich will sie küssen und ich werde
764 857 3085 1036 sie küssen. Du wirst sehen, Sinnig, ich küsse sie
753 1087 1030 1197 noch.
776 1200 1601 1356 "Nun, hoffen wir."
750 1335 3153 1490 Etne Weile gingen die beiden schweigsam neben ein¬
767 1517 1245 1678 ander her.
797 1642 3103 1807 "Du Sinnig," fing Falke von neuem an, hast du dte
770 1834 1559 1953 Pauline gelüsst?
791 1974 3016 2108 "Was hast Du davon...ja, ich hab sie geküsst...
791 2090 2971 2246 eigentlich nicht. das heisst x ja. ich weiss
782 2302 1628 2437 nicht mehr recht.
788 2344 3076 2547 Hier sei es zur Erläuterung bemerkt, dass Sinnig
806 2538 3049 2741 in solchen Affairen dergleichen unbestimmte Ant
803 2756 1475 2912 worten liebte.
809 2855 3142 3016 "Also servus," sagte Arthur, da sie jetzt bei sei
797 2971 3100 3186 ner Wohnung angelangt waren. "Servus Sinnig, auf
848 3168 1460 3377 Wiedersahen.
827 3389 1224 3527 "Servue.
812 3479 3177 3652 1.XII- 9. xII. - 10. XII. - 11. XII, - 12. XII. -
