3464 4328
2718 590 2910 708 244
696 824 2990 1028 "Oh, ich habe Sie sehr in Verdacht - es sind sehr
688 1011 1802 1203 viel schöne Famen oben."
691 1162 2824 1349 "Desto besser," erwiderte Kühle mit einem höf
691 1331 2854 1544 lichen Knix. "Nehmen Sie mir diese Worte nicht
688 1464 2288 1657 übel," setzte er dann rasch hinzu.
688 1618 2913 1852 "Durchaus nicht. - Doch wie darf ich Sie nennen
673 1778 1227 1959 mein Herr?"
705 1938 2472 2098 "Mich Kalt und meinen Freund - Geter.“
691 2092 2925 2288 “Und was führt Ihren Freund in die Linkmaustana?
667 2297 2066 2395 Doch das ist uohl Geheimnis?"
685 2427 2884 2593 "Ganz richtig,“ antwortete Kühle, der sich voll
676 2573 2955 2768 ständig in seine Holte gefinden hatte.“Doch wenn
679 2756 2919 2919 es Ihnen angenehm ist," setzte er höflich hinzu,
673 2893 2842 3067 indem er ihr den Arm reichte und seinem Freund
670 3053 2759 3225 einen gelinden Rippenstoss versetzte, um ihn
664 3145 3017 3322 dadurch aufzufordern, Talmas andern Arm zu nehmen.
658 3290 2907 3465 Dies tat Falke auch, indem er einige unverstän-
667 3447 1707 3631 liche Worte stotterte.
655 3660 3038 3850 Die drei neuen Bekannten stiegendte brette Treppe
