3544 4328
2507 461 2696 625 352
631 741 3020 939 ten. "Junger Mann, geben Sie künftighin besser Acht!
616 924 3004 1122 FaIko glaubte jetzt fertig zu sein und wollte ent-
634 1086 2983 1330 schlüpfen. Aber der dicke Herr abxx packte ihn nur
631 1232 2946 1415 noch fester." Merken Sie sich das. Ich bin ein or¬
647 1397 2998 1589 dentlicher, gebildeter Mensch, Herr Vielmater, je-
659 1559 2913 1729 des Kind in meinem Haus kennt mich und eine Rede
647 1647 3032 1931 hab ich schon einmal halten sollen. So, jetzt sind
656 1845 3020 2043 wir fertig.“ Er liess den Jungen los. Dieser wurde
671 2004 2974 2196 von dem lauten Lachen seiner Kameraden empfangen.
665 2166 3062 2324 "Herzlose Menschen," schrie sie Arthur an. "jetzt
677 2297 3129 2519 ist dreiviertel sechs, doch ich hoffe, sie wird
662 2458 2910 2629 warten. Seid unbesorgt, kommt über den Berg zu¬
674 2538 3062 2782 rück!“ Und mit einem Riesenanlauf begann er hinauf¬
674 2748 2580 2931 zuklettern.
384 2763 601 3038 21/6
702 2919 3026 3093 "Sei unbesorgt," rief imitierend Weizen nach, dem
689 3007 3093 3257 Voranlaufenden nachrennend. "Aber Sinnig kommt nicht
680 3254 1287 3410 nach.“
705 3309 2998 3526 "Soll er drunten bleiben,“ schrie Falhe von fern
702 3486 3044 3727 in unerbittlichem Tone. „Ich muss sie sehen.“
708 3651 2974 3877 Er versuchte noch schneller hinaufzustürmen, als
2056 3825 2291 3941 and e
1873 3812 1992 3931 P.S
1601 3834 1742 4008 Pr
1205 3837 1372 3944 stl
