3448 4328
2680 512 2865 661 240
649 797 2898 1000 Wege steht - vielleicht, weil es mein erstr Fall
643 994 2937 1161 mit einer Ballettänzerin ist? Oder dieses Lachen!
643 1158 2801 1303 Oder weil sie mit gar so vielen Herren umgeht:
627 1294 2949 1488 Kurz, ich erkenne mich selbst nicht mehr. Nun hab
652 1422 2901 1582 ich aber meine Philosophie zu Hilfe genommen und
630 1604 2937 1743 mis gedacht: Mag da kommen was wolle — heute über
637 1770 2801 1919 hundert Jahre sind wir alle tot und es tat uns
637 1931 2877 2079 allen gleichgiltig und es weiss kein Mensch mehr
634 2058 2231 2219 davon - ergo werd ich frech sein.“
646 2182 3010 2392 "Du bist eihx närrischer Kauz, Kühle," sagte Falke.
643 2352 2858 2489 "Doch musst Du vorerst wissen, u wir uns befin
634 2510 2907 2686 den," fuhr Kühle gleich fort, ohne darauf zu ach
624 2658 2974 2783 ten. "Wir sind vor der Linkmaustana von der Lu wohl
621 2813 982 2974 weisst.
627 2971 2555 3159 "Ah - da befindet sich die Linkmaustana?"
627 3113 3065 3283 "Jawohl und sicher kommt heute Abend auch Talma, und
624 3262 2849 3434 Ich werde ihr ganz legere entgegentreten und sa
624 3416 2822 3601 gen, sie solle mich hier einführen; zum Exempel
612 3580 2922 3762 als retchen Sonderling, ebenso Dich. Oben findest
