3512 4344
2711 390 2846 584 92
754 698 3031 933 dern uns wohlbekannten Perenen bemerken wir auch
754 857 3063 1083 die herausfordernde Talma, an der einen Seite den
769 1062 2931 1229 beuussten steifbetnigen Leutnant, an der
754 1185 3060 1396 andern Herrn Kuno Strohmüller, den pflichtenver -
757 1373 2869 1537 gessenen Schriftführer des höchst moralischer
760 1514 2972 1672 Vereins "Pudicitta." Jetzt sollte er eigentlich
760 1646 2913 1845 im dunstigen Klub sitzen, aber - er schwänzte
748 1822 3107 1980 O, schwänzen ist eine himmlische Seligkeit. Davon
748 1974 3092 2159 weiss jeder Gymnastast, jeder Student zu erzählen.
731 2092 2887 2306 Aber ich vergesse ganz, dass vielleicht einem
739 2288 2963 2447 grossen Teil meiner setzenden Leserinnen dieser
733 2417 2998 2605 Ausdruch ganz unbekannt sein dürfte. Und wie
745 2535 2951 2755 soll ich diesen Ausdruck "schwänzen" erkltten.
742 2711 2960 2928 Wenn ich einfach sage: unerlaubter Weise nicht
754 2904 2928 3069 in die Schule gehen, so klingt das so nichtssa
739 3066 2916 3224 gend, so unbedeutend, es liegt haum ein matter
731 3189 2945 3336 Abglanz jener Seligkeit darin, dass ich diesen
731 3336 2943 3485 Definition vollständig verwerfen möchte. Defi -
733 3500 2878 3708 ### niere ich aber Schwänzen geradezu mit Selig
