3464 4328
2653 496 2828 656 247
869 717 1119 831 G.H.F.P.
1181 714 1516 851 le même
819 807 2932 962 te die Freundschaft fort. Käthehen lebte, sang
799 994 2898 1157 und liebte einstweilen vergnügt weiter, ohne
816 1146 3113 1306 sich viel Gedanken über Moralität und dergleichen
802 1288 3032 1446 zu machen, bis endlich, kaum finf Jahre vor Be-
810 1466 2970 1592 ginn unserer Geschichte, ein hoher Herr ausser
805 1577 3052 1737 düsseren Reizen auch Talent für das Komödsspie-
807 1734 2979 1903 len in ihr zu entdecken glaubte. Er hatte sich
805 1874 3000 2070 nicht geirrt. Jber Nacht war das schwarze Käth¬
807 2075 3072 2212 chen die allbekannte Tragödin Katharina Bank ge-
799 2169 2935 2344 worden. Nichtsdestoveniger hielt sie an ihrem
807 2341 3142 2519 Grundsatz, das Leben zu gentessen, fest, bis jetzt,
807 2513 3148 2667 da sich eben die Baronin Linkmaus von ihr wendete,
810 2635 2635 2825 indem Fräulein Talma sie gerufen hatte.
805 2790 3064 2982 "Teuerste Baronin" x begann Talma, "mit Ihrer gü-
819 2950 3020 3145 tigen Erlaubnis führe ich heute zwet junge Män-
793 3099 3069 3250 ner in Ihre Gesellschaft.“ Sie stellte die beiden
802 3268 3099 3448 der Baronin vor;“ Die Baronin Linhmaus, HerrKalt,
793 3443 1434 3588 Herrx Geyer.“
2332 3437 3008 3618 es tes Fräulein,
1924 3437 2014 3612 P.
784 3550 2271 3790 Man verbeugte sich gegenseitig.
2507 3588 2970 3804 votre t
