<?xml version="1.0" encoding="UTF-8" standalone="yes"?>
<PcGts xmlns="http://schema.primaresearch.org/PAGE/gts/pagecontent/2013-07-15" xmlns:xsi="http://www.w3.org/2001/XMLSchema-instance" xsi:schemaLocation="http://schema.primaresearch.org/PAGE/gts/pagecontent/2013-07-15 http://schema.primaresearch.org/PAGE/gts/pagecontent/2013-07-15/pagecontent.xsd">
    <Metadata>
        <Creator>prov=READ-COOP:name=TrHtr:version=2.1.0:model_id=51170:date=14_08_2023_17:56</Creator>
        <Created>2023-05-10T14:32:43.346+02:00</Created>
        <LastChange>2023-08-14T17:56:28.554+02:00</LastChange>
        <TranskribusMetadata docId="1428639" pageId="55423094" pageNr="258" tsid="132819678" status="IN_PROGRESS" userId="64420" imgUrl="https://files.transkribus.eu/Get?id=XMYOQQERIUZOLHKWGEMPUUNM&amp;fileType=view" xmlUrl="https://files.transkribus.eu/Get?id=YTWYPHMNIMGXTANTZDVXVNTO" imageId="44697173"/>
    </Metadata>
    <Page imageFilename="1428639_0258.jpg" imageWidth="3496" imageHeight="4312">
        <ReadingOrder>
            <OrderedGroup id="ro_1711819102886" caption="Regions reading order">
                <RegionRefIndexed index="0" regionRef="tr_1"/>
                <RegionRefIndexed index="1" regionRef="tr_2"/>
            </OrderedGroup>
        </ReadingOrder>
        <TextRegion id="tr_1" custom="readingOrder {index:0;}">
            <Coords points="710,592 3114,592 3114,2094 710,2094"/>
            <TextLine id="tr_1_tl_1" custom="readingOrder {index:0;}">
                <Coords points="2729,690 2773,699 2809,728 2845,722 2907,731 2919,487 2889,490 2865,508 2848,496 2815,526 2788,526 2773,538 2735,529"/>
                <Baseline points="2744,650 2786,647 2830,647 2875,645 2920,642"/>
                <TextEquiv>
                    <Unicode>354.</Unicode>
                </TextEquiv>
            </TextLine>
            <TextLine id="tr_1_tl_2" custom="readingOrder {index:1;}">
                <Coords points="713,910 2800,877 2868,868 2871,716 1451,806 716,761"/>
                <Baseline points="734,868 770,862 815,862 860,862 904,862 949,862 994,862 1039,860 1083,860 1128,860 1173,857 1218,857 1263,860 1307,860 1352,860 1397,857 1442,860 1487,857 1531,854 1576,854 1621,851 1666,848 1711,845 1755,845 1800,845 1845,845 1890,842 1935,842 1979,845 2024,845 2069,845 2114,839 2158,839 2203,836 2248,836 2293,836 2338,836 2382,833 2427,830 2472,830 2517,830 2562,827 2606,827 2651,824 2696,824 2741,821 2786,821 2830,815 2875,815"/>
                <TextEquiv>
                    <Unicode>"Sei unbesorgt, sei unbesorgt,"pottete Weizen</Unicode>
                </TextEquiv>
            </TextLine>
            <TextLine id="tr_1_tl_3" custom="readingOrder {index:2;}">
                <Coords points="702,1094 2877,1064 2907,895 704,904"/>
                <Baseline points="719,1012 764,1009 809,1009 854,1009 898,1009 943,1009 988,1009 1033,1009 1078,1009 1122,1006 1167,1006 1212,1003 1257,1003 1301,1003 1346,1000 1391,1003 1436,1003 1481,1003 1525,1000 1570,997 1615,994 1660,994 1705,991 1749,988 1794,988 1839,985 1884,985 1929,988 1973,985 2018,985 2063,982 2108,982 2153,982 2197,982 2242,979 2287,979 2332,979 2376,979 2421,976 2466,976 2511,976 2556,973 2600,973 2645,976 2690,973 2735,967 2780,967 2824,964 2869,961 2914,967"/>
                <TextEquiv>
                    <Unicode>und Sinnig nach, indem sie ihm eiligst folgten.</Unicode>
                </TextEquiv>
            </TextLine>
            <TextLine id="tr_1_tl_4" custom="readingOrder {index:3;}">
                <Coords points="690,1240 1995,1168 2732,1219 2967,1177 2972,1020 696,1094"/>
                <Baseline points="710,1167 737,1164 782,1164 827,1161 871,1161 916,1161 961,1161 1006,1164 1051,1158 1095,1155 1140,1155 1185,1155 1230,1155 1275,1155 1319,1152 1364,1152 1409,1152 1454,1149 1499,1146 1543,1146 1588,1143 1633,1140 1678,1143 1723,1143 1767,1140 1812,1140 1857,1137 1902,1140 1946,1137 1991,1137 2036,1134 2081,1131 2126,1131 2170,1131 2215,1134 2260,1134 2305,1131 2350,1128 2394,1128 2439,1125 2484,1122 2529,1119 2574,1119 2618,1119 2663,1116 2708,1116 2753,1113 2798,1113 2842,1110 2887,1110 2932,1107 2977,1104"/>
                <TextEquiv>
                    <Unicode>Hallo, wie sie wieder ausglitten, hinunterrutsch</Unicode>
                </TextEquiv>
            </TextLine>
            <TextLine id="tr_1_tl_5" custom="readingOrder {index:4;}">
                <Coords points="725,1403 2889,1355 2958,1338 2961,1201 731,1216"/>
                <Baseline points="746,1316 773,1316 818,1316 862,1316 907,1313 952,1310 997,1310 1042,1310 1086,1310 1131,1310 1176,1307 1221,1307 1266,1304 1310,1304 1355,1301 1400,1304 1445,1304 1490,1304 1534,1301 1579,1301 1624,1301 1669,1298 1714,1295 1758,1295 1803,1293 1848,1293 1893,1293 1938,1293 1982,1290 2027,1287 2072,1287 2117,1287 2161,1287 2206,1284 2251,1284 2296,1284 2341,1281 2385,1281 2430,1281 2475,1278 2520,1275 2565,1275 2609,1275 2654,1275 2699,1275 2744,1272 2789,1272 2833,1269 2878,1266 2923,1266 2968,1263"/>
                <TextEquiv>
                    <Unicode>ten und wieder fielen. dunkler und dunkler wurde</Unicode>
                </TextEquiv>
            </TextLine>
            <TextLine id="tr_1_tl_6" custom="readingOrder {index:5;}">
                <Coords points="707,1525 2568,1522 2981,1471 2984,1335 710,1385"/>
                <Baseline points="728,1472 746,1472 791,1469 836,1472 880,1475 925,1472 970,1466 1015,1466 1060,1466 1104,1463 1149,1460 1194,1463 1239,1463 1284,1463 1328,1460 1373,1457 1418,1457 1463,1454 1508,1451 1552,1451 1597,1451 1642,1448 1687,1448 1731,1448 1776,1445 1821,1445 1866,1442 1911,1442 1955,1442 2000,1439 2045,1439 2090,1439 2135,1439 2179,1436 2224,1436 2269,1436 2314,1433 2359,1433 2403,1430 2448,1430 2493,1430 2538,1427 2583,1427 2627,1427 2672,1427 2717,1424 2762,1424 2806,1421 2851,1421 2896,1418 2941,1415 2986,1421"/>
                <TextEquiv>
                    <Unicode>es, und tief in der Finsternts des Waldes schwan</Unicode>
                </TextEquiv>
            </TextLine>
            <TextLine id="tr_1_tl_7" custom="readingOrder {index:6;}">
                <Coords points="725,1715 2916,1665 3014,1632 3017,1489 728,1537"/>
                <Baseline points="743,1624 779,1621 824,1621 868,1621 913,1618 958,1615 1003,1615 1048,1615 1092,1615 1137,1612 1182,1612 1227,1612 1272,1612 1316,1612 1361,1609 1406,1609 1451,1609 1496,1606 1540,1606 1585,1609 1630,1606 1675,1603 1720,1603 1764,1603 1809,1600 1854,1600 1899,1597 1943,1597 1988,1597 2033,1594 2078,1594 2123,1591 2167,1591 2212,1588 2257,1585 2302,1585 2347,1585 2391,1585 2436,1585 2481,1582 2526,1579 2571,1579 2615,1576 2660,1576 2705,1573 2750,1573 2795,1573 2839,1573 2884,1570 2929,1570 2974,1564 3018,1561"/>
                <TextEquiv>
                    <Unicode>den die drei Kollegen. Wir, die wir ihnen von der</Unicode>
                </TextEquiv>
            </TextLine>
            <TextLine id="tr_1_tl_8" custom="readingOrder {index:7;}">
                <Coords points="713,1843 3071,1757 3071,1676 2865,1647 716,1715"/>
                <Baseline points="731,1788 749,1788 794,1785 839,1779 883,1779 928,1776 973,1773 1018,1770 1063,1770 1107,1770 1152,1770 1197,1770 1242,1770 1287,1764 1331,1764 1376,1764 1421,1764 1466,1764 1510,1764 1555,1764 1600,1761 1645,1761 1690,1758 1734,1755 1779,1752 1824,1755 1869,1752 1914,1752 1958,1752 2003,1752 2048,1749 2093,1746 2138,1746 2182,1743 2227,1743 2272,1743 2317,1740 2362,1740 2406,1737 2451,1737 2496,1737 2541,1734 2586,1731 2630,1731 2675,1731 2720,1731 2765,1731 2809,1731 2854,1728 2899,1725 2944,1723 2989,1720 3033,1714 3078,1714"/>
                <TextEquiv>
                    <Unicode>Spitze des Berges lächelnd nachgesehen haben, hö -</Unicode>
                </TextEquiv>
            </TextLine>
            <TextLine id="tr_1_tl_9" custom="readingOrder {index:8;}">
                <Coords points="716,2000 2907,1971 3065,1888 3065,1798 719,1867"/>
                <Baseline points="734,1940 743,1938 788,1935 833,1932 877,1932 922,1932 967,1929 1012,1929 1057,1929 1101,1926 1146,1923 1191,1923 1236,1920 1281,1920 1325,1920 1370,1917 1415,1917 1460,1917 1505,1917 1549,1917 1594,1914 1639,1914 1684,1911 1728,1908 1773,1908 1818,1908 1863,1908 1908,1908 1952,1908 1997,1905 2042,1908 2087,1902 2132,1902 2176,1902 2221,1902 2266,1902 2311,1899 2356,1896 2400,1893 2445,1893 2490,1890 2535,1890 2580,1890 2624,1887 2669,1887 2714,1887 2759,1884 2803,1884 2848,1884 2893,1881 2938,1881 2983,1878 3027,1878 3072,1878"/>
                <TextEquiv>
                    <Unicode>ten nur mehr ihre zweitweiligen Schrete und machen</Unicode>
                </TextEquiv>
            </TextLine>
            <TextLine id="tr_1_tl_10" custom="readingOrder {index:9;}">
                <Coords points="719,2134 3011,2125 3103,2099 3106,1959 722,2006"/>
                <Baseline points="737,2084 740,2084 785,2084 830,2084 874,2084 919,2084 964,2084 1009,2081 1054,2081 1098,2081 1143,2078 1188,2078 1233,2075 1278,2075 1322,2072 1367,2072 1412,2069 1457,2069 1502,2066 1546,2066 1591,2066 1636,2063 1681,2063 1725,2060 1770,2060 1815,2060 1860,2060 1905,2057 1949,2057 1994,2057 2039,2054 2084,2051 2129,2054 2173,2051 2218,2051 2263,2051 2308,2048 2353,2048 2397,2051 2442,2045 2487,2045 2532,2045 2577,2042 2621,2042 2666,2039 2711,2039 2756,2039 2801,2036 2845,2036 2890,2036 2935,2033 2980,2033 3024,2030 3069,2030 3114,2033"/>
                <TextEquiv>
                    <Unicode>dann von unserm Recht Gebrauch, uns in einem Sprung</Unicode>
                </TextEquiv>
            </TextLine>
        </TextRegion>
        <TextRegion id="tr_2" custom="readingOrder {index:1;}">
            <Coords points="731,2129 3030,2129 3030,3772 731,3772"/>
            <TextLine id="tr_2_tl_1" custom="readingOrder {index:0;}">
                <Coords points="722,2313 2922,2262 2978,2116 725,2146"/>
                <Baseline points="740,2248 743,2248 788,2239 833,2236 877,2236 922,2233 967,2230 1012,2230 1057,2230 1101,2230 1146,2227 1191,2227 1236,2227 1281,2224 1325,2224 1370,2221 1415,2221 1460,2218 1505,2218 1549,2218 1594,2218 1639,2218 1684,2218 1728,2218 1773,2215 1818,2212 1863,2212 1908,2209 1952,2206 1997,2206 2042,2206 2087,2206 2132,2203 2176,2203 2221,2203 2266,2200 2311,2197 2356,2197 2400,2197 2445,2194 2490,2194 2535,2194 2580,2191 2624,2191 2669,2188 2714,2188 2759,2185 2803,2185 2848,2185 2893,2182 2938,2179 2983,2182"/>
                <TextEquiv>
                    <Unicode>ins Tal zu versetzen, wo wir im matten Licht der</Unicode>
                </TextEquiv>
            </TextLine>
            <TextLine id="tr_2_tl_2" custom="readingOrder {index:1;}">
                <Coords points="713,2458 2812,2434 2961,2408 2964,2289 716,2313"/>
                <Baseline points="731,2397 773,2391 818,2391 862,2388 907,2385 952,2385 997,2385 1042,2385 1086,2385 1131,2388 1176,2388 1221,2388 1266,2382 1310,2379 1355,2376 1400,2376 1445,2373 1490,2373 1534,2371 1579,2371 1624,2371 1669,2371 1714,2368 1758,2368 1803,2365 1848,2362 1893,2362 1938,2362 1982,2362 2027,2359 2072,2359 2117,2356 2161,2356 2206,2353 2251,2353 2296,2350 2341,2353 2385,2350 2430,2350 2475,2350 2520,2350 2565,2347 2609,2347 2654,2347 2699,2347 2744,2341 2789,2341 2833,2338 2878,2335 2923,2338 2968,2338"/>
                <TextEquiv>
                    <Unicode>Dämmerung, neben dem Gasthaus zu den dret Raben,</Unicode>
                </TextEquiv>
            </TextLine>
            <TextLine id="tr_2_tl_3" custom="readingOrder {index:2;}">
                <Coords points="728,2628 2565,2544 2972,2604 2975,2399 731,2494"/>
                <Baseline points="749,2544 788,2544 833,2544 877,2541 922,2538 967,2538 1012,2535 1057,2535 1101,2535 1146,2532 1191,2532 1236,2529 1281,2529 1325,2529 1370,2526 1415,2529 1460,2526 1505,2526 1549,2526 1594,2523 1639,2523 1684,2523 1728,2523 1773,2523 1818,2517 1863,2514 1908,2517 1952,2514 1997,2514 2042,2511 2087,2511 2132,2511 2176,2511 2221,2511 2266,2508 2311,2505 2356,2505 2400,2505 2445,2505 2490,2505 2535,2502 2580,2499 2624,2496 2669,2496 2714,2496 2759,2496 2803,2496 2848,2493 2893,2493 2938,2490 2983,2490"/>
                <TextEquiv>
                    <Unicode>ein Mädchen ärgerlich auf und abgehen sehen, den</Unicode>
                </TextEquiv>
            </TextLine>
            <TextLine id="tr_2_tl_4" custom="readingOrder {index:3;}">
                <Coords points="719,2761 2865,2723 2868,2577 1037,2637 942,2568 722,2631"/>
                <Baseline points="737,2693 770,2693 815,2690 860,2690 904,2687 949,2687 994,2684 1039,2684 1083,2684 1128,2681 1173,2681 1218,2678 1263,2675 1307,2675 1352,2675 1397,2672 1442,2675 1487,2672 1531,2672 1576,2672 1621,2669 1666,2666 1711,2666 1755,2669 1800,2669 1845,2669 1890,2666 1935,2663 1979,2660 2024,2660 2069,2660 2114,2657 2158,2654 2203,2654 2248,2654 2293,2654 2338,2651 2382,2651 2427,2651 2472,2651 2517,2648 2562,2648 2606,2645 2651,2645 2696,2645 2741,2642 2786,2642 2830,2639 2875,2639"/>
                <TextEquiv>
                    <Unicode>Sonnenschirm ungeduldig hin und herschwenkend.</Unicode>
                </TextEquiv>
            </TextLine>
            <TextLine id="tr_2_tl_5" custom="readingOrder {index:4;}">
                <Coords points="725,2883 2672,2892 2952,2865 2955,2741 728,2761"/>
                <Baseline points="743,2851 764,2848 809,2845 854,2845 898,2845 943,2845 988,2842 1033,2842 1078,2839 1122,2839 1167,2836 1212,2833 1257,2833 1301,2830 1346,2830 1391,2833 1436,2833 1481,2827 1525,2830 1570,2830 1615,2830 1660,2827 1705,2824 1749,2824 1794,2821 1839,2821 1884,2818 1929,2815 1973,2815 2018,2815 2063,2812 2108,2812 2153,2812 2197,2812 2242,2812 2287,2812 2332,2809 2376,2809 2421,2809 2466,2806 2511,2806 2556,2806 2600,2806 2645,2806 2690,2803 2735,2801 2780,2801 2824,2798 2869,2795 2914,2792 2959,2792"/>
                <TextEquiv>
                    <Unicode>Plötzlich hört sie aus dem Walde hellen, frohen</Unicode>
                </TextEquiv>
            </TextLine>
            <TextLine id="tr_2_tl_6" custom="readingOrder {index:5;}">
                <Coords points="728,3071 2863,3044 2952,3014 2955,2863 731,2922"/>
                <Baseline points="749,3001 764,3001 809,2998 854,2995 898,2995 943,2995 988,2998 1033,2995 1078,2992 1122,2995 1167,2989 1212,2989 1257,2989 1301,2986 1346,2983 1391,2983 1436,2983 1481,2980 1525,2980 1570,2980 1615,2983 1660,2977 1705,2977 1749,2974 1794,2971 1839,2971 1884,2971 1929,2971 1973,2971 2018,2968 2063,2965 2108,2965 2153,2962 2197,2959 2242,2962 2287,2962 2332,2959 2376,2959 2421,2959 2466,2959 2511,2956 2556,2956 2600,2953 2645,2950 2690,2950 2735,2950 2780,2947 2824,2944 2869,2944 2914,2941 2959,2947"/>
                <TextEquiv>
                    <Unicode>Gesang. "Gaudearmis igitur." Dort, noch fern von</Unicode>
                </TextEquiv>
            </TextLine>
            <TextLine id="tr_2_tl_7" custom="readingOrder {index:6;}">
                <Coords points="746,3210 2999,3184 3023,3050 749,3082"/>
                <Baseline points="764,3153 791,3150 836,3147 880,3150 925,3147 970,3144 1015,3144 1060,3141 1104,3141 1149,3141 1194,3138 1239,3138 1284,3138 1328,3135 1373,3135 1418,3135 1463,3132 1508,3129 1552,3129 1597,3126 1642,3126 1687,3126 1731,3126 1776,3123 1821,3123 1866,3123 1911,3123 1955,3120 2000,3117 2045,3114 2090,3117 2135,3114 2179,3114 2224,3111 2269,3111 2314,3111 2359,3108 2403,3105 2448,3105 2493,3105 2538,3102 2583,3102 2627,3099 2672,3099 2717,3099 2762,3096 2806,3093 2851,3093 2896,3093 2941,3090 2986,3096 3030,3096"/>
                <TextEquiv>
                    <Unicode>ihr kommen Gestalten aus dem Schatten des Waldes,</Unicode>
                </TextEquiv>
            </TextLine>
            <TextLine id="tr_2_tl_8" custom="readingOrder {index:7;}">
                <Coords points="737,3362 2791,3347 2984,3323 2990,3178 740,3249"/>
                <Baseline points="755,3305 800,3302 845,3302 889,3302 934,3302 979,3299 1024,3299 1069,3296 1113,3293 1158,3293 1203,3293 1248,3293 1293,3290 1337,3287 1382,3287 1427,3284 1472,3281 1516,3281 1561,3281 1606,3278 1651,3278 1696,3278 1740,3284 1785,3281 1830,3281 1875,3278 1920,3275 1964,3275 2009,3272 2054,3272 2099,3269 2144,3269 2188,3269 2233,3266 2278,3263 2323,3266 2368,3263 2412,3260 2457,3263 2502,3263 2547,3263 2591,3263 2636,3263 2681,3260 2726,3257 2771,3254 2815,3254 2860,3254 2905,3254 2950,3254 2995,3257"/>
                <TextEquiv>
                    <Unicode>sie kommen näher — es sind Knaben — ein grosser,</Unicode>
                </TextEquiv>
            </TextLine>
            <TextLine id="tr_2_tl_9" custom="readingOrder {index:8;}">
                <Coords points="737,3516 2889,3442 3017,3427 3017,3344 740,3395"/>
                <Baseline points="755,3457 785,3454 830,3454 874,3451 919,3449 964,3449 1009,3449 1054,3449 1098,3446 1143,3443 1188,3443 1233,3443 1278,3443 1322,3440 1367,3437 1412,3437 1457,3437 1502,3437 1546,3437 1591,3434 1636,3434 1681,3431 1725,3431 1770,3428 1815,3425 1860,3425 1905,3425 1949,3425 1994,3425 2039,3425 2084,3428 2129,3425 2173,3419 2218,3419 2263,3416 2308,3416 2353,3416 2397,3413 2442,3413 2487,3413 2532,3413 2577,3410 2621,3410 2666,3407 2711,3407 2756,3404 2801,3404 2845,3401 2890,3401 2935,3398 2980,3398 3024,3395"/>
                <TextEquiv>
                    <Unicode>dicker Herr schrettet würdig an ihrer Spitze ein</Unicode>
                </TextEquiv>
            </TextLine>
            <TextLine id="tr_2_tl_10" custom="readingOrder {index:9;}">
                <Coords points="743,3674 1459,3635 1867,3713 2102,3621 2446,3698 2821,3626 2824,3496 746,3508"/>
                <Baseline points="758,3604 767,3601 812,3598 857,3598 901,3598 946,3598 991,3592 1036,3592 1080,3592 1125,3589 1170,3592 1215,3589 1260,3586 1304,3586 1349,3583 1394,3583 1439,3580 1484,3580 1528,3580 1573,3580 1618,3580 1663,3577 1708,3577 1752,3574 1797,3577 1842,3571 1887,3568 1932,3568 1976,3568 2021,3565 2066,3565 2111,3565 2156,3565 2200,3562 2245,3562 2290,3562 2335,3562 2379,3559 2424,3556 2469,3556 2514,3556 2559,3553 2603,3553 2648,3550 2693,3550 2738,3547 2783,3544 2827,3544"/>
                <TextEquiv>
                    <Unicode>her während man hinter ihm leuchtende Funhen</Unicode>
                </TextEquiv>
            </TextLine>
            <TextLine id="tr_2_tl_11" custom="readingOrder {index:10;}">
                <Coords points="746,3823 832,3846 969,3811 1127,3852 1189,3808 1248,3832 1254,3671 1207,3665 1133,3698 1037,3668 1008,3692 924,3692 901,3674 794,3710 752,3695"/>
                <Baseline points="764,3762 809,3759 854,3759 898,3756 943,3756 988,3753 1033,3753 1078,3750 1122,3747 1167,3744 1212,3741 1257,3738"/>
                <TextEquiv>
                    <Unicode>wahrnehmen</Unicode>
                </TextEquiv>
            </TextLine>
        </TextRegion>
    </Page>
</PcGts>
