3432 4328
2679 385 2873 617 264
758 776 2949 972 soll haben gekostet nur wesi Gulden der Meter."
758 949 2876 1152 "Hundert Jahr soll ich alt werden und Sie und
755 1087 2920 1207 Ihre ganze Familie, dass es so ist. Aber jetzt
740 1254 2917 1366 muss ich gehen nach Haus ich bin sowieso schon
752 1398 2829 1516 geblieben zu lang. Es muss schon sein gewiss
749 1566 1248 1710 acht Uhr. "
770 1604 3008 1798 "Punkt dreiviertel neun," sagte der viezehnjährt
767 1871 1184 2009 ge Kunge.
802 1959 2873 2121 Gott über die Welt," schrie die alte Keiles.
773 2136 2940 2309 Drei viertel auf neun. Wie einem doch
761 2274 3037 2435 vergeht schnell die Zeit in so angenehmer Gesell
770 2444 2641 2667 schaft. Also, ich empfehl mich bestens."
755 2617 2938 2794 Frau Keiles,“ rief Madame Flock, indem sie die
764 2741 3126 2961 Freundin auf den Stuhl niederdrückte. "Frau Ketles
767 2914 2890 3090 Ich schwör Ihnen, Sie bleiben da zum Soupe.“
773 3078 3114 3275 "Aber liebe Frau Flock, ich kann doch nicht blei -
770 3246 2961 3422 ben da zum Souper, wenn ich erst bin dageblie-
776 3405 2238 3569 ben zum Souper vor vier Tagen."
773 3540 2984 3734 "Frau Keiles ich schwör Ihnen, Sie bleiben da."
