3448 4328
2563 337 2700 482 60
636 628 2895 873 getanzt habe, zu hören. Jetzt tanzte zum grossen
639 823 2809 1000 Gaudtum etwelcher loser Vögel Herr Strohmüller
642 995 2933 1175 und sein Schnurrbart küsste die Nase seiner Dame,
645 1125 2963 1323 welche sowohl an Alter als an Schönheit ihm nicht
648 1291 2741 1495 nachstand. Die Frackschösse waren bei ihr in
657 1447 2972 1613 Form einer bauschtgen Tunique vorhanden, auch sie
666 1592 2833 1797 hatte mitte, blaue Augen - dagegen sehr dunkel
672 1746 2874 1939 gefärbte Augenbrauen ja sogar der Schnurrbart
681 1850 2942 2084 fehlte nicht. Nur in dem Körperumfang der beiden
675 2048 2806 2217 war ein erheblteher Unterschied; denn während
675 2187 2895 2383 Herr Kuno Strohmüller sozuszgen spindeldürr war
693 2350 2998 2552 schten die beweitem korpulentere Baronin Adelatde
696 2522 2850 2673 Linkmaus den schwächlich konstruterten Brust
704 2649 2865 2842 kasten Ihres Tänzers mit der Gewalt ihres mehr
713 2756 3046 2972 als üppigen Busens fast eindrücken zu wollen, in -
719 2963 2933 3132 dem sie stoh gar särtlich an ihn schmiegte, was
725 3123 2694 3303 sich freilich nicht allzu graziös ausnahm.
719 3262 3096 3442 Die Baronin Adelatde Linkmaus stand, wie schon er
731 3386 3004 3629 wähnt, in zweideutigem Alter und hatte eine zwei
