3352 4232
2868 421 2999 596 13
505 491 3114 724 "Es wird durchaus Amnestie gewährt. Nur stimmenich dafür
495 707 3154 879 dass jeder wahrheitsgetreu und genau unter dem Siegel der
491 838 3083 1027 Verschwiegenheit in diesem Verein seine ganze Lebensge
488 1007 3033 1182 schichte erzählen sollte. Natürlich ohne dass vergange
481 1168 3023 1343 ne Fehler auch nur den geringsten Fleck zurücklassen.“
495 1316 3154 1505 "Nein, nein nein..." erscholl es von allen Seiten. "Nein.
465 1481 3023 1636 Ja selbst die Stimme des frommen Professors konnte man
478 1643 2969 1831 aus diesem Stimmenchaos heraushören, und er wird wohl
475 1771 3114 1932 auch seine Gründe gehabt haben, warum er über seine Ver-
478 1922 3104 2111 gangenheit denn Schleter der Vergessenheit gebreitet wis
478 2080 3094 2269 sen wollte. Vielleicht tauchte auch in seiner Erinnerung
475 2269 2996 2414 eine Tänzerin mit "beinah gänzlich entblössten Formen"
461 2404 3053 2575 auf, vielleicht...... kurz und gut des Herrn Kanzletrats
451 2545 3158 2710 letzter Antrag ward verworfen und wenn er auch mit Befrie
461 2713 3158 2875 digung auf sein unbescholtenes Basein zurückblicken konn -
461 2855 3154 3057 te, so hatte er nicht die Genugtuung sich als den Unschul
451 3026 2454 3168 digsten der Unschuldigen gefeiert zu sehen.
454 3141 3043 3336 "Falls einer in dieser geehrten Versammlung irgend ein
441 3309 3104 3494 nicht sittliches Buch, etwa den Boccacto oder Demi-Monde,
448 3464 3033 3652 oder andres ehebrecherisches Zeug haben sollte, so wird
