3384 4216
2643 409 2788 592 75
689 566 2485 724 nahm, fing Ludwig Nelke zu schreien an
2417 712 2571 952 G.F.P.
704 729 2351 909 Schlechter Laune und ganz misslich.
698 881 2331 1052 Kurz gesagt...pistolerschiesel ich.
709 1027 2966 1207 Nachden Falke diese Verse, deren Anfang so merk
726 1236 2874 1401 würdig von dem Ende differterten (wahrschein
724 1347 2940 1507 lich war die frübe Stimmung in den fünf letzten
726 1493 2860 1667 Versen durch die plötzliche Erinnerung an den
726 1665 2857 1828 Wagen seines Vaters hervorgebracht) an seinen
726 1799 2997 2008 Bestimmungsort befördert xxxx hatte, erschallte
744 1976 2520 2154 die Glocke und die Stunde war beendet.
735 2128 2997 2282 Nach kurzer Zeit trat der "fesche" Nelke heretn,
758 2245 3052 2445 ein fast dreissigjähriger hübscher Mann. Er hatte
749 2422 2911 2605 den Ruf eines Don Juan. Manchmal machte er die
746 2620 3023 2766 Stunde durch einen lebensvollen Vortrag sehr in -
764 2743 2940 2900 teressant; mijnohmal wieder war ### geradezu zum
752 2886 3026 3092 Einschlafen. So auch heute. Falke konnte infolge
758 3012 2972 3243 dessen nicht umhin stch auf andre Weise Unter-
752 3223 2891 3369 haltung zu suchen, was er durch eine lebhafte
752 3366 2972 3504 Korresponden mit Mortz Sinntg auch tat. Als er
772 3515 2974 3689 eben ein Brieflein von Mortzens Hand in Empfang
