3336 4232
2754 461 2853 677 3
561 594 3162 849 "anschliesen werden", schloss Vielmeter, in dem er sich
537 796 3022 979 mit einem Schluck Bier von seiner Anstrenung erholte.
551 955 3029 1161 „Wir sind ja, Gott sei Dank, keine Griechen mehr,
531 1075 3049 1267 Urvölker", sagte der hagere Kanzleirat."Gott sei Dank
544 1247 3112 1417 sag ich nochmals und ich will hoffen, dass solche Dinge
541 1436 3059 1576 zum letztenmal in unserer Stadt Wien vorgekommen sind.
534 1572 3039 1735 .1876.. und das wagt man in einem der besuchtesten Thea
544 1712 3162 1878 ter Wiens.. das ganze Publikum hätte sich erheben sollen
547 1858 3168 2044 wie ein Mann und pfeifen und zischen..oh, dass die Sonne
541 2017 2614 2216 eine so schamvergessene Tänzerin bescheint!"
557 2186 3142 2349 "Meine Herren, wenn ich fragen dürfte, was ist denn et -
547 2349 3122 2535 gentlich vorgefallen?" fragte ein Herr, der eben herein
547 2488 3059 2667 getreten war und sich ruhig auf einen Sessel niederge
537 2627 3172 2820 lassen hatte, indem er den Stock in eine Ecke und den Zy
537 2790 2511 2956 linder vor sich hin auf den Tisch stellte.
551 2893 3079 3132 "Sie wissen nicht was vorgefallen ist, Herr Wahlmann!"
541 3122 3205 3271 eiferte der begeisterte Kanzletrat."Sie haben noch nichts
541 3228 3162 3437 von dem Ereignis gehört, das leicht eine ganze Umwälzung
541 3424 3162 3636 in der Kulturgeschichte bedeuten kann, ein Ereignis, das
531 3609 3055 3779 eines der wichtigsten in der neuen Geschichte genannt
