3432 4312
2824 338 3012 508 252
705 661 2892 861 dennoch aber sucht man sie auf, sie werden ge-
705 861 2974 987 ehrt, geschätzt.... sie verstehen mich, ich spre
708 973 2445 1134 che von den talentierten,-geachtet. "
720 1140 2809 1281 „Sehr gut! Also sind Sie auch ein Epikuräer?“
723 1252 2951 1452 "Mit Leib und Seele. Geniesse, denn Du lebst nur
711 1446 1108 1607 einmal."
732 1566 2892 1704 "Wunderbar. Sie kommen mir auf halbem Weg ent -
702 1754 1061 1904 gegen."
720 1898 979 2045 "Ahi"
717 2048 3080 2195 "Ich will kurz sein. Ich bin in Estrella verliebt."
714 2178 2054 2366 "Ich bin gar nicht erstaunt."
717 2327 3009 2480 "Nun a ber werden Sie staunen. Ich kann gut tanzen
708 2498 2862 2657 und wünsche Gelegenheit mit ihr zu sprechen.
711 2683 2427 2792 “Sollte ich den Zusammenhang ahnen! “
729 2827 3042 2983 "Könnten Sie in Ihrer Stellung nicht dahin wirken,
705 2989 3000 3106 dass ich in einem Ballet die Rolle eines ganz un-
705 3139 3009 3277 tergeordneten Ballettänzers aus dem Balletchor
702 3256 1246 3418 übernehme?“
1375 3253 1625 3427 G.H.F.H
2119 3265 2707 3468 der Zugang zu
726 3397 1943 3588 "Nichts leichter als das."
2010 3394 2598 3571 e kleiner Gem:
708 3568 3003 3735 „Sie sind ein herrlicher Mensch,“ rief der leicht
