3400 4344
2673 399 2860 568 260
695 661 2830 879 Talma stand schnell auf. "Was fällt Ihnen ein,
1416 864 1513 988 G.F.P.
686 897 1308 1075 rief sie aus.
698 960 3092 1190 "O nichts, ich will Sie nur bestrafen für Ihre...“
713 1169 1564 1332 "Nun wo fürt?"
722 1302 3074 1441 "Weiss ich doch das Wort selbst nicht. Es ist we -
689 1489 3114 1640 niger als Leichtfertigkeit und mehr als Koketterie.
716 1640 1827 1806 "Das ist sehr deutlich."
719 1746 2884 1915 "Und sehr keck, wollten Sie sagen. Ja, das bin
713 1897 2917 2099 toh. Ich bin nicht ein Herr....wie heisst jener
716 2105 1540 2253 gentale Dichter?"
722 2235 1634 2383 "Kuno Strohmüller."
728 2380 2902 2531 "Ich erinnere mich Sie schon mit ihm gesehen zu
713 2537 3029 2706 haben. Auch ihn haben Sie mit Ihrer Koketterie an
719 2658 3129 2890 sich gezogen und auch ihn lieben Sie nicht. Sie lie
722 2872 1350 3041 ken keinen. „
728 2987 2180 3150 "Und das wissen Sie so sicher?"
722 3138 2981 3316 „O, ein Wetb das liebt ist ganz anders, ab Sie.
710 3298 3080 3488 Fragen Sie nicht wie. Denn das ist eine Frage, auf
719 3449 1972 3645 die es keine Antwort gibt.
