3544 4360
2501 446 2696 683 311
632 866 1495 1090 "Lass mich in Ruh.
632 1006 2962 1231 "Ich verachte Euch beide. Ks, ks, hs, ke, k s,ks...
620 1201 1387 1372 Endlich ging er.
623 1282 2947 1536 Der Zug hielt in Baden, die Burschen sprangen her
641 1459 2956 1674 aus und rechten die Glieder, Gemessenen Schrittes
653 1578 2914 1851 folgte ihnen Mager und alle machten sich auf den
650 1749 2926 1980 Weg. Der schönste Morgen lag über der tablitzen
659 1905 2941 2159 den Erde, redend, pfeifend, singend, rauchend zo-
656 2058 2881 2282 gen die Jungen über die Wiesen- freilich durfte
665 2237 2468 2417 sie Mager beim Rauchen nicht ertappen.
665 2348 3028 2594 Weizen war wieder zu Sinnig und Falke geteten, die
665 2510 2971 2737 mit einander eifrig über den Traum und das verab-
677 2642 2953 2896 redete Rendez-vous sprachen. Arthur wollte Fann!
680 2812 2851 3040 um fünf Uhr abends bei den drei Raben treffen,
686 2962 2998 3193 ein Gasthaus, das inmitten von Wiesen und grünbe-
689 3127 2588 3351 waldeten Bergen malerisch genug daltegt.
725 3303 2776 3498 "Stört man jetzt noch?" fragte Adolf Weizen.
722 3444 2324 3642 "Durchaus nicht." erwiderte Falke.
722 3567 3127 3786 "Nun, das freut mich, ich wollte heute mehreres mit
