3320 4248
400 574 1463 774 Schriftsteller.......XXX
420 751 1736 915 "Ich bitte, nur Journal ist."
423 899 2914 1070 "Und Herr Jakob Mager, Professor am akademischen Gym -
407 1014 3029 1208 nasium." Die Vorgestellten verbeugten sich. Mager aber,
423 1194 3038 1368 der sich noch gar nicht von der fürchterlichen Zeitungs
420 1375 2868 1545 notiz erholt hatte, bat Herrn Falke wetter zu lesen.
433 1500 2966 1690 "manches einzuwenden und möchten ihr raten, künftighin
446 1631 3045 1828 im Interesse des guten Geschmackes und ihres guten Rufes
436 1785 2865 1972 etwas weniger dekolletiert zu erscheinen; jedoch ver
450 1946 3006 2120 söhnten ihre wirklich reizenden Bewegungen und Ihre un
440 2120 3009 2280 übertreffliche Grazte mit.... "nein, da lese weiter wer
450 2251 3029 2445 kann, ich kann es nicht", sprachs und warf die Zeitung
453 2468 1250 2612 wütend zu Boden..
466 2566 3081 2746 "Nun womit persöhnten ihre wirklich reizenden Bewegungen
466 2733 2999 2960 und ihre unüberteffliche Graziel" fragte Herr Wahlmann
472 2917 1047 3081 ganz legère.
486 3032 2910 3193 "Mit thren... thren.... betnahe...gänzlich... beinahe
476 3189 2963 3373 gänzlich... gänzl ich.... entblössten Formen." presste
469 3334 3104 3518 Jakob Mager heraus, der die Zeitung aufgehoben hatte und
469 3511 1746 3741 nun schamhaft zu Boden sah.
