3528 4360
2557 620 2784 760 /309
679 929 2880 1139 "Servus, servus" schallte es ihm von allen Sei¬
431 1002 548 1177 22
690 1075 2875 1276 ten entgegen, als er am Bahnhof angekommen war.
693 1206 2846 1453 "Also Weizen, wollen, Se mal die Chelder in Em-
687 1418 2394 1619 pfang nehmen und die Charten lösen."
682 1555 2994 1736 Da ging er herum, der edle, beinahe zu kraftvolle
702 1695 2997 1887 fromme Professor zwischen seinen Schülern. Minsam
690 1884 2921 2021 und verlassen, ohne eine Seele, mit der er sich
705 1975 2950 2181 auf christlich-erbauliche Weise unterhalten kon-
1986 2181 2103 2304 G.F.S.
711 2173 1884 2347 te- und- langweilte sich.
696 2298 2947 2528 Armer Jahob! Wie wirst Du dich heute langweilen,
711 2458 3014 2677 ausser wenn es Dir möglich ist, in Deinen frommen
711 2615 2642 2784 Gedanken Erholung und Erbauung zu finden!
734 2758 3009 2939 "Einsteigen! Lohalzug nach Liesing-Mödling-Baden-
714 2933 3046 3128 Vöslau- schallte es, das dritte Glockenstgnal wur-
722 3093 3029 3282 de gegeben, der Kondukteur blies in sein Horn und
708 3265 2971 3416 mit einem schrillen Pfliff setzte sich die Loko¬
714 3402 3052 3574 molve in Bewegung. Die Gymnastasten in ihrem Cou¬
722 3530 2930 3708 pee schwatzten lustig mitemander, Arthur Falke
725 3696 2968 3836 machte Sinnig mit seinem Traum bekannt, und Wei¬
