3368 4248
2659 385 2795 543 63
665 622 2850 838 sen zu erwähnen, dass Baron Constantin, der um
671 819 2944 1002 einige Jahre Jünger als seine Frau, nun im schön
674 999 2789 1156 sten Mannesalter stand, auch noch andre Damen
662 1108 2938 1293 manchmal recht auffallb nd beginstigte. So sagte
659 1314 3068 1451 man zum Beispiel, dass er zur Stunde mit etner ganz
665 1426 2929 1606 reizenden Constantinopolitanetn Aegypten bereise
668 1633 2920 1751 uid im Schatten der Pyramiden...a propos Pyra -
653 1775 2920 1915 miden! Diese koltossalen Antiquitäten erinnerten
662 1900 2795 2079 mich noch rechtzeitig an die Baronin Adelatde
653 2064 2929 2240 Linkmaus, die wir am Tage im Tanz mit dem Poeten
662 2200 2999 2398 verl tessen. Als der Tanz geendet zogen stch betde,
656 2352 2917 2537 wie ein Liebespaar in eine Fensternische zurück.
668 2519 2358 2677 wo sich folgendes Gespräch entspann.
674 2653 2000 2847 "Puh..........puuuuuhkhhhh."..."
677 2810 3020 2968 „Sie scheinen etwas ermüdet Herr Strohmüller," ver
668 2950 2883 3166 mutete sie, indem sie ihre Lippen zu einem an
668 3111 2219 3305 mutigen Lächeln verziehen wollte.
659 3226 2983 3439 Der Angeredete schnaufte zur Antwort noch stärker
680 3423 3117 3609 und sog aus seiner Frachtasche ein Schnupftuch,
