3432 4344
2454 622 2634 773 350
2300 710 2454 938 sant
515 811 690 1015 G.C.F.P.
619 921 2904 1178 „Wer undss,“ erwiderte Weizen mit erheuchelter Be¬
1288 1140 1619 1299 G.C.H.F.P
595 1119 1234 1317 sorgnis.
580 1273 2859 1442 “Sei unbesorgt,“ sagte der jugendliche Liebende,
580 1406 2889 1595 mehr um sich selbst, als um die andern zu beruht-
604 1581 2004 1761 gen. "Wir kommen noch zurecht."
607 1684 2927 1880 Und vorwärts stürmte er, dass der Uebersteher hin-
604 1853 2913 2022 ter ihm her flatterte und ihn Weizen daran halten
586 2042 2865 2211 musste, damit er sich an einem Dernstrauch nicht
592 2187 2972 2362 das Kleid zerreisse. Alle drei rannten stzt im Ga¬
601 2324 2821 2489 lopp durch den Wald, von dessen Kühle sie jetzt
592 2478 1285 2670 wenig spürten.
1350 2504 1498 2634 G.H.F.P.
601 2608 2848 2788 "Jetzt beginnts ja schon flacher zu werden," be¬
589 2782 2919 2963 ruhigte sich Arthur.“Wir müssen gleich an Ort und
586 2939 1240 3123 Stelle sein.“
1365 2960 1483 3067 G.F.P.
610 3058 2848 3289 "Dort ist eine Lichtung,“ rief Sinnig aus wetter
583 3212 2889 3445 Ferne hinter Gestrüpp hervor, in das er sich ver¬
598 3413 2933 3593 stricht hatte und aus dem er eben mit Mühe hervor¬
1616 3543 2119 3697 par la chere avait
580 3561 1231 3750 gekommen war.
601 3662 2865 3884 "ÄH, lieber Sinnig,“ tronisterte Wetzen, „hast Du
