3448 4360
2350 565 2541 701 289
522 877 2957 1105 ge, der eine rechts, der andre links von etiner eben¬
531 1051 2508 1269 so hoffnungsvollen und ebenso jungen Dame.
525 1172 2912 1433 Als Bruch seine beiden Professoren bemerkte, blieb
550 1287 2994 1539 er mit grosser Seelenruhe stehen und die Ztgarre aus
571 1460 2954 1703 dem Munde nehmend, machte er eine zierliche Verbeu¬
565 1670 2037 1855 gung vor Neike und Waschlapskt.
589 1804 2894 1995 "Ah, schöne Geschichten!" sagte Waschlapski. "Sie
577 1940 2930 2147 Bruch und sie Rahasseg! Ich werde es nächstens vor
592 2122 1882 2317 der Konferenz vorbringen...“
607 2238 2857 2456 „Aber, Herr Professor,“ unterbrach Rahasseg sehr
610 2390 2872 2635 frech den Sprechenden.“Wir vergassen ganz, Ihnen
610 2532 2900 2781 diese Dame vorzustellen. Fräulein Door vom Fürst-
638 2714 2948 2930 theater im Prater. Herr Professor Nelke, Herr Pro-
629 2894 1558 3076 fessor Waschlapski.
629 3033 2766 3224 Die so vorgestellten mussten sich notgedrugen
638 3206 1129 3404 verbeugen.
629 3310 2924 3531 Das Fräulein, eine üppige Schönheit, mit schelmi-
650 3480 2909 3677 schen Augen, sprach die beiden Herren zuerst an.
668 3610 3076 3823 „Ihre beiden Schüler haben mir schon viel von Jhnen
