3496 4344
2615 507 2798 666 125
772 804 2927 954 "Pst" beschwichtigte Mager. "Pst, ich muss mal
766 975 3095 1151 sehr bedauern aber...“ hier zuckte er die Achseln.
777 1101 3113 1364 "So sprechen Sie, erklären Sie uns," ermahnten die
766 1243 1384 1434 bet den Väter.
775 1419 3086 1581 "Also letzter Tachem, "lub der Professor an, "le
769 1579 3133 1723 chechnete ich einem ganz jungen Burschen und einem
772 1738 2974 1911 ganz jungen Mädchen. Es war mal beinahe finster
757 1864 2960 2076 und gerade bet der Vottuktrøhe. Also diese bei
766 2050 2980 2223 den juchendlichen Liebenden waren mal so in ihr
763 2165 3110 2335 Chespräch vertieft, dass sie mich nicht bemerkten.
766 2329 2989 2483 Ich aber, zu meinem chrössten Staunen, erchenne
775 2459 2907 2656 meinen Schüler Arthur Falche, an welchen sich
766 2650 3116 2827 ein junges Mächdelein, welches er Fanni anspricht,
775 2836 2050 2977 sehr zärtlich anschmiecht.“
783 2963 2933 3151 "Am Ende hat er sie gar geküsst", argwöhnt der
766 3110 2324 3298 Präsident des Vereines Pudicitia.
775 3231 2321 3407 Geküsst?", rief Flock erschreckt.
748 3384 3051 3572 Also ich habe wohl nichts ehesehen, doch sah ich
777 3534 2907 3793 einmal auf die Uhr, vielleicht haben sie sich
