3464 4344
2568 413 2761 572 278
704 753 1715 923 "Das weiss ich nicht!"
701 830 3054 1026 "Das ist doch schon das höhere" brauste Flook auf,
709 1008 3010 1216 "ich sage Dir, Du tust mir keinen Schritt mehr al-
701 1167 3046 1366 lein aus dem Haus und die nächsten Tage bleibst Du
704 1337 2981 1527 ganz zu Haus. So, jetzt kannst Du schlafen gehen!"
712 1501 2902 1662 "Also nicht einmal am ersten Mai die Landpartie
706 1665 2870 1817 kann ich machen?!" trotzte sie mit verhaltenem
704 1832 1055 1984 Weinen.
724 1920 2993 2140 "Nein, sag ich Dir, dummes Mädel. Und jetzt hasta,
698 2087 2972 2304 marsch!" Er kehrte sich um und Fanni ging schmol¬
715 2251 3037 2427 lend aus dem Zimmer. Draussen machte sich aber ihr
718 2389 3057 2577 gepresstes junges Herz in heissen Trähnen Luft und
718 2559 3013 2703 schnell ging sie in ihr Stübchen, wo sie sich auf
727 2741 3016 2893 einen Sessel zur Lampe setzte und ihr Gesicht ins
727 2878 2978 3034 Taschentuch drückte, um endlich so einzuschlafen
724 3022 2870 3177 und sich in schönere Gefilde hinüberzuträumen.
712 3189 2949 3327 Madame Irene Flock hatte während des ganzen Auf-
736 3336 3022 3497 trittes zwischen threm Mann und ihrer Tochter nur
733 3488 3013 3664 die Hände gerungen. Als sie sich aber anschickte,
727 3644 2999 3819 diese Beschäftigung weiter fortzusetzen, döschte
