3560 4392
2421 578 2612 748 329
638 903 2913 1157 sert, dass man diese Ruinen auch für Hohn halten
644 1049 2850 1330 könnte-indem der Mensch, das Werk der Zeit hier
656 1195 2969 1449 schon im Aufbau selbst vollzogen. Wie gesagt, ich
665 1392 2940 1592 unterdrücke dem Leser zu Liebe diese Schilderung-
674 1514 2981 1732 en und Sentenzen, die einem weniger rücksichtsvol¬
668 1702 2892 1941 len Autor bei so verlockender Gelegenheit nicht
677 1833 3074 2051 nur auf der Feder, sondern auch aufs Papter schrein
689 1991 2987 2194 ben würden und beginne gleich von Personen zu er¬
695 2135 3080 2364 zählen, die den Leser unbestimmbar mehr interessie-
704 2284 2984 2504 ren, als alle poetischen Ergüsse und dergleichen.
701 2460 3086 2656 Im Garten bei den "drei Raben" an einem Tische sit###
707 2621 2966 2814 en Professor Ludwig Nelke und Estrella. Letztere
716 2752 3002 2966 sass stumm da und sprach kein Wort, was dem Leser
716 2919 3068 3086 durchaus nicht verwunderlich vorkommen darf. Hatte
716 3047 3050 3261 sie doch gestern abends, als sie nach Hause gekom-
713 3196 3056 3443 men war, ein Briefchen auf dem Tisch ltegen gefun-
730 3360 3014 3539 den, das sie mit den süssesten Hoffnungen erfüll-
748 3545 1652 3727 te. Es stand darin.
766 3649 2922 3902 "Süsse Estrella. Den ersten Mai Punkt neun Uhr
