3384 4264
2832 341 2927 567 a1
739 564 2491 802 "Dte Ilha kommt zu uns, in unsre Nähe
748 712 3043 962 wenigstens,“ rtef Stelle. “Kann Entl, warum gehen
736 897 1850 1107 wir ihr nicht entgegen?
727 998 3043 1226 Der auf solche Netze verepottete, wurde zwar noch
748 1185 2987 1380 röter, antwortete aber doch mit grosser Haltung:
769 1309 3013 1526 "Hast viel zu reden.. und Du mit Deiner Mattlde.
766 1431 3159 1686 „Ueberwundener Standpunkt, ich will zwar nicht eben
763 1597 3108 1858 Gift drauf nehmen, dass sie nicht noch schrecklich
781 1781 2984 2034 in mich verliebt ist, aber von meiner Seite...
805 1956 3156 2138 “Wohin schaust Du denn immer Steile?“ fragte Gries.
805 2102 3174 2319 „Ach dort geht die MattiId mit ihrer Schwester,“ rief
796 2241 3055 2479 Glut aus. “Es scheintä doch noch nicht so aus zu
805 2434 2280 2607 sein, Jaques. Dahtn schaust Du!
2378 2396 2612 2562 G.H.F.P.
819 2538 3061 2776 “Du wirst aber schon wieder rot, Emil, jetzt hat
813 2690 3105 2942 die Ilha die Mattid getrofjen. Jetzt sprechen etc
802 2841 3028 3085 mit einander. Wahrscheinlich von Dir," hänselte
813 3079 1179 3251 Stelle.
843 3188 2571 3399 „Oder von Dir, „ eröiderte der andre.
864 3334 3138 3530 „Nein, die Ilhe schaut auf Dich, Emil. Moht wahr
834 3468 2889 3699 Sinntg, etc sohaut auf thnt Berthold nichts.
