3416 4312
2734 463 2871 609 94
729 636 2916 825 schwellen, Küsse, Lippen, süss, Augen Liebe,
735 747 2871 947 wimmelte. Diese xxxbedichte brannten jetzt
2937 711 3122 938 G.C.F.P
750 908 2973 1099 auf seinem Herzen. Er verwünschte im Herzen den
756 1052 3158 1282 steifbeinigen Leutnant, denn er hatte im Sinne, die
759 1201 2979 1416 zierlich abgeschriebenen Verse seiner Geliebten
798 1362 2931 1559 sio- zu übergeben, was schlechterdings in des
768 1515 3119 1718 Offiziers Anwesenheit nicht möglich war. Sie spra
768 1670 3128 1876 chen von sehr gleichgiltigen Dingen, ach so gleich
765 1813 3167 2020 giltig, und machten so gleichgiltige Gesichter, dass
768 2002 3044 2208 unbefangene Leser den aufgeregten Zustand Kühles
783 2130 3092 2321 der wie toll ebenfalls im Volksgarten herumrannte
780 2306 1936 2495 schwer begretfen werden.
780 2462 2996 2623 Wir erblicken auch die Gräfin Adelatde Lirkhaus
795 2575 2931 2787 am Arme Herrn  Norberts, ersten
789 2740 3065 2937 Liebhabers und Heldendarstellers, des Wiener Stadt
807 2919 3203 3074 theaters. Eben will sie tn den für das Abendhonzert
795 3068 3167 3268 abgetrennten Raum eintreten, als sie Talma mit den
804 3232 3173 3448 beiden Herren bemerkt und alle einlädt, mit ihr in
810 3394 3068 3579 das Kaffeehaus zu gehen. Kühle, schnell gefasst,
813 3537 2910 3773 zahlt ebenfalls das Entrée und "steigt nach",
