3448 4136
2562 442 2743 653 418
683 755 3101 992 volen Titelbild geziert war, machte ein paar Schrit-
689 926 2905 1134 te in xxx die einsame Allee hinein, drehte sich
695 1086 2983 1251 aber sogleich wieder um und indem er den Kutscher
698 1221 2256 1441 wohlwollend ansah, fragte er ihn:
695 1359 2956 1534 "hat Er schon einmal Skandalgeschichten gelesen?"
713 1555 1798 1744 „Ich kann nicht lesen.“
716 1669 2818 1856 "Das ist aber doch schade," meinte Arthur mit
713 1814 2914 2018 Gönnermiene, "warum lernt Er denn nicht lesen?"
698 1958 2932 2186 Der schnell besänftigte Rosselenker zeigte sich
716 2147 2968 2331 selbst sehr betrübt über seine Ignoranz, so dass
734 2253 3068 2487 der Gymnastast folgenden Vorschlag machte: " Weiss
743 2430 2060 2644 er was, ich lehr Ihn lesen!"
749 2608 1738 2794 “Aber junger Herr...“
767 2740 3035 2929 „I was, mach er keine Umstände, ich weiss ja V Er
737 2890 3125 3065 tst ein wissbegieriger Mann. Seh Er nur einmal her“
746 3038 2932 3221 Die "Skandalgeschichten an europäischen Höfen."
758 3179 3077 3417 als Fiebel zu gebrauchen, war eine jedenfalls et
761 3386 1609 3564 was komtsche Idee.
779 3534 3086 3702 "Kutscher, das hier ist ein a. Jetzt werd ich Ihm
