3400 4232
2728 428 2869 604 87
1197 743 2276 932 Sechstes Kapitel.
1943 885 2613 1094 it einiger Zet
725 964 891 1091 a1 e
1698 1032 2931 1236 t einen Jungen Mann. Wenn
433 994 619 1253 1175
885 1097 1047 1283 G.H.F.P.
1498 1185 3022 1371 für ihre Leistungen mit Applau*
731 1218 1011 1445 néraux
1828 1333 2335 1527 G.H.F.
734 1377 1519 1557 Überschütlet,
1410 1489 2990 1666 In seinem Zimmer sass in Gedanken
761 1578 917 1713 G.C.F.P.
672 1645 2893 1843 versunken Fritz Falke. Vor ihm lag aufgeschlagen
684 1813 3049 1990 ein Nottzbuch, in das wir ungestraft Blicke werfen
684 1964 3046 2141 dürfen, einen Erlaubnis, von der wir, so weit es
696 2138 3049 2303 für unsere wahre und rührende Geschichte nötig
696 2247 2905 2447 ist, Gebrauch machen werden. Es war Fritzens Ta
687 2427 3055 2595 gebuch. "Den 8. April. Ich habe sie gesehen, ver-
693 2557 2984 2745 folgt und...vergebens. In einer dunkeln Seiten —
690 2710 2952 2893 gasse, in die sie einbog, verlor ich sie aus den
2055 2878 2887 3052 Stadt herum. Meine
672 2893 1651 3081 Augen. Ich bergehe.“
714 3022 3020 3235 "Den 10. April, Gesehen, verfolgt und wieder ver-
708 3164 2949 3391 gebens. Sie bog diesmal in eine andre Gasse ein.
702 3341 2934 3509 Ich verlor sie auf unbegreifliche Weise aus dem
1215 3465 2613 3724 en Kühle schreiben wollte. Ich
708 3506 1144 3730 Gesicht.“
