3400 4232
2625 452 2772 608 88
743 779 2861 959 Den 13. April. Nun verstehe ich freilich mehr
704 926 2969 1082 als früher. Ich bemerke seit einiger Zeit im Par
722 1076 3062 1249 terre so oft sie tanzt einen jungen Mann. Wenn sie
713 1228 3008 1384 herausgerufen und für ihre Leistungen mit Applaus
728 1357 2939 1543 Überschüttet, Küsse ins Parterre wirft, ich scha
716 1480 3029 1714 seh es genau, fliegen diese Küsse immer zu diesem
716 1645 2879 1867 jungen Mann. Und richtig. Wie ich ste erwarte,
722 1780 3101 1984 steht heute auch der bewisste dort, spricht sie an,
749 1972 3047 2139 geht mit ihr und ich komme zur Einsicht, dass ich
722 2142 3122 2310 mit metner unseligen Schüchternheit mir alles ver-
734 2274 3071 2469 dorben habe. Warum hab ich sie nicht angesprochen?
2418 2439 2700 2604 ndern
1936 2463 2076 2586 H.S.
725 2469 1894 2631 Ioh Dummkopf.“
749 2577 2837 2739 "Den 14. Aprtl. War heute den ganzen Tag un-
743 2688 3152 2894 fähig etwas zu tun. Statt das Kollegtum zu besuchen
752 2852 2876 3068 streifte ich in der ganzen Stadt herum. Meine
731 3029 3014 3239 Kolleyen fragen mich um Estrella. Sie wissen von
734 3188 2043 3416 allem keln Wort. Kühle!....
2082 3185 2583 3380 es Zetteloh
752 3335 2885 3530 "Den 15. April. Ich weiss nicht mehr, was ich
755 3488 3083 3685 gestern von Kühle schreiben wollte. Ich wetss nur
