3368 4216
2512 296 2672 519 78
615 601 2840 818 Professor Jakob Mager trat her### n. Ungefähr ein
635 731 2684 957 dutzend Schüler umdrängten den frommen Mann:
644 896 2884 1102 „Bitte, ich war gestern unwohl.“ Wegen rasenden
612 1039 2736 1250 Kopfoehs bin ich auf heute nicht präpariert."
635 1216 2782 1404 "Meine Augenschmerzen machten es mir unmöglich
615 1346 2309 1558 Homeß auswendig zu lernen.“Eto. Etc.
618 1529 2835 1677 Endlich hatte der vielgeplagte Professor seinen
615 1651 2826 1871 Stuhl erreicht; seine ausdruckslosen Augen über
621 1796 2884 1973 sahen die unruhig wogende Schillermenge, er schüt
627 1984 2774 2179 telte, indem er sein Gesicht in die Länge zog,
621 2115 2779 2321 etliche Male den Kopf, suchte in allen Taschen
618 2231 2736 2440 den K### nach seinem Katalog und [a] sprach, als er
644 2399 2971 2623 ihn endlich gefunden hatte, folgendermassen: "Also
627 2608 2750 2779 Ich bemerke, dass die Chlasse immer, wenn ich
621 2710 2869 2904 von der Stieche heraufchomme, vor der Türe steht
615 2846 2762 3055 und dann sehr wild in das Schulzimmer herein
624 3011 2817 3220 stürst. stürzt. Also, das ist das böse Gewr sen,
627 3151 2791 3354 das die Schuldbewissten hereintreibt. Dann hat
2959 3215 3104 3386 1er
615 3305 2887 3580 mir der Professor Licht chesagt, dass die Quinta
