<?xml version="1.0" encoding="UTF-8" standalone="yes"?>
<PcGts xmlns="http://schema.primaresearch.org/PAGE/gts/pagecontent/2013-07-15" xmlns:xsi="http://www.w3.org/2001/XMLSchema-instance" xsi:schemaLocation="http://schema.primaresearch.org/PAGE/gts/pagecontent/2013-07-15 http://schema.primaresearch.org/PAGE/gts/pagecontent/2013-07-15/pagecontent.xsd">
    <Metadata>
        <Creator>prov=READ-COOP:name=TrHtr:version=2.1.0:model_id=51170:date=14_08_2023_17:56</Creator>
        <Created>2023-05-10T14:32:34.090+02:00</Created>
        <LastChange>2023-08-14T17:56:11.911+02:00</LastChange>
        <TranskribusMetadata docId="1428639" pageId="55422640" pageNr="203" tsid="132819618" status="IN_PROGRESS" userId="64420" imgUrl="https://files.transkribus.eu/Get?id=TGBYBTYJTDGJKJBMPAXDFVMO&amp;fileType=view" xmlUrl="https://files.transkribus.eu/Get?id=ESNJEGFQFCMTAXVVKXRENFPB" imageId="44696719"/>
    </Metadata>
    <Page imageFilename="1428639_0203.jpg" imageWidth="3496" imageHeight="4344">
        <ReadingOrder>
            <OrderedGroup id="ro_1711818990575" caption="Regions reading order">
                <RegionRefIndexed index="0" regionRef="tr_1"/>
                <RegionRefIndexed index="1" regionRef="tr_2"/>
            </OrderedGroup>
        </ReadingOrder>
        <TextRegion id="tr_1" custom="readingOrder {index:0;}">
            <Coords points="480,603 2794,603 2794,2279 480,2279"/>
            <TextLine id="tr_1_tl_1" custom="readingOrder {index:0;}">
                <Coords points="2466,669 2567,698 2591,689 2612,704 2668,692 2677,573 2653,573 2612,553 2576,573 2552,565 2511,600 2505,594 2490,606 2469,606"/>
                <Baseline points="2481,665 2495,665 2540,659 2585,656 2630,653 2675,656"/>
                <TextEquiv>
                    <Unicode>299</Unicode>
                </TextEquiv>
            </TextLine>
            <TextLine id="tr_1_tl_2" custom="readingOrder {index:1;}">
                <Coords points="461,1082 1700,1079 2092,1004 2095,924 1703,885 1590,954 1340,885 796,992 466,972"/>
                <Baseline points="480,1050 486,1050 531,1047 576,1050 620,1050 665,1053 710,1050 755,1047 800,1047 844,1044 889,1041 934,1038 979,1038 1024,1038 1068,1035 1113,1035 1158,1033 1203,1030 1247,1027 1292,1027 1337,1024 1382,1021 1427,1018 1471,1018 1516,1015 1561,1015 1606,1012 1651,1009 1695,1006 1740,1003 1785,1000 1830,997 1874,994 1919,994 1964,991 2009,988 2054,985 2098,982"/>
                <TextEquiv>
                    <Unicode>„Und wer ist jetzt die Glückliche?“</Unicode>
                </TextEquiv>
            </TextLine>
            <TextLine id="tr_1_tl_3" custom="readingOrder {index:2;}">
                <Coords points="464,1260 1512,1287 1967,1194 2778,1292 2790,1043 469,1117"/>
                <Baseline points="483,1191 510,1194 555,1197 600,1203 644,1203 689,1203 734,1200 779,1197 824,1194 868,1194 913,1191 958,1188 1003,1188 1047,1188 1092,1185 1137,1185 1182,1182 1227,1182 1271,1179 1316,1176 1361,1176 1406,1173 1450,1170 1495,1167 1540,1167 1585,1164 1630,1161 1674,1155 1719,1155 1764,1155 1809,1152 1854,1152 1898,1149 1943,1146 1988,1143 2033,1140 2077,1140 2122,1137 2167,1134 2212,1131 2257,1131 2301,1128 2346,1125 2391,1125 2436,1122 2481,1122 2525,1119 2570,1116 2615,1113 2660,1110 2704,1107 2749,1098 2794,1095"/>
                <TextEquiv>
                    <Unicode>"Bis zum ersten Mai, Albertine Tommen vom Ballet -</Unicode>
                </TextEquiv>
            </TextLine>
            <TextLine id="tr_1_tl_4" custom="readingOrder {index:3;}">
                <Coords points="466,1379 541,1364 585,1382 654,1382 692,1408 805,1414 808,1278 755,1266 663,1290 612,1281 550,1313 505,1301 469,1310"/>
                <Baseline points="483,1361 498,1361 543,1358 588,1358 632,1355 677,1355 722,1352 767,1349 812,1349"/>
                <TextEquiv>
                    <Unicode>corps."</Unicode>
                </TextEquiv>
            </TextLine>
            <TextLine id="tr_1_tl_5" custom="readingOrder {index:4;}">
                <Coords points="475,1527 698,1515 761,1563 841,1572 865,1548 897,1560 1010,1521 1001,1414 981,1426 868,1399 841,1420 719,1402 695,1417 663,1399 565,1432 538,1408 481,1408"/>
                <Baseline points="495,1504 525,1498 570,1501 615,1501 659,1501 704,1501 749,1495 794,1495 838,1495 883,1495 928,1489 973,1477 1018,1474"/>
                <TextEquiv>
                    <Unicode>“Und dann?"</Unicode>
                </TextEquiv>
            </TextLine>
            <TextLine id="tr_1_tl_6" custom="readingOrder {index:5;}">
                <Coords points="493,1661 674,1726 1694,1697 1979,1599 2650,1593 2686,1515 499,1569"/>
                <Baseline points="513,1656 543,1656 588,1654 632,1654 677,1654 722,1654 767,1651 812,1648 856,1648 901,1645 946,1642 991,1639 1035,1636 1080,1636 1125,1633 1170,1633 1215,1633 1259,1630 1304,1627 1349,1624 1394,1621 1439,1618 1483,1618 1528,1618 1573,1612 1618,1612 1662,1612 1707,1609 1752,1606 1797,1603 1842,1600 1886,1600 1931,1597 1976,1597 2021,1594 2066,1594 2110,1591 2155,1588 2200,1585 2245,1585 2289,1582 2334,1579 2379,1576 2424,1573 2469,1573 2513,1570 2558,1567 2603,1564 2648,1558 2692,1543"/>
                <TextEquiv>
                    <Unicode>"Noch unbestimmt. Der Zufall soll entscheiden.</Unicode>
                </TextEquiv>
            </TextLine>
            <TextLine id="tr_1_tl_7" custom="readingOrder {index:6;}">
                <Coords points="493,1824 2035,1842 2222,1735 2674,1741 2683,1578 1771,1720 499,1708"/>
                <Baseline points="510,1812 534,1809 579,1806 623,1806 668,1806 713,1803 758,1803 803,1797 847,1797 892,1794 937,1791 982,1791 1027,1788 1071,1785 1116,1782 1161,1782 1206,1779 1250,1776 1295,1776 1340,1773 1385,1776 1430,1770 1474,1770 1519,1767 1564,1764 1609,1764 1654,1764 1698,1761 1743,1758 1788,1755 1833,1752 1877,1752 1922,1749 1967,1746 2012,1746 2057,1743 2101,1740 2146,1740 2191,1737 2236,1734 2280,1731 2325,1731 2370,1728 2415,1728 2460,1725 2504,1719 2549,1716 2594,1713 2639,1707 2684,1707"/>
                <TextEquiv>
                    <Unicode>"Ahnt Albertine schon, dass Sie sie so bald ver</Unicode>
                </TextEquiv>
            </TextLine>
            <TextLine id="tr_1_tl_8" custom="readingOrder {index:7;}">
                <Coords points="478,1976 553,2000 600,1976 728,2032 841,1994 888,2020 945,1991 986,2015 1073,1994 1165,2017 1174,1866 1067,1851 912,1887 799,1863 710,1908 663,1887 481,1913"/>
                <Baseline points="495,1964 507,1961 552,1961 597,1961 641,1958 686,1955 731,1955 776,1955 821,1949 865,1949 910,1946 955,1943 1000,1940 1044,1937 1089,1937 1134,1931 1179,1928"/>
                <TextEquiv>
                    <Unicode>lassen werden?</Unicode>
                </TextEquiv>
            </TextLine>
            <TextLine id="tr_1_tl_9" custom="readingOrder {index:8;}">
                <Coords points="514,2121 2172,2148 2668,2044 2704,1955 517,2044"/>
                <Baseline points="531,2119 555,2113 600,2113 644,2113 689,2113 734,2113 779,2110 824,2110 868,2110 913,2107 958,2107 1003,2101 1047,2098 1092,2095 1137,2095 1182,2092 1227,2089 1271,2089 1316,2086 1361,2086 1406,2086 1450,2083 1495,2083 1540,2080 1585,2077 1630,2074 1674,2074 1719,2071 1764,2068 1809,2066 1854,2060 1898,2060 1943,2060 1988,2057 2033,2054 2077,2051 2122,2048 2167,2048 2212,2048 2257,2048 2301,2045 2346,2045 2391,2039 2436,2036 2481,2036 2525,2033 2570,2030 2615,2027 2660,2024 2704,2024"/>
                <TextEquiv>
                    <Unicode>"Jawohl, sie weiss es sogar. Wir haben übrigens</Unicode>
                </TextEquiv>
            </TextLine>
            <TextLine id="tr_1_tl_10" custom="readingOrder {index:9;}">
                <Coords points="505,2309 1495,2309 1821,2214 2335,2255 2612,2222 2618,2119 511,2178"/>
                <Baseline points="525,2266 561,2269 606,2266 650,2266 695,2263 740,2260 785,2260 829,2260 874,2254 919,2254 964,2251 1009,2248 1053,2245 1098,2242 1143,2239 1188,2236 1233,2236 1277,2233 1322,2233 1367,2230 1412,2227 1456,2227 1501,2224 1546,2224 1591,2221 1636,2221 1680,2218 1725,2218 1770,2215 1815,2212 1860,2212 1904,2209 1949,2206 1994,2206 2039,2203 2083,2200 2128,2197 2173,2194 2218,2194 2263,2191 2307,2191 2352,2188 2397,2185 2442,2182 2486,2182 2531,2179 2576,2176 2621,2170"/>
                <TextEquiv>
                    <Unicode>einen so gentalen Plan ausgesponnen, dass Sie</Unicode>
                </TextEquiv>
            </TextLine>
        </TextRegion>
        <TextRegion id="tr_2" custom="readingOrder {index:1;}">
            <Coords points="516,2320 2910,2320 2910,3816 516,3816"/>
            <TextLine id="tr_2_tl_1" custom="readingOrder {index:0;}">
                <Coords points="499,2463 636,2425 707,2469 1079,2445 1147,2493 1340,2428 1750,2451 1756,2318 505,2359"/>
                <Baseline points="516,2430 552,2427 597,2424 641,2418 686,2415 731,2412 776,2412 821,2409 865,2406 910,2406 955,2403 1000,2400 1044,2400 1089,2397 1134,2394 1179,2391 1224,2391 1268,2388 1313,2388 1358,2385 1403,2382 1448,2379 1492,2379 1537,2376 1582,2373 1627,2370 1671,2370 1716,2370 1761,2370"/>
                <TextEquiv>
                    <Unicode>ganz erstaunt sein werden.</Unicode>
                </TextEquiv>
            </TextLine>
            <TextLine id="tr_2_tl_2" custom="readingOrder {index:1;}">
                <Coords points="523,2579 556,2582 568,2600 657,2582 740,2647 773,2621 817,2615 829,2487 778,2508 734,2493 669,2508 621,2487 585,2508 570,2496 529,2511"/>
                <Baseline points="540,2576 561,2570 606,2567 650,2567 695,2564 740,2564 785,2555 829,2537"/>
                <TextEquiv>
                    <Unicode>“Nunt”</Unicode>
                </TextEquiv>
            </TextLine>
            <TextLine id="tr_2_tl_3" custom="readingOrder {index:2;}">
                <Coords points="529,2748 1676,2772 1804,2680 2704,2656 2713,2511 2493,2603 535,2635"/>
                <Baseline points="549,2716 564,2716 609,2719 653,2719 698,2719 743,2716 788,2716 832,2716 877,2710 922,2710 967,2707 1012,2707 1056,2707 1101,2704 1146,2698 1191,2698 1236,2695 1280,2692 1325,2689 1370,2687 1415,2687 1459,2687 1504,2687 1549,2684 1594,2681 1639,2681 1683,2678 1728,2675 1773,2672 1818,2669 1862,2669 1907,2666 1952,2663 1997,2663 2042,2663 2086,2660 2131,2657 2176,2657 2221,2651 2266,2648 2310,2645 2355,2645 2400,2642 2445,2642 2489,2639 2534,2636 2579,2633 2624,2633 2669,2630 2713,2627"/>
                <TextEquiv>
                    <Unicode>„Wir machen am ersten Mai eine Landpartie — Al</Unicode>
                </TextEquiv>
            </TextLine>
            <TextLine id="tr_2_tl_4" custom="readingOrder {index:3;}">
                <Coords points="517,2900 1628,2933 2169,2811 2338,2873 2903,2787 2912,2633 2341,2757 520,2808"/>
                <Baseline points="534,2887 537,2887 582,2884 626,2881 671,2878 716,2878 761,2875 806,2872 850,2872 895,2869 940,2866 985,2863 1030,2860 1074,2860 1119,2857 1164,2854 1209,2851 1253,2854 1298,2851 1343,2851 1388,2848 1433,2845 1477,2845 1522,2842 1567,2839 1612,2833 1656,2833 1701,2830 1746,2827 1791,2827 1836,2827 1880,2824 1925,2824 1970,2821 2015,2818 2060,2818 2104,2815 2149,2812 2194,2809 2239,2809 2283,2806 2328,2803 2373,2800 2418,2800 2463,2797 2507,2794 2552,2794 2597,2791 2642,2788 2687,2788 2731,2785 2776,2782 2821,2776 2866,2776 2910,2779"/>
                <TextEquiv>
                    <Unicode>bertine und toh. Wir überlassen es dem Zufall, dass</Unicode>
                </TextEquiv>
            </TextLine>
            <TextLine id="tr_2_tl_5" custom="readingOrder {index:4;}">
                <Coords points="523,3037 761,3102 1578,3075 1899,2980 2621,2983 2725,2962 2731,2855 526,2953"/>
                <Baseline points="540,3036 585,3033 629,3033 674,3033 719,3030 764,3027 809,3024 853,3021 898,3018 943,3015 988,3015 1033,3015 1077,3012 1122,3009 1167,3006 1212,3003 1256,3000 1301,3000 1346,2997 1391,2994 1436,2994 1480,2994 1525,2991 1570,2988 1615,2985 1659,2982 1704,2982 1749,2979 1794,2979 1839,2973 1883,2970 1928,2970 1973,2967 2018,2967 2063,2964 2107,2961 2152,2958 2197,2955 2242,2955 2286,2955 2331,2952 2376,2949 2421,2949 2466,2946 2510,2943 2555,2940 2600,2940 2645,2937 2689,2940 2734,2940"/>
                <TextEquiv>
                    <Unicode>er ihr einen Herrn und mir ein Müdchen zuflührt,</Unicode>
                </TextEquiv>
            </TextLine>
            <TextLine id="tr_2_tl_6" custom="readingOrder {index:5;}">
                <Coords points="514,3200 1453,3236 1590,3135 2811,3117 2852,3043 517,3144"/>
                <Baseline points="531,3182 573,3179 618,3179 662,3179 707,3176 752,3173 797,3170 841,3167 886,3167 931,3167 976,3164 1021,3161 1065,3161 1110,3158 1155,3155 1200,3152 1244,3149 1289,3149 1334,3149 1379,3143 1424,3140 1468,3137 1513,3134 1558,3134 1603,3134 1648,3131 1692,3128 1737,3125 1782,3122 1827,3122 1871,3119 1916,3119 1961,3116 2006,3113 2051,3110 2095,3107 2140,3104 2185,3104 2230,3102 2275,3102 2319,3096 2364,3096 2409,3093 2454,3090 2498,3090 2543,3087 2588,3084 2633,3081 2678,3081 2722,3078 2767,3078 2812,3078 2857,3078"/>
                <TextEquiv>
                    <Unicode>welche uns den gegenseitigen Verlust verschmerzen</Unicode>
                </TextEquiv>
            </TextLine>
            <TextLine id="tr_2_tl_7" custom="readingOrder {index:6;}">
                <Coords points="535,3366 1616,3390 1958,3283 2725,3271 2849,3161 538,3265"/>
                <Baseline points="552,3343 570,3340 615,3337 659,3337 704,3334 749,3334 794,3331 838,3328 883,3328 928,3325 973,3325 1018,3322 1062,3319 1107,3319 1152,3313 1197,3313 1241,3310 1286,3308 1331,3305 1376,3302 1421,3302 1465,3299 1510,3293 1555,3290 1600,3290 1645,3287 1689,3284 1734,3287 1779,3284 1824,3281 1868,3278 1913,3278 1958,3275 2003,3272 2048,3269 2092,3266 2137,3266 2182,3263 2227,3263 2272,3260 2316,3260 2361,3257 2406,3254 2451,3251 2495,3251 2540,3248 2585,3242 2630,3242 2675,3239 2719,3236 2764,3236 2809,3233 2854,3233"/>
                <TextEquiv>
                    <Unicode>vergessen, ja im günstigsten Fall preisen lassen.'</Unicode>
                </TextEquiv>
            </TextLine>
            <TextLine id="tr_2_tl_8" custom="readingOrder {index:7;}">
                <Coords points="550,3500 1640,3533 1818,3438 2760,3411 2832,3307 553,3408"/>
                <Baseline points="567,3478 594,3478 638,3484 683,3484 728,3484 773,3484 818,3481 862,3481 907,3478 952,3478 997,3475 1041,3472 1086,3472 1131,3469 1176,3466 1221,3463 1265,3460 1310,3457 1355,3457 1400,3454 1445,3451 1489,3451 1534,3448 1579,3448 1624,3445 1668,3442 1713,3439 1758,3436 1803,3436 1848,3433 1892,3433 1937,3427 1982,3427 2027,3427 2071,3424 2116,3421 2161,3421 2206,3418 2251,3415 2295,3415 2340,3412 2385,3409 2430,3406 2475,3403 2519,3400 2564,3397 2609,3397 2654,3391 2698,3388 2743,3382 2788,3379 2833,3364"/>
                <TextEquiv>
                    <Unicode>"Wissen Sie, dass Sie ein origineller Kauz sind?"</Unicode>
                </TextEquiv>
            </TextLine>
            <TextLine id="tr_2_tl_9" custom="readingOrder {index:8;}">
                <Coords points="550,3672 1019,3711 1489,3607 2430,3604 2796,3568 2802,3497 556,3554"/>
                <Baseline points="570,3633 609,3636 653,3636 698,3636 743,3636 788,3636 832,3633 877,3630 922,3627 967,3624 1012,3624 1056,3621 1101,3621 1146,3618 1191,3615 1236,3612 1280,3612 1325,3609 1370,3606 1415,3606 1459,3603 1504,3600 1549,3597 1594,3594 1639,3591 1683,3591 1728,3591 1773,3588 1818,3585 1862,3585 1907,3582 1952,3579 1997,3576 2042,3573 2086,3573 2131,3570 2176,3567 2221,3567 2266,3567 2310,3564 2355,3561 2400,3561 2445,3555 2489,3555 2534,3552 2579,3552 2624,3549 2669,3543 2713,3537 2758,3534 2803,3525"/>
                <TextEquiv>
                    <Unicode>„Sie irren sich. In Bezug auf meine Anlagen ge-</Unicode>
                </TextEquiv>
            </TextLine>
            <TextLine id="tr_2_tl_10" custom="readingOrder {index:9;}">
                <Coords points="541,3830 1893,3845 2068,3747 2760,3744 2766,3610 544,3744"/>
                <Baseline points="558,3803 576,3806 620,3803 665,3800 710,3797 755,3797 800,3794 844,3791 889,3788 934,3785 979,3785 1024,3785 1068,3782 1113,3779 1158,3779 1203,3776 1247,3773 1292,3770 1337,3767 1382,3767 1427,3761 1471,3761 1516,3758 1561,3758 1606,3755 1651,3752 1695,3752 1740,3749 1785,3746 1830,3743 1874,3743 1919,3740 1964,3740 2009,3737 2054,3734 2098,3731 2143,3731 2188,3728 2233,3728 2277,3723 2322,3723 2367,3723 2412,3720 2457,3720 2501,3714 2546,3711 2591,3708 2636,3705 2681,3702 2725,3696 2770,3696"/>
                <TextEquiv>
                    <Unicode>wiss nicht, vielleicht in Bezug darauf, wie ich</Unicode>
                </TextEquiv>
            </TextLine>
        </TextRegion>
    </Page>
</PcGts>
