3528 4344
2331 500 2514 634 304
945 1001 1723 1214 Eilftes Kapitel.
1507 1170 2209 1498 Der erste Mat.
980 1700 3047 1874 Da waren sie alle zusammen am Bahnhof; kaum
240 1712 346 1863 16
385 1729 506 1943 V V
678 1869 2970 2037 war es sieben Uhr morgens, blau strahlte der Him-
684 1963 3059 2215 mel herunter auf die frühlingsfrohe Erde. Sie lach-
699 2168 3080 2345 ten und schwätzten und freuten sich der Landpartie,
708 2289 3015 2529 für die sie sich reichlich mit Zigaretten, Zigar¬
705 2458 2941 2650 ren und dergleichen versehen hatten. Es war ein
717 2609 3038 2822 ganz merkwürdtges Durchelnander, als Arthur Falke
708 2721 2997 3041 hinkam, einige zündeten sich mit Missachtung von
708 2926 2970 3169 Magers Verbot Zigarren an, bleue Rauchwolken um-
728 3062 3100 3308 hüllten alles, es war Arthur, als ob er noch träum
743 3225 3015 3506 te. Vielleicht, dass er noch nicht ausgeschlafen
734 3456 1051 3687 hatte!
2381 3571 2567 3764 G.H.F.
