3432 4344
725 364 829 444 Wy
2297 552 2478 722 343
462 886 2807 1083 Er liess sich aber nur wenige Sehunden betrren und
477 1041 2684 1268 die nächste Minute fand Albertine und Ludwig in
480 1196 2866 1426 ein solch artiges, galantes, man möchte sagen selbst
489 1360 2842 1590 zärtliches Gespräch vertieft, dass die Minute sich
504 1476 2899 1700 in ihrer Flüchtigkeit wohl nicht träumen liess, das
504 1625 2836 1837 eben dieser Mann in Wien eine Braut und zum seiner
498 1751 2789 1989 Rechten eine Geliebte hatte, sondern unedingt Al¬
513 1936 2860 2204 bertine für seine Erwählte hielt. Inwischen hatte
516 2106 2747 2314 Falle mit Estrella konverstert, ihr den Sachver-
528 2234 2783 2496 halt dargelegt und nichts verheimlicht. Zu Ende
537 2413 2753 2628 seiner Erzählung leuchteten ihre Augen in einem
543 2541 2836 2747 allerliebsten, listigen Glanz auf, sie trafen die
531 2687 2854 2950 Falkes und wechselten mit ihnen einen verständnis¬
558 2929 1232 3093 innigen Blick.
1569 2944 1721 3066 D4.
570 2965 2848 3245 "Vertrauen für Vertrau en," sagte Estrella zu Fie¬
567 3129 2938 3415 del und erzählte ihm von Nelkes Untreue. Daran
570 3328 2905 3504 schloss sie die Bemerkung, dass Fritz wohl am bes-
579 3460 2965 3692 ten geeignet wäre, ihr Ludwig zu ersetzen und stell
588 3645 2920 3871 te den Antrag, gleich aufzubrechen, um sich an der
