3416 4248
2692 426 2833 558 64
702 600 2938 873 womit er sich den Schweiss von der Stirne trock
690 831 1417 1017 nete. "Puuhhh."
687 957 2785 1158 Die korpulente Dame puhte übrigens auch und
699 1116 2875 1285 setzte sich graztös in etn### Fauteutl, so dass
705 1291 2923 1459 alles im Zimmer erzitterte und Kühle aus seinen
699 1441 3112 1612 Träumereten und aus seinen Sessel auffuhr. Er stand
702 1666 2878 1783 dadurch der Baronin Auge in Auge gegenüber und
693 1807 2920 1912 musste sich wohl oder übel von ihr sehr verbind
696 1966 2884 2071 lich anlächeln und durch eine Handbewegung auf
702 2131 2926 2287 fordern lassen sich wieder zu placieren. Da ihm
702 2290 2965 2383 aber betdes ziemlich gleichgiltig war, spazterte
699 2416 3040 2560 er einwenig im Zimmer umher und liess die Linkmaus
696 2518 1792 2701 mit dem Dichter allein.
714 2671 2878 2842 "Sie sind Poet!" fragte die erstere Herrn
1228 2806 2923 2950 Dasmal das Glück an Talmas Seite da
687 2806 1065 2998 milller.
1795 2953 2926 3088 peinige Leutnant desglei
708 2971 1711 3178 "O bitte, keineswegs."
705 3094 2785 3301 "Echte künstlertsche Bescheidenheit, die ich
687 3271 1792 3472 wohl zu sehätzen weiss.
684 3418 2935 3638 Die Unterhaltung stookte, denn dass der Poet er
