<?xml version="1.0" encoding="UTF-8" standalone="yes"?>
<PcGts xmlns="http://schema.primaresearch.org/PAGE/gts/pagecontent/2013-07-15" xmlns:xsi="http://www.w3.org/2001/XMLSchema-instance" xsi:schemaLocation="http://schema.primaresearch.org/PAGE/gts/pagecontent/2013-07-15 http://schema.primaresearch.org/PAGE/gts/pagecontent/2013-07-15/pagecontent.xsd">
    <Metadata>
        <Creator>prov=READ-COOP:name=TrHtr:version=2.1.0:model_id=51170:date=14_08_2023_17:55</Creator>
        <Created>2023-05-10T14:32:15.708+02:00</Created>
        <LastChange>2023-08-14T17:55:38.743+02:00</LastChange>
        <TranskribusMetadata docId="1428639" pageId="55421750" pageNr="94" tsid="132819474" status="IN_PROGRESS" userId="64420" imgUrl="https://files.transkribus.eu/Get?id=WHAMIVSXGQPDWHJDUZAGVTTB&amp;fileType=view" xmlUrl="https://files.transkribus.eu/Get?id=VHHKTQMUBFYMJFUATVFTBGWL" imageId="44695831"/>
    </Metadata>
    <Page imageFilename="1428639_0094.jpg" imageWidth="3496" imageHeight="4344">
        <ReadingOrder>
            <OrderedGroup id="ro_1711818781973" caption="Regions reading order">
                <RegionRefIndexed index="0" regionRef="tr_1"/>
                <RegionRefIndexed index="1" regionRef="tr_2"/>
            </OrderedGroup>
        </ReadingOrder>
        <TextRegion id="tr_1" custom="readingOrder {index:0;}">
            <Coords points="725,463 3087,463 3087,2586 725,2586"/>
            <TextLine id="tr_1_tl_1" custom="readingOrder {index:0;}">
                <Coords points="2651,524 2671,530 2709,527 2749,553 2787,556 2787,420 2766,426 2749,420 2741,429 2729,423 2712,438 2689,438 2666,458 2651,458"/>
                <Baseline points="2666,516 2710,513 2755,513 2794,519"/>
                <TextEquiv>
                    <Unicode>91</Unicode>
                </TextEquiv>
            </TextLine>
            <TextLine id="tr_1_tl_2" custom="readingOrder {index:1;}">
                <Coords points="705,930 2620,884 2882,843 2887,748 714,760"/>
                <Baseline points="725,901 743,898 788,895 832,895 877,895 922,892 967,892 1012,889 1056,886 1101,886 1146,883 1191,883 1236,880 1280,877 1325,874 1370,874 1415,871 1459,871 1504,868 1549,865 1594,865 1639,862 1683,859 1728,859 1773,853 1818,853 1862,850 1907,850 1952,844 1997,844 2042,841 2086,841 2131,838 2176,838 2221,835 2266,832 2310,832 2355,832 2400,829 2445,829 2489,827 2534,824 2579,824 2624,821 2669,818 2713,818 2758,815 2803,812 2848,809 2893,809"/>
                <TextEquiv>
                    <Unicode>denkwürdigen Worten nahm er seinen Hut, setzte</Unicode>
                </TextEquiv>
            </TextLine>
            <TextLine id="tr_1_tl_3" custom="readingOrder {index:2;}">
                <Coords points="720,1088 2804,1019 2810,907 725,953"/>
                <Baseline points="737,1059 752,1056 797,1056 841,1053 886,1050 931,1047 976,1044 1021,1044 1065,1041 1110,1038 1155,1038 1200,1035 1244,1035 1289,1033 1334,1030 1379,1030 1424,1027 1468,1027 1513,1024 1558,1021 1603,1018 1648,1015 1692,1012 1737,1012 1782,1012 1827,1009 1871,1006 1916,1003 1961,1003 2006,1000 2051,1000 2095,997 2140,994 2185,991 2230,991 2275,991 2319,988 2364,988 2409,985 2454,982 2498,982 2543,979 2588,979 2633,976 2678,973 2722,970 2767,970 2812,979"/>
                <TextEquiv>
                    <Unicode>ihn auf und stürmte auf die Strasse, denn es</Unicode>
                </TextEquiv>
            </TextLine>
            <TextLine id="tr_1_tl_4" custom="readingOrder {index:3;}">
                <Coords points="714,1218 2833,1192 2896,1057 720,1088"/>
                <Baseline points="731,1206 752,1206 797,1203 841,1200 886,1200 931,1197 976,1194 1021,1191 1065,1188 1110,1185 1155,1182 1200,1182 1244,1179 1289,1179 1334,1176 1379,1176 1424,1173 1468,1170 1513,1170 1558,1167 1603,1164 1648,1161 1692,1158 1737,1158 1782,1155 1827,1155 1871,1152 1916,1149 1961,1146 2006,1143 2051,1143 2095,1140 2140,1140 2185,1137 2230,1137 2275,1134 2319,1131 2364,1128 2409,1128 2454,1125 2498,1122 2543,1119 2588,1116 2633,1116 2678,1116 2722,1113 2767,1110 2812,1110 2857,1113 2901,1116"/>
                <TextEquiv>
                    <Unicode>litt ihn bei seiner nunmehrigen Gemütsbewegung</Unicode>
                </TextEquiv>
            </TextLine>
            <TextLine id="tr_1_tl_5" custom="readingOrder {index:4;}">
                <Coords points="725,1382 2680,1347 2945,1316 2951,1189 731,1238"/>
                <Baseline points="740,1361 758,1361 803,1358 847,1355 892,1352 937,1352 982,1349 1027,1346 1071,1343 1116,1343 1161,1340 1206,1340 1250,1337 1295,1334 1340,1331 1385,1331 1430,1328 1474,1328 1519,1322 1564,1322 1609,1319 1654,1319 1698,1313 1743,1313 1788,1310 1833,1307 1877,1307 1922,1307 1967,1304 2012,1301 2057,1301 2101,1301 2146,1295 2191,1295 2236,1292 2280,1292 2325,1289 2370,1286 2415,1283 2460,1283 2504,1280 2549,1280 2594,1277 2639,1274 2684,1271 2728,1271 2773,1268 2818,1268 2863,1265 2907,1262 2952,1262"/>
                <TextEquiv>
                    <Unicode>nicht daheim. Es dauerte aber kaum eine Viertel</Unicode>
                </TextEquiv>
            </TextLine>
            <TextLine id="tr_1_tl_6" custom="readingOrder {index:5;}">
                <Coords points="731,1540 2700,1445 2977,1500 3017,1341 737,1382"/>
                <Baseline points="746,1513 782,1510 827,1507 871,1507 916,1504 961,1501 1006,1498 1050,1498 1095,1498 1140,1495 1185,1492 1230,1489 1274,1486 1319,1486 1364,1483 1409,1480 1453,1480 1498,1477 1543,1474 1588,1471 1633,1471 1677,1468 1722,1465 1767,1462 1812,1462 1857,1459 1901,1459 1946,1456 1991,1453 2036,1453 2080,1450 2125,1450 2170,1448 2215,1445 2260,1445 2304,1445 2349,1442 2394,1442 2439,1439 2483,1439 2528,1433 2573,1430 2618,1427 2663,1424 2707,1424 2752,1421 2797,1421 2842,1418 2887,1418 2931,1418 2976,1415 3021,1415"/>
                <TextEquiv>
                    <Unicode>stunde, als er obensoschnell herauf gestürmt kam,</Unicode>
                </TextEquiv>
            </TextLine>
            <TextLine id="tr_1_tl_7" custom="readingOrder {index:6;}">
                <Coords points="734,1707 1958,1603 2844,1638 2896,1488 743,1537"/>
                <Baseline points="752,1648 797,1651 841,1651 886,1648 931,1648 976,1645 1021,1645 1065,1642 1110,1639 1155,1636 1200,1633 1244,1633 1289,1630 1334,1630 1379,1627 1424,1624 1468,1624 1513,1621 1558,1621 1603,1618 1648,1615 1692,1612 1737,1612 1782,1609 1827,1606 1871,1603 1916,1603 1961,1600 2006,1600 2051,1597 2095,1597 2140,1597 2185,1594 2230,1594 2275,1591 2319,1588 2364,1585 2409,1585 2454,1582 2498,1579 2543,1576 2588,1573 2633,1570 2678,1570 2722,1564 2767,1567 2812,1561 2857,1561 2901,1561"/>
                <TextEquiv>
                    <Unicode>denn es war ihm plötzlich eingefallen, dass er</Unicode>
                </TextEquiv>
            </TextLine>
            <TextLine id="tr_1_tl_8" custom="readingOrder {index:7;}">
                <Coords points="746,1848 1500,1845 1770,1768 2908,1802 2913,1658 754,1701"/>
                <Baseline points="764,1818 767,1818 812,1812 856,1809 901,1809 946,1806 991,1803 1035,1800 1080,1800 1125,1797 1170,1797 1215,1791 1259,1791 1304,1788 1349,1788 1394,1785 1439,1785 1483,1782 1528,1782 1573,1779 1618,1776 1662,1773 1707,1773 1752,1770 1797,1767 1842,1764 1886,1761 1931,1758 1976,1758 2021,1755 2066,1755 2110,1755 2155,1755 2200,1752 2245,1749 2289,1749 2334,1746 2379,1743 2424,1740 2469,1740 2513,1737 2558,1734 2603,1731 2648,1728 2692,1725 2737,1725 2782,1722 2827,1719 2872,1719 2916,1713"/>
                <TextEquiv>
                    <Unicode>sein Tagebuch, das so wichtige und gefährliche</Unicode>
                </TextEquiv>
            </TextLine>
            <TextLine id="tr_1_tl_9" custom="readingOrder {index:8;}">
                <Coords points="743,1978 2954,1929 2959,1773 1923,1857 751,1834"/>
                <Baseline points="761,1964 770,1964 815,1961 859,1961 904,1958 949,1955 994,1952 1038,1952 1083,1949 1128,1946 1173,1946 1218,1943 1262,1943 1307,1940 1352,1940 1397,1937 1442,1934 1486,1931 1531,1928 1576,1925 1621,1922 1665,1922 1710,1922 1755,1919 1800,1919 1845,1916 1889,1913 1934,1910 1979,1910 2024,1907 2068,1904 2113,1901 2158,1901 2203,1901 2248,1898 2292,1895 2337,1892 2382,1889 2427,1889 2472,1886 2516,1883 2561,1880 2606,1880 2651,1877 2695,1877 2740,1874 2785,1874 2830,1874 2875,1871 2919,1871 2964,1865"/>
                <TextEquiv>
                    <Unicode>Geheimnisse enthielt auf dem Tisch hatte liegen</Unicode>
                </TextEquiv>
            </TextLine>
            <TextLine id="tr_1_tl_10" custom="readingOrder {index:9;}">
                <Coords points="746,2122 2553,2104 2962,2070 2968,1958 748,2006"/>
                <Baseline points="761,2110 776,2113 821,2110 865,2110 910,2110 955,2107 1000,2107 1044,2104 1089,2101 1134,2098 1179,2098 1224,2095 1268,2095 1313,2089 1358,2086 1403,2086 1448,2083 1492,2083 1537,2080 1582,2077 1627,2074 1671,2074 1716,2071 1761,2068 1806,2068 1851,2063 1895,2063 1940,2060 1985,2060 2030,2057 2074,2054 2119,2051 2164,2051 2209,2048 2254,2045 2298,2042 2343,2042 2388,2039 2433,2039 2478,2036 2522,2033 2567,2030 2612,2030 2657,2027 2701,2027 2746,2027 2791,2024 2836,2021 2881,2021 2925,2021 2970,2015"/>
                <TextEquiv>
                    <Unicode>lassen. Er fand es zum Glück noch unversekt auf</Unicode>
                </TextEquiv>
            </TextLine>
            <TextLine id="tr_1_tl_11" custom="readingOrder {index:10;}">
                <Coords points="757,2312 2954,2248 3028,2096 766,2165"/>
                <Baseline points="776,2266 794,2266 838,2263 883,2263 928,2260 973,2257 1018,2257 1062,2254 1107,2254 1152,2254 1197,2251 1241,2248 1286,2245 1331,2245 1376,2242 1421,2236 1465,2236 1510,2236 1555,2233 1600,2233 1645,2230 1689,2227 1734,2224 1779,2221 1824,2221 1868,2218 1913,2215 1958,2215 2003,2212 2048,2212 2092,2209 2137,2206 2182,2206 2227,2203 2272,2203 2316,2200 2361,2197 2406,2194 2451,2191 2495,2188 2540,2188 2585,2185 2630,2185 2675,2182 2719,2182 2764,2179 2809,2176 2854,2176 2898,2173 2943,2170 2988,2167 3033,2170"/>
                <TextEquiv>
                    <Unicode>demselben Platz. Der Abend dieses Tages kan, von</Unicode>
                </TextEquiv>
            </TextLine>
            <TextLine id="tr_1_tl_12" custom="readingOrder {index:11;}">
                <Coords points="763,2450 2968,2378 2997,2263 772,2306"/>
                <Baseline points="782,2421 806,2418 850,2418 895,2418 940,2415 985,2412 1030,2412 1074,2406 1119,2406 1164,2403 1209,2400 1253,2400 1298,2397 1343,2397 1388,2394 1433,2391 1477,2391 1522,2388 1567,2385 1612,2382 1656,2379 1701,2376 1746,2376 1791,2373 1836,2370 1880,2370 1925,2367 1970,2367 2015,2364 2060,2364 2104,2361 2149,2358 2194,2355 2239,2352 2283,2349 2328,2346 2373,2346 2418,2346 2463,2343 2507,2340 2552,2337 2597,2334 2642,2331 2687,2331 2731,2328 2776,2325 2821,2325 2866,2319 2910,2319 2955,2316 3000,2316"/>
                <TextEquiv>
                    <Unicode>den Brüdern Falke mit begreiflicher Ungeduld er</Unicode>
                </TextEquiv>
            </TextLine>
            <TextLine id="tr_1_tl_13" custom="readingOrder {index:12;}">
                <Coords points="769,2594 3077,2516 3083,2386 774,2456"/>
                <Baseline points="785,2576 803,2573 847,2570 892,2567 937,2567 982,2564 1027,2564 1071,2561 1116,2558 1161,2558 1206,2555 1250,2552 1295,2549 1340,2546 1385,2546 1430,2546 1474,2543 1519,2540 1564,2540 1609,2537 1654,2531 1698,2531 1743,2525 1788,2525 1833,2522 1877,2522 1922,2519 1967,2519 2012,2516 2057,2516 2101,2513 2146,2510 2191,2507 2236,2507 2280,2504 2325,2501 2370,2501 2415,2498 2460,2495 2504,2492 2549,2492 2594,2489 2639,2486 2684,2486 2728,2481 2773,2481 2818,2481 2863,2478 2907,2475 2952,2472 2997,2469 3042,2466 3087,2463"/>
                <TextEquiv>
                    <Unicode>wartet. Sinnig holte seinen Kollegen ab und beide</Unicode>
                </TextEquiv>
            </TextLine>
        </TextRegion>
        <TextRegion id="tr_2" custom="readingOrder {index:1;}">
            <Coords points="782,2580 3078,2580 3078,3664 782,3664"/>
            <TextLine id="tr_2_tl_1" custom="readingOrder {index:0;}">
                <Coords points="766,2741 2778,2686 2893,2660 2899,2539 769,2628"/>
                <Baseline points="782,2731 797,2728 841,2725 886,2719 931,2719 976,2719 1021,2716 1065,2716 1110,2713 1155,2710 1200,2707 1244,2707 1289,2707 1334,2704 1379,2701 1424,2698 1468,2698 1513,2695 1558,2689 1603,2687 1648,2687 1692,2684 1737,2684 1782,2681 1827,2681 1871,2678 1916,2675 1961,2672 2006,2672 2051,2669 2095,2666 2140,2663 2185,2660 2230,2660 2275,2660 2319,2657 2364,2654 2409,2654 2454,2651 2498,2648 2543,2645 2588,2642 2633,2639 2678,2636 2722,2636 2767,2633 2812,2633 2857,2630 2901,2630"/>
                <TextEquiv>
                    <Unicode>vereint schlugen den Weg zum Volksgarten ein.</Unicode>
                </TextEquiv>
            </TextLine>
            <TextLine id="tr_2_tl_2" custom="readingOrder {index:1;}">
                <Coords points="766,2899 2821,2873 3037,2804 3043,2718 772,2764"/>
                <Baseline points="782,2884 809,2884 853,2881 898,2878 943,2878 988,2875 1033,2872 1077,2869 1122,2866 1167,2863 1212,2860 1256,2860 1301,2860 1346,2857 1391,2857 1436,2854 1480,2851 1525,2848 1570,2845 1615,2842 1659,2839 1704,2839 1749,2839 1794,2836 1839,2833 1883,2833 1928,2830 1973,2827 2018,2824 2063,2821 2107,2821 2152,2818 2197,2815 2242,2815 2286,2812 2331,2812 2376,2809 2421,2806 2466,2803 2510,2800 2555,2800 2600,2797 2645,2794 2689,2794 2734,2794 2779,2791 2824,2788 2869,2788 2913,2785 2958,2779 3003,2776 3048,2773"/>
                <TextEquiv>
                    <Unicode>Arthur war glücklich. Ich weiss nicht wie oft er</Unicode>
                </TextEquiv>
            </TextLine>
            <TextLine id="tr_2_tl_3" custom="readingOrder {index:2;}">
                <Coords points="774,3086 1842,2988 2931,3028 2965,2876 780,2928"/>
                <Baseline points="794,3030 821,3030 865,3027 910,3024 955,3021 1000,3021 1044,3018 1089,3015 1134,3015 1179,3012 1224,3012 1268,3009 1313,3006 1358,3006 1403,3003 1448,3000 1492,2997 1537,2994 1582,2991 1627,2988 1671,2985 1716,2982 1761,2982 1806,2979 1851,2979 1895,2976 1940,2973 1985,2973 2030,2970 2074,2967 2119,2967 2164,2964 2209,2964 2254,2961 2298,2958 2343,2955 2388,2952 2433,2949 2478,2949 2522,2949 2567,2946 2612,2946 2657,2943 2701,2940 2746,2940 2791,2937 2836,2937 2881,2934 2925,2928 2970,2919"/>
                <TextEquiv>
                    <Unicode>den Brief seiner teuern Fannt an die Lippen ge</Unicode>
                </TextEquiv>
            </TextLine>
            <TextLine id="tr_2_tl_4" custom="readingOrder {index:3;}">
                <Coords points="800,3230 2790,3167 2965,3141 2971,3014 806,3075"/>
                <Baseline points="815,3188 827,3185 871,3185 916,3182 961,3182 1006,3179 1050,3176 1095,3173 1140,3173 1185,3167 1230,3164 1274,3164 1319,3161 1364,3161 1409,3158 1453,3155 1498,3155 1543,3152 1588,3149 1633,3146 1677,3143 1722,3143 1767,3140 1812,3137 1857,3134 1901,3134 1946,3131 1991,3128 2036,3122 2080,3122 2125,3119 2170,3116 2215,3116 2260,3116 2304,3113 2349,3110 2394,3110 2439,3107 2483,3104 2528,3102 2573,3102 2618,3099 2663,3096 2707,3093 2752,3093 2797,3087 2842,3087 2887,3084 2931,3081 2976,3081"/>
                <TextEquiv>
                    <Unicode>drückt – es ist auch für unsere Geschichte von</Unicode>
                </TextEquiv>
            </TextLine>
            <TextLine id="tr_2_tl_5" custom="readingOrder {index:4;}">
                <Coords points="795,3380 2913,3313 2919,3184 800,3230"/>
                <Baseline points="809,3340 818,3343 862,3340 907,3337 952,3337 997,3334 1041,3331 1086,3328 1131,3325 1176,3322 1221,3322 1265,3319 1310,3316 1355,3316 1400,3313 1445,3310 1489,3308 1534,3308 1579,3305 1624,3305 1668,3302 1713,3302 1758,3299 1803,3296 1848,3293 1892,3290 1937,3290 1982,3284 2027,3284 2071,3281 2116,3281 2161,3278 2206,3278 2251,3275 2295,3275 2340,3269 2385,3266 2430,3266 2475,3266 2519,3260 2564,3257 2609,3254 2654,3251 2698,3251 2743,3248 2788,3242 2833,3239 2878,3233 2922,3230"/>
                <TextEquiv>
                    <Unicode>keinem besondern Belang;—dass er es aber über</Unicode>
                </TextEquiv>
            </TextLine>
            <TextLine id="tr_2_tl_6" custom="readingOrder {index:5;}">
                <Coords points="792,3544 1865,3457 2597,3509 2913,3452 2919,3316 800,3380"/>
                <Baseline points="809,3502 818,3502 862,3499 907,3496 952,3493 997,3493 1041,3493 1086,3487 1131,3487 1176,3481 1221,3478 1265,3475 1310,3475 1355,3472 1400,3472 1445,3469 1489,3469 1534,3466 1579,3463 1624,3460 1668,3457 1713,3454 1758,3451 1803,3451 1848,3448 1892,3445 1937,3442 1982,3442 2027,3439 2071,3436 2116,3433 2161,3433 2206,3430 2251,3430 2295,3424 2340,3424 2385,3424 2430,3421 2475,3418 2519,3415 2564,3412 2609,3409 2654,3406 2698,3406 2743,3403 2788,3400 2833,3394 2878,3394 2922,3394"/>
                <TextEquiv>
                    <Unicode>haupt getan hat, ist mehr als wahrscheinlich.</Unicode>
                </TextEquiv>
            </TextLine>
            <TextLine id="tr_2_tl_7" custom="readingOrder {index:6;}">
                <Coords points="803,3693 1451,3731 1799,3642 2225,3714 2502,3601 3069,3601 3075,3475 812,3547"/>
                <Baseline points="821,3651 838,3654 883,3648 928,3648 973,3645 1018,3645 1062,3642 1107,3642 1152,3636 1197,3636 1241,3633 1286,3633 1331,3627 1376,3624 1421,3621 1465,3618 1510,3615 1555,3615 1600,3612 1645,3609 1689,3606 1734,3603 1779,3603 1824,3600 1868,3597 1913,3594 1958,3591 2003,3591 2048,3588 2092,3588 2137,3588 2182,3585 2227,3582 2272,3582 2316,3579 2361,3576 2406,3573 2451,3570 2495,3567 2540,3564 2585,3564 2630,3564 2675,3561 2719,3555 2764,3552 2809,3549 2854,3546 2898,3546 2943,3543 2988,3540 3033,3540 3078,3537"/>
                <TextEquiv>
                    <Unicode>Im Volksgarten war es heute überfühlt. Unter an</Unicode>
                </TextEquiv>
            </TextLine>
        </TextRegion>
    </Page>
</PcGts>
