3432 4312
2243 372 2443 560 266
642 633 2810 929 "Nein, nein," beschwichtigte jener, "wer weiss,
627 823 2770 1063 ob ich nicht vielleicht einiges finde, was Sie
609 1023 2734 1241 nicht lesen dürfen; lassen Sie es mich früher
621 1205 2834 1387 durchsehen. Lassen wir es bis morgen",setzte er
624 1371 2928 1520 dann nach einer kleinen Pause hinzu. Oder bis wir
618 1480 3052 1704 uns Wiedersehen, jetzt sprechen wir lieber mit ein¬
630 1662 917 1850 ander.
645 1756 2861 2019 "Nun wie Sie wollen," erwiderte Fanni mit einem
642 1932 2885 2128 eigentümlichen gleichgilticen Zucken der Lippen.
648 2074 2982 2283 "Sprechen wir vielleicht" fuhr Josef einwenig tro¬
639 2222 2670 2428 nisch fort,”sprechen wir von-Arshur Falke!"
639 2358 2928 2610 Fann wurde feuerrot. Er betrachtete sie mit dem
648 2589 2955 2758 gewissen Augenblinzeln, von dem man nicht wusste,
651 2743 3055 2906 ob es Zährtlichkeit, Ironte, oder Scherz ausdrücken
654 2864 1929 3043 sollte, und lächelte dabei.
651 2967 2997 3191 "Madame Floch" sagte da Plötzlich Frau Ketles, in-
651 3130 3046 3354 dem sie auf Josef und Fanni blickte,“ ich sag Ihnen.
657 3309 2976 3500 die beiden werden noch einmal ein Paar.Schaun Sie
657 3460 2831 3681 nur, wie Ihre Fräul'n Tochter rot wird und der
