3448 4344
2498 387 2699 540 259
659 686 3111 906 es wäre jetzt so schön gekommen. Der Reim auf sicher
662 875 2980 1046 war von einer Neuheit...aber was soll man da tun?
668 1025 2077 1223 Ich kann mich nicht erinnern!“
683 1159 2400 1372 "Also lesen Sie mir ein anderes vor,
2696 1284 2803 1461 G.F.P.
689 1333 2614 1479 "Es var dieses," sagte er herumblätternd:
665 1455 2605 1641 Kaum hatt ich Dich das erste Mal gesehen,
668 1626 2425 1815 So war mirs eigentümlich um das Herz,
674 1775 2660 1940 Bald war es Wahn, bald Lust, bald Schmerz.
695 1943 2955 2089 "Erlauben Sie, Herr Strohmüller," unterbrach ihn
683 2111 2074 2242 Talma, "wieso war es "Wahn"!"
698 2208 2989 2391 "Wahn.. nun wissen Sie, das ist ein dunkles Wort,
695 2406 2815 2547 das man überall hinsetzen kann; immer passts.
689 2541 2925 2727 Dochm sieh da.. ich weiss den Reim auf "sicher"
708 2711 2901 2901 "Gekicher" Ich spreche manchmal von Ihrem lieb¬
692 2843 2925 3047 lichen Gekicher, Fräulein Talma, und vergleiche
705 3010 2937 3163 dasselbe später einmal mit einer Angel und mich
705 3151 2568 3318 mit einem Fisch, der sich gefangen hat.
720 3334 2986 3489 "Das muss reizend sein," erscholl plötzlich eine
702 3446 3047 3645 Stimme, als dessen Inhaber Talma sogleich den rei-
