3416 4200
2622 375 2769 490 73
740 651 2855 847 "Ja freilich, mein lieber Sinnig! Ja, General
720 838 2512 974 stände! Es ist genug, leben Sie wohl.“
726 974 3014 1129 In diesem "Leben Ste wohl", so glaubte der Profes
717 1075 2824 1317 sor wenigstens, lag ein entzückender Mitz.
732 1233 2893 1472 "Pollak wollen Sie was!" schnauzte Waschlapski
717 1475 2072 1585 einen Schwätzer plötzlich an.
700 1550 3011 1789 Der Angeredete stand auf, drehte sich hin und her
717 1752 2838 1922 und machte ein unbeschreiblich blödes Gesicht
723 1916 2368 1985 "Wollen Sie was? Setzen Sie sich. "
717 2011 2870 2230 Inzwischen hatte Unterstatt seine Meinung über
700 2152 3017 2371 Arthur Falkes neuestes Opus in zierliche Verse ge
712 2354 2887 2556 bracht, die er dem Kritisterten unter der Bank
700 2544 2123 2705 reichte und die also lauteten:
723 2671 2256 2861 "Freund, in Deinem neusten Wische
703 2847 2026 3005 Ist ein ltebliches Gemische,
706 2996 2291 3172 Von ganz treffltoh schönen Sachen.
686 3138 1841 3319 Aber manches, ohne Spass
686 3311 2158 3403 Ist ein Nonsens dick und krass,
697 3463 2020 3656 Was ein jeder könnte machen.
