3592 4376
2350 471 2542 621 913
627 768 2776 954 Ausdruck, dass sie in den beiden Freunden den
648 936 2941 1089 Wunsch wachriefen, mit dem Dichter in nähere Ver¬
642 1071 2977 1261 bindung zu treten. Freilich musste man manchmal ü¬
639 1246 3037 1420 ber die Pedanterie lächeln, mit der Wetzen alle sei
636 1390 3046 1573 ne Gedichte auf Briefpapier zierlich aufgeschrieben
651 1582 2947 1747 und in einzelnen Couverts verwahrt trug, aus wel¬
651 1705 2968 1870 chen er sie so sorgsam und fein nahm, als nur mög¬
648 1870 2914 2044 lich und sie auf dieselbe Weise wieder hiein leg
651 2035 795 2173 te.
654 2158 2872 2317 "Wirklich excellent," sagte Sinnig, nachdem Wei¬
648 2293 1489 2458 zen geendet hatte.
660 2449 2521 2614 "Ganz vortrefflich,“ setzte Falke hinzu.
666 2623 2956 2785 "Das weiss ich ohnehin, das braucht Ihr mir nicht
654 2725 2947 2950 zu sagen. Ich habs Euch nicht vorgelesen, dass Ihr
645 2908 2959 3049 mich lobt, sondern, dass Ihr meine Gedichte hört.
654 3088 2947 3286 Er sah die beiden an und machte dann!"Ks, hs, ks,
645 3181 1996 3385 lieber Sinnig, lieber Falke.
660 3358 3019 3520 "Also, erzähl uns jetzt die Geschichte, auf welche
642 3526 1978 3695 sich diese Lieder beziehen."
