3384 4232
2760 498 2890 634 62
715 798 2982 977 will ich nicht entscheiden, dagegen kann ich mit
717 954 2896 1141 voller Bestimmtheit versichern, dass die Liebe
723 1104 3008 1274 der Männer zu ihr zu dieser Zeit merklich abnahm.
712 1256 2881 1461 Nun begann sie einweiblicher Mäcen zu werden;
726 1444 2950 1579 sie lud Schauspieler, Maler, Ballettänzer, kurz
717 1582 3037 1743 Künstler männlichen und wetblichen Geschlechts in
723 1749 3020 1887 buntem Gemisch zu stch, und obwohl man stch er
723 1873 2858 2057 zählte, dass es nicht immer sehr moralisch an
729 2057 2945 2187 solchen Abenden bei ihr zugehe, so vergrösserte
729 2193 2907 2363 sich nichtsdestowentger der Kilnstlerkreis mehr
729 2366 2864 2512 und mehr. und die Linkmaustana, wie man diese
726 2507 2956 2633 Gesellschaft zu nennen pflegte, war in der Rest
743 2648 2916 2789 denz ziemlich bekannt. Baron Constantin wusste
726 2795 2948 2994 kaum etwas davon; denn kam er einmal nach Wien,
732 2976 2968 3135 so war er gewiss keinen Abend zu Hause, sondern
735 3138 3040 3262 streifte allerorten herum. Seine Frau jedæh, wur
746 3253 2916 3409 de im Theater nie ohne einen Schauspieler oder
720 3437 3014 3587 Maler oder trgend einen andern des Künstlervölk
723 3599 2985 3783 leins gesehen. Uebrigens darf ich nicht verges -
