3336 4248
2668 441 2759 631 4
397 624 2851 759 zu werden verdient, worüber man aber leider flüchtig
400 810 3024 980 hinweggehen wird und das unbeachtet im Innern des Volkes
397 973 1292 1105 wetter fressen...."
403 1071 2943 1285 "Aber nun wäre ich doch neugierig, xxx welches Ereignis
407 1271 3020 1485 im Innern des Volkes weiter fressen und die ganze Kultur
400 1448 1607 1614 geschichte umsälzen wird.'
414 1559 3007 1759 "Also hören Sie und staunen Sie." Bei diesen mit ergrei-
397 1746 2895 1881 fendem xxxt Pathos gesprochenen Worten, zog der hagere
386 1881 2929 2010 Kanzleirat aus seiner Tasche ein Zeitungsblatt und las
393 2014 2898 2163 mit lauter Stimme vor: "Die gestern zum erstenmale am
386 2146 2983 2329 Theater an der Wien aufgeführte Operette, erfreute sich
397 2353 2973 2468 einer recht günstigen Aufnahme. Doch müssen wir, um uns
393 2522 2885 2614 nicht den Fehler der Ungenauigkeit zu Schulden kommen
393 2576 2959 2807 zu lassen, jedenfalls des Fräulein Lamberſ,der belieb
400 2807 3126 2926 ten Ballettänzerin erwähnen, die auch gestern in einem ein
400 2902 2939 3088 geschobenen Ballet, als Primaballerina mitwirkte. Zwar
393 3112 2976 3292 wäre gegen ihr Kostüm, oder vielmehr Nichtkostür, da es
383 3220 2983 3397 nur..... "Hier warf Herr Falke das Zeitungsblatt auf den
390 3444 2820 3631 Täsch, und sah Herrn Wahlmann mit funkelden Augen an.
407 3604 1583 3773 „Nun was sagen Sie dazuf“
