3416 4344
2452 417 2650 587 272
663 761 2976 1004 Verdruss des Herrn Floch noch immer da und unter-
669 879 3064 1126 hielt sich mit der Frau des Hauses in animiertester
666 1010 3109 1278 Art. Das Gespräch, das wir aus Mitleid mit dem männ-
682 1226 2930 1436 lichen Teil unserer Leser nicht anführen wollen.
685 1393 2942 1585 drehte sich um Kleider, Hüte und der Gast wollte
688 1494 2979 1701 sich eben in eine etwas weitläufige Erörterung ü¬
703 1692 2957 1880 ber gelbe Bänder im allgemeinen, sowie über ihre
691 1832 3003 2035 Verwendung bei Hüten einlassen, da brachen Fannis
703 2035 2997 2181 lebenslustige Brüder mit grossen Geschrei und Tu¬
697 2172 2976 2388 mult herein und verkündigten freudig, dass ihnen
709 2318 2303 2474 das Nachtmahl auf dem Fusse folge.
697 2452 3012 2662 Man setzte sich zu Tische. Auch Fannt kam und ihr
712 2623 2921 2814 ältester Bruder Wilhelm, ein angehender Mustker
718 2769 3097 2988 von etwa stebzehn Jahren, Stiefsohn und von der Fa¬
718 2900 2896 3079 milie wenig beachtet. Er war ein interessanter
721 3039 3012 3252 schlanker junger Mann, der den grössten Teil sei¬
721 3198 3052 3435 ner Zeit mit Komponieren zubrachte, indemer hoff-
727 3356 3076 3581 te, sich einmal durch dieses Talent im Leben fort-
727 3526 3082 3706 helfen zu können. Er konnte ebenseuenig zur Unter-
