<?xml version="1.0" encoding="UTF-8" standalone="yes"?>
<PcGts xmlns="http://schema.primaresearch.org/PAGE/gts/pagecontent/2013-07-15" xmlns:xsi="http://www.w3.org/2001/XMLSchema-instance" xsi:schemaLocation="http://schema.primaresearch.org/PAGE/gts/pagecontent/2013-07-15 http://schema.primaresearch.org/PAGE/gts/pagecontent/2013-07-15/pagecontent.xsd">
    <Metadata>
        <Creator>prov=READ-COOP:name=TrHtr:version=2.1.0:model_id=51170:date=14_08_2023_17:56</Creator>
        <Created>2023-05-10T14:32:48.838+02:00</Created>
        <LastChange>2023-08-14T17:56:39.197+02:00</LastChange>
        <TranskribusMetadata docId="1428639" pageId="55423373" pageNr="290" tsid="132819711" status="IN_PROGRESS" userId="64420" imgUrl="https://files.transkribus.eu/Get?id=AUJRCTGQFELBOKSRJKSVWMLQ&amp;fileType=view" xmlUrl="https://files.transkribus.eu/Get?id=MDMGQGCWFALCJCWLTXRTFBEI" imageId="44697452"/>
    </Metadata>
    <Page imageFilename="1428639_0290.jpg" imageWidth="3544" imageHeight="4376">
        <ReadingOrder>
            <OrderedGroup id="ro_1711819169770" caption="Regions reading order">
                <RegionRefIndexed index="0" regionRef="tr_1"/>
            </OrderedGroup>
        </ReadingOrder>
        <TextRegion id="tr_1" custom="readingOrder {index:0;}">
            <Coords points="602,418 3193,418 3193,3705 602,3705"/>
            <TextLine id="tr_1_tl_1" custom="readingOrder {index:0;}">
                <Coords points="2526,538 2564,556 2579,547 2624,577 2654,550 2713,550 2725,381 2707,384 2689,366 2621,402 2603,381 2579,381 2556,399 2535,396"/>
                <Baseline points="2546,480 2549,480 2593,480 2638,477 2683,474 2728,468"/>
                <TextEquiv>
                    <Unicode>selbe</Unicode>
                </TextEquiv>
            </TextLine>
            <TextLine id="tr_1_tl_2" custom="readingOrder {index:1;}">
                <Coords points="649,964 2237,892 2404,797 2889,774 2898,666 660,860"/>
                <Baseline points="668,946 701,946 746,940 791,934 835,934 880,931 925,925 970,922 1014,916 1059,910 1104,907 1149,901 1193,898 1238,895 1283,892 1328,886 1373,883 1417,880 1462,877 1507,874 1552,868 1596,865 1641,862 1686,859 1731,853 1776,850 1820,847 1865,844 1910,838 1955,835 1999,829 2044,826 2089,823 2134,817 2179,814 2223,811 2268,805 2313,802 2358,799 2402,794 2447,791 2492,788 2537,782 2582,779 2626,776 2671,770 2716,764 2761,761 2805,758 2850,755 2895,752"/>
                <TextEquiv>
                    <Unicode>Morgen ist der Tag der Linkmaustana und er hat</Unicode>
                </TextEquiv>
            </TextLine>
            <TextLine id="tr_1_tl_3" custom="readingOrder {index:2;}">
                <Coords points="732,1119 2981,988 3052,833 741,1009"/>
                <Baseline points="749,1110 770,1107 814,1098 859,1092 904,1086 949,1083 994,1077 1038,1077 1083,1071 1128,1065 1173,1062 1217,1059 1262,1053 1307,1047 1352,1041 1396,1041 1441,1035 1486,1032 1531,1029 1576,1026 1620,1023 1665,1017 1710,1017 1755,1011 1799,1008 1844,1005 1889,999 1934,996 1979,994 2023,988 2068,985 2113,982 2158,979 2202,976 2247,970 2292,967 2337,961 2382,955 2426,949 2471,946 2516,943 2561,940 2605,937 2650,934 2695,928 2740,925 2784,922 2829,916 2874,916 2919,910 2964,907 3008,901 3053,898"/>
                <TextEquiv>
                    <Unicode>gesagt: "Am Tage der nächsten Linkmaustana werden</Unicode>
                </TextEquiv>
            </TextLine>
            <TextLine id="tr_1_tl_4" custom="readingOrder {index:3;}">
                <Coords points="720,1303 2907,1157 2957,976 732,1151"/>
                <Baseline points="740,1253 764,1256 808,1250 853,1247 898,1244 943,1241 988,1235 1032,1232 1077,1226 1122,1223 1167,1217 1211,1214 1256,1211 1301,1208 1346,1202 1391,1199 1435,1196 1480,1193 1525,1191 1570,1188 1614,1182 1659,1176 1704,1170 1749,1167 1793,1164 1838,1161 1883,1158 1928,1155 1973,1149 2017,1149 2062,1143 2107,1140 2152,1134 2196,1131 2241,1125 2286,1122 2331,1116 2376,1113 2420,1107 2465,1104 2510,1104 2555,1098 2599,1095 2644,1092 2689,1086 2734,1083 2779,1080 2823,1077 2868,1071 2913,1068 2958,1065"/>
                <TextEquiv>
                    <Unicode>Sie mich lieben.“ O ich liebe ihn! Aber er soll</Unicode>
                </TextEquiv>
            </TextLine>
            <TextLine id="tr_1_tl_5" custom="readingOrder {index:4;}">
                <Coords points="750,1425 2636,1324 3094,1244 3103,1122 759,1303"/>
                <Baseline points="767,1402 776,1399 820,1399 865,1396 910,1393 955,1391 999,1385 1044,1382 1089,1376 1134,1376 1179,1370 1223,1367 1268,1367 1313,1361 1358,1358 1402,1352 1447,1349 1492,1346 1537,1340 1582,1334 1626,1331 1671,1328 1716,1322 1761,1322 1805,1316 1850,1316 1895,1313 1940,1307 1985,1304 2029,1298 2074,1295 2119,1292 2164,1286 2208,1283 2253,1280 2298,1274 2343,1271 2387,1268 2432,1262 2477,1259 2522,1256 2567,1250 2611,1247 2656,1244 2701,1238 2746,1235 2790,1232 2835,1229 2880,1226 2925,1220 2970,1214 3014,1208 3059,1205 3104,1202"/>
                <TextEquiv>
                    <Unicode>un darf es nicht merken. Soll ich morgen gar nicht</Unicode>
                </TextEquiv>
            </TextLine>
            <TextLine id="tr_1_tl_6" custom="readingOrder {index:5;}">
                <Coords points="765,1618 2591,1449 2984,1493 2999,1327 2814,1276 2508,1368 1532,1374 1151,1470 782,1428"/>
                <Baseline points="788,1558 808,1558 853,1555 898,1552 943,1546 988,1543 1032,1543 1077,1537 1122,1534 1167,1531 1211,1525 1256,1522 1301,1516 1346,1513 1391,1507 1435,1504 1480,1501 1525,1498 1570,1492 1614,1489 1659,1486 1704,1477 1749,1477 1793,1474 1838,1468 1883,1465 1928,1462 1973,1459 2017,1453 2062,1450 2107,1444 2152,1441 2196,1438 2241,1435 2286,1432 2331,1429 2376,1426 2420,1420 2465,1414 2510,1411 2555,1408 2599,1402 2644,1399 2689,1396 2734,1391 2779,1388 2823,1385 2868,1382 2913,1379 2958,1373 3002,1370"/>
                <TextEquiv>
                    <Unicode>In die Linkmaustana kommen? Nein, das wäre Feig</Unicode>
                </TextEquiv>
            </TextLine>
            <TextLine id="tr_1_tl_7" custom="readingOrder {index:6;}">
                <Coords points="774,1740 2689,1621 3011,1559 3017,1479 782,1609"/>
                <Baseline points="791,1716 823,1713 868,1710 913,1707 958,1704 1002,1701 1047,1698 1092,1692 1137,1689 1182,1686 1226,1683 1271,1680 1316,1674 1361,1671 1405,1665 1450,1662 1495,1656 1540,1653 1585,1647 1629,1644 1674,1641 1719,1635 1764,1635 1808,1629 1853,1623 1898,1620 1943,1614 1988,1614 2032,1611 2077,1608 2122,1602 2167,1596 2211,1593 2256,1591 2301,1585 2346,1582 2390,1582 2435,1576 2480,1570 2525,1567 2570,1564 2614,1555 2659,1555 2704,1549 2749,1546 2793,1543 2838,1537 2883,1537 2928,1528 2973,1525 3017,1516"/>
                <TextEquiv>
                    <Unicode>heit. Nun, ich will ihm gegenüber kalt bleiben -</Unicode>
                </TextEquiv>
            </TextLine>
            <TextLine id="tr_1_tl_8" custom="readingOrder {index:7;}">
                <Coords points="788,1898 2008,1821 2335,1764 2341,1678 1056,1785 800,1749"/>
                <Baseline points="808,1865 817,1868 862,1865 907,1862 952,1856 996,1853 1041,1850 1086,1847 1131,1844 1176,1841 1220,1838 1265,1832 1310,1829 1355,1823 1399,1820 1444,1814 1489,1811 1534,1805 1579,1802 1623,1799 1668,1793 1713,1790 1758,1788 1802,1782 1847,1782 1892,1776 1937,1773 1982,1770 2026,1764 2071,1758 2116,1755 2161,1752 2205,1749 2250,1746 2295,1743 2340,1740"/>
                <TextEquiv>
                    <Unicode>bis die Linkmaustana vorüber ist.</Unicode>
                </TextEquiv>
            </TextLine>
            <TextLine id="tr_1_tl_9" custom="readingOrder {index:8;}">
                <Coords points="785,2035 2719,1940 3100,1883 3109,1758 797,1910"/>
                <Baseline points="805,2020 826,2020 871,2014 916,2008 961,2002 1005,2002 1050,1996 1095,1993 1140,1990 1185,1988 1229,1985 1274,1979 1319,1976 1364,1970 1408,1967 1453,1964 1498,1961 1543,1955 1588,1952 1632,1949 1677,1943 1722,1940 1767,1937 1811,1934 1856,1928 1901,1925 1946,1919 1990,1916 2035,1913 2080,1907 2125,1904 2170,1901 2214,1898 2259,1895 2304,1889 2349,1886 2393,1883 2438,1880 2483,1874 2528,1871 2573,1868 2617,1862 2662,1859 2707,1856 2752,1853 2796,1847 2841,1844 2886,1841 2931,1835 2976,1832 3020,1829 3065,1823 3110,1817"/>
                <TextEquiv>
                    <Unicode>In diesem Augenblicke endete das Finale des ersten</Unicode>
                </TextEquiv>
            </TextLine>
            <TextLine id="tr_1_tl_10" custom="readingOrder {index:9;}">
                <Coords points="797,2187 2615,2103 2924,2056 2936,1928 806,2074"/>
                <Baseline points="814,2167 832,2167 877,2164 922,2158 967,2155 1011,2146 1056,2146 1101,2143 1146,2140 1191,2134 1235,2131 1280,2125 1325,2122 1370,2116 1414,2110 1459,2104 1504,2101 1549,2098 1593,2095 1638,2089 1683,2086 1728,2083 1773,2080 1817,2077 1862,2074 1907,2068 1952,2065 1996,2062 2041,2056 2086,2053 2131,2050 2176,2047 2220,2044 2265,2041 2310,2035 2355,2032 2399,2026 2444,2023 2489,2017 2534,2014 2579,2011 2623,2005 2668,1999 2713,1996 2758,1993 2802,1988 2847,1985 2892,1982 2937,1973"/>
                <TextEquiv>
                    <Unicode>Aktes. Nicht enden wollender Applaus raschte</Unicode>
                </TextEquiv>
            </TextLine>
            <TextLine id="tr_1_tl_11" custom="readingOrder {index:10;}">
                <Coords points="818,2359 3014,2228 3046,2074 830,2240"/>
                <Baseline points="838,2319 853,2319 898,2316 943,2313 988,2310 1032,2307 1077,2304 1122,2301 1167,2295 1211,2292 1256,2286 1301,2283 1346,2277 1391,2274 1435,2271 1480,2265 1525,2262 1570,2259 1614,2253 1659,2250 1704,2244 1749,2238 1793,2235 1838,2232 1883,2226 1928,2223 1973,2220 2017,2217 2062,2211 2107,2205 2152,2202 2196,2199 2241,2196 2286,2193 2331,2188 2376,2185 2420,2179 2465,2173 2510,2173 2555,2170 2599,2167 2644,2161 2689,2155 2734,2152 2779,2149 2823,2146 2868,2140 2913,2137 2958,2134 3002,2131 3047,2128"/>
                <TextEquiv>
                    <Unicode>durch das Haus und die Gerufenen traten vor die</Unicode>
                </TextEquiv>
            </TextLine>
            <TextLine id="tr_1_tl_12" custom="readingOrder {index:11;}">
                <Coords points="809,2514 3029,2374 3040,2228 818,2401"/>
                <Baseline points="829,2471 847,2474 892,2471 937,2468 982,2462 1026,2459 1071,2456 1116,2453 1161,2450 1205,2447 1250,2441 1295,2438 1340,2432 1385,2429 1429,2426 1474,2423 1519,2417 1564,2411 1608,2408 1653,2402 1698,2399 1743,2396 1788,2390 1832,2390 1877,2387 1922,2382 1967,2379 2011,2373 2056,2373 2101,2367 2146,2367 2190,2361 2235,2358 2280,2352 2325,2349 2370,2343 2414,2337 2459,2334 2504,2331 2549,2328 2593,2325 2638,2322 2683,2316 2728,2313 2773,2310 2817,2307 2862,2301 2907,2295 2952,2292 2996,2286 3041,2280"/>
                <TextEquiv>
                    <Unicode>Rompe, um sich zu verbeugen. Besonders ein Paar</Unicode>
                </TextEquiv>
            </TextLine>
            <TextLine id="tr_1_tl_13" custom="readingOrder {index:12;}">
                <Coords points="827,2669 2969,2547 3029,2371 836,2550"/>
                <Baseline points="847,2629 883,2623 928,2620 973,2617 1017,2614 1062,2611 1107,2608 1152,2602 1196,2599 1241,2596 1286,2593 1331,2587 1376,2585 1420,2582 1465,2576 1510,2576 1555,2570 1599,2564 1644,2561 1689,2558 1734,2555 1779,2549 1823,2546 1868,2540 1913,2537 1958,2534 2002,2531 2047,2528 2092,2522 2137,2519 2182,2513 2226,2510 2271,2507 2316,2501 2361,2498 2405,2495 2450,2492 2495,2486 2540,2483 2585,2477 2629,2474 2674,2471 2719,2465 2764,2465 2808,2459 2853,2453 2898,2450 2943,2444 2987,2441 3032,2432"/>
                <TextEquiv>
                    <Unicode>Augen weilten jetzt mit einem merkwürdigen Aus</Unicode>
                </TextEquiv>
            </TextLine>
            <TextLine id="tr_1_tl_14" custom="readingOrder {index:13;}">
                <Coords points="848,2794 2811,2692 3049,2657 3064,2511 857,2698"/>
                <Baseline points="868,2770 868,2767 913,2770 958,2770 1002,2767 1047,2764 1092,2761 1137,2758 1182,2755 1226,2749 1271,2743 1316,2740 1361,2740 1405,2734 1450,2731 1495,2728 1540,2725 1585,2719 1629,2716 1674,2713 1719,2710 1764,2707 1808,2704 1853,2698 1898,2692 1943,2689 1988,2686 2032,2683 2077,2680 2122,2677 2167,2671 2211,2665 2256,2659 2301,2659 2346,2653 2390,2650 2435,2647 2480,2641 2525,2635 2570,2635 2614,2632 2659,2629 2704,2623 2749,2620 2793,2620 2838,2614 2883,2608 2928,2602 2973,2599 3017,2596 3062,2593"/>
                <TextEquiv>
                    <Unicode>druck auf Estrella. Es waren die des Professors</Unicode>
                </TextEquiv>
            </TextLine>
            <TextLine id="tr_1_tl_15" custom="readingOrder {index:14;}">
                <Coords points="860,2951 3067,2823 3079,2675 1035,2859 872,2802"/>
                <Baseline points="877,2937 889,2934 934,2931 979,2928 1023,2922 1068,2919 1113,2913 1158,2907 1202,2904 1247,2901 1292,2898 1337,2892 1382,2889 1426,2886 1471,2883 1516,2880 1561,2877 1605,2871 1650,2868 1695,2862 1740,2862 1785,2856 1829,2853 1874,2850 1919,2841 1964,2838 2008,2835 2053,2832 2098,2829 2143,2823 2188,2820 2232,2814 2277,2814 2322,2808 2367,2805 2411,2799 2456,2796 2501,2793 2546,2790 2590,2787 2635,2784 2680,2779 2725,2773 2770,2773 2814,2767 2859,2764 2904,2761 2949,2755 2993,2752 3038,2746 3083,2740"/>
                <TextEquiv>
                    <Unicode>Nelke, der mit den Eltern seiner Braut, mit ihr</Unicode>
                </TextEquiv>
            </TextLine>
            <TextLine id="tr_1_tl_16" custom="readingOrder {index:15;}">
                <Coords points="878,3097 2719,3002 3177,2895 3183,2823 887,2987"/>
                <Baseline points="895,3074 898,3074 943,3077 988,3071 1032,3068 1077,3065 1122,3062 1167,3056 1211,3053 1256,3047 1301,3044 1346,3041 1391,3035 1435,3032 1480,3026 1525,3023 1570,3020 1614,3014 1659,3014 1704,3008 1749,3005 1793,2999 1838,2996 1883,2993 1928,2987 1973,2984 2017,2982 2062,2976 2107,2973 2152,2970 2196,2967 2241,2961 2286,2958 2331,2955 2376,2949 2420,2946 2465,2943 2510,2937 2555,2934 2599,2931 2644,2925 2689,2922 2734,2919 2779,2916 2823,2910 2868,2907 2913,2907 2958,2901 3002,2898 3047,2892 3092,2889 3137,2883 3182,2874"/>
                <TextEquiv>
                    <Unicode>selbst und deren Bruder x in einer Loge sass. Was</Unicode>
                </TextEquiv>
            </TextLine>
            <TextLine id="tr_1_tl_17" custom="readingOrder {index:16;}">
                <Coords points="887,3237 2796,3171 3156,3118 3171,2972 898,3133"/>
                <Baseline points="907,3232 934,3229 979,3229 1023,3226 1068,3220 1113,3217 1158,3214 1202,3208 1247,3205 1292,3202 1337,3196 1382,3193 1426,3190 1471,3184 1516,3184 1561,3179 1605,3176 1650,3173 1695,3170 1740,3167 1785,3164 1829,3155 1874,3152 1919,3149 1964,3146 2008,3140 2053,3134 2098,3131 2143,3125 2188,3122 2232,3116 2277,3110 2322,3107 2367,3101 2411,3098 2456,3092 2501,3089 2546,3086 2590,3083 2635,3080 2680,3077 2725,3071 2770,3065 2814,3062 2859,3059 2904,3056 2949,3050 2993,3047 3038,3041 3083,3035 3128,3029 3173,3020"/>
                <TextEquiv>
                    <Unicode>in seinen Blick gelegen? Es war ein unbeschretb</Unicode>
                </TextEquiv>
            </TextLine>
            <TextLine id="tr_1_tl_18" custom="readingOrder {index:17;}">
                <Coords points="753,3412 1696,3409 2157,3275 2918,3293 3142,3240 3151,3142 765,3287"/>
                <Baseline points="773,3387 779,3387 823,3381 868,3381 913,3381 958,3381 1002,3381 1047,3376 1092,3370 1137,3367 1182,3364 1226,3358 1271,3355 1316,3352 1361,3346 1405,3346 1450,3340 1495,3337 1540,3331 1585,3328 1629,3325 1674,3322 1719,3316 1764,3316 1808,3313 1853,3310 1898,3307 1943,3301 1988,3295 2032,3292 2077,3286 2122,3283 2167,3274 2211,3274 2256,3271 2301,3268 2346,3265 2390,3262 2435,3256 2480,3253 2525,3247 2570,3244 2614,3241 2659,3238 2704,3235 2749,3232 2793,3226 2838,3226 2883,3223 2928,3220 2973,3214 3017,3211 3062,3205 3107,3202 3152,3199"/>
                <TextEquiv>
                    <Unicode>licher Erinnerungsschimmer - Liebe war es nicht.</Unicode>
                </TextEquiv>
            </TextLine>
            <TextLine id="tr_1_tl_19" custom="readingOrder {index:18;}">
                <Coords points="1624,3481 2231,3508 2844,3427 3127,3499 3174,3490 3192,3243 2362,3377 1934,3350 1630,3406"/>
                <Baseline points="1641,3474 1671,3474 1716,3474 1761,3468 1805,3468 1850,3462 1895,3459 1940,3456 1985,3453 2029,3450 2074,3447 2119,3441 2164,3438 2208,3435 2253,3432 2298,3429 2343,3426 2387,3420 2432,3420 2477,3414 2522,3411 2567,3408 2611,3405 2656,3402 2701,3396 2746,3390 2790,3387 2835,3384 2880,3381 2925,3376 2970,3373 3014,3370 3059,3364 3104,3361 3149,3355 3193,3343"/>
                <TextEquiv>
                    <Unicode>"Aber haben Sie denn nicht an Ih-</Unicode>
                </TextEquiv>
            </TextLine>
            <TextLine id="tr_1_tl_20" custom="readingOrder {index:19;}">
                <Coords points="589,3445 604,3442 619,3451 631,3445 654,3457 678,3439 705,3442 696,3261 681,3261 666,3249 646,3261 625,3255 610,3261 580,3258"/>
                <Baseline points="602,3379 647,3384 692,3384 707,3384"/>
                <TextEquiv>
                    <Unicode>1774</Unicode>
                </TextEquiv>
            </TextLine>
            <TextLine id="tr_1_tl_21" custom="readingOrder {index:20;}">
                <Coords points="916,3737 1940,3635 2678,3656 3002,3591 3011,3475 2844,3427 928,3609"/>
                <Baseline points="940,3689 952,3692 996,3695 1041,3692 1086,3689 1131,3686 1176,3683 1220,3680 1265,3674 1310,3671 1355,3665 1399,3662 1444,3656 1489,3653 1534,3647 1579,3644 1623,3641 1668,3635 1713,3629 1758,3623 1802,3620 1847,3620 1892,3617 1937,3614 1982,3611 2026,3608 2071,3605 2116,3599 2161,3596 2205,3593 2250,3590 2295,3584 2340,3581 2385,3579 2429,3576 2474,3573 2519,3567 2564,3564 2608,3561 2653,3555 2698,3552 2743,3549 2787,3543 2832,3540 2877,3537 2922,3531 2967,3525 3011,3522"/>
                <TextEquiv>
                    <Unicode>ren Sohn gedacht!" fragte Flock plötzlich im</Unicode>
                </TextEquiv>
            </TextLine>
        </TextRegion>
    </Page>
</PcGts>
