3368 4184
2906 368 3046 604 17
420 542 3097 785 der, wie gesagt, für denjentgen, der sich schon früher ab
437 730 1197 890 gegeben hat...."
433 808 2886 1051 "Nun womit abgegeben hat?" riefen mehrere ungeduldig.
443 989 3005 1201 "Ah ich habe noch nicht gesagt, womit er sich abgegeben
430 1146 3142 1334 hat? Nun, mit Schriftstellern." Erleichtert tat der viel -
433 1330 3179 1508 geplagte Mann einen Atemzug und schlürfte mit xxx Behagen sein
423 1518 665 1665 Bier.
440 1569 3056 1815 "Herr Strohmüller, Herr Strohmüller...“ ging es murmelnd
440 1794 1245 1979 durch die Reihen.
1020 1931 1163 2023 sonst
416 1883 3142 2074 Diesem gab es einen Stich ins Herz, So oft man ihn anseine
433 2081 3094 2262 verünglückte Schriftstellerlaufbahn erinnerte; doch jetzt
430 2228 3114 2408 mit dem schmeichelhaften Antrag beehrt, ergoss sich lieb
433 2419 2978 2572 liche Röte über sein poetisches,bleichesn Antlitz und
440 2593 3029 2726 ein kaum merkliches Lächeln verklärte seine melancholi -
437 2719 962 2900 schen Züge.
454 2848 3138 3005 "Mein Antrag ist, dass Herr Strohmüller für immer Schrift-
440 2998 2098 3172 führer des Vereines Pudicitia sei."
457 3162 1573 3374 "Er sei es, er set es. "
464 3333 3145 3520 "Gleiches mit Gleichem", flötete der Poet."Ich stimme, dass
426 3462 2930 3653 Herr Kanzletrat Falke zum Präsidenten gewählt wird. "
