3416 4328
2813 384 2998 544 266
735 699 1282 848 rot wurden.
743 767 3006 999 "Frau Flock," entschloss sich endlich Frau Ket -
743 949 3001 1172 les, "so wahr Gott lebt, Sie haben mich gezwun —
746 1195 1020 1353 gen."
770 1249 3060 1508 'Madame Flook hatte doch nicht gehofft, dass sich
746 1416 3015 1639 die "Freundin" so schnell erweichen lassen würde
749 1567 2953 1772 und machte jetzt ein etwas ärgerliches Gesicht.
737 1775 3102 1954 Nichtsdestoweniger hamen die beiden Frauen schnell
746 1954 1862 2132 wieder in ein Gespräch.
743 2013 2885 2290 Josef und Fanni standen beim Fenster und ###
752 2284 1038 2450 hinab.
761 2346 3155 2566 "Ja damals, damals," sprach Josef. "Aber vielleicht
755 2525 2322 2751 gründen wir ihn wieder im Herbst.'
770 2653 2914 2849 "Ja Josef, Sie haben Recht, es war ein schöner
755 2813 3078 2995 Verein. Gut unterhalten haben wir uns wenigstens."
767 2962 2932 3134 "Jedenfalls, Fräulein Fanni," fie der andre ga
746 3102 3006 3334 lant ein, indem er sie mit einem eigentümlichen
752 3262 2995 3488 halb verschmitzten, halb särtlichen Lächeln an -
758 3450 3015 3684 sah, jedenfalls waren Sie immer die Krone. "Aber
