3480 4344
2686 546 2892 701 279
725 889 3044 1083 der "liebe Mann" kurz angebunden die Lampe aus, um
725 1083 2728 1260 um sich in das Schlafzimmer zurückzuziehen.
750 1178 3123 1387 "Was tust Du denn, lieber Mann!“tief Frau Irene und
734 1345 2637 1533 flüchtete schnell aus dem dunkeln Zimmer.
744 1521 3084 1700 "Die Lampe hab ich ausgelöscht, wie Du stehst" war
738 1633 3093 1863 die mürrische Antwort."Das war heute ein verfluch-
747 1785 3187 2009 ter Tag" fuhr Flock fort. "Nicht einmal in den ###
744 1939 3114 2128 Schlafrock bin ich gekommen. Und jetzt brennen wie¬
753 2118 2653 2316 der die Zündhölzeln nicht an. Oh...oh...
765 2294 1718 2480 “Aber lieber Mann..“
765 2382 3020 2631 "Donnerwetter noch einmal, sag ich, lass mich in
741 2598 1026 2780 Ruhs"
747 2689 2971 2929 Und da standen die beiden im Finstern, die eine
753 2901 3190 3090 rief "lieber Mann, lieber Mann," der andere fluchte.
747 3047 2935 3217 Ja, ja, das ist der süsse, sösse Ehestand!--
1363 3338 3162 3499 Arthur Falke schlief indessen sehr gut
765 3518 3035 3678 und behaglich. Sein Vater hatte beschlossen, ihn
774 3660 3135 3879 erst auf frischer Tat zu ertappen, um sein Leugnen
