3432 4328
2620 508 2790 648 120
572 812 1886 986 sprang von seinem Sitze auf.
587 1022 2808 1117 "Halt," rief da Jakob Mager und fiel dem Poeten
587 1144 2817 1281 der schon die Türklinke fest hielt in die Hände.
581 1305 2817 1473 "Wollen Se mal noch einen chleinen Moment aus -
575 1445 2784 1585 harren. Ich habe mal eine chleine Ueberras: hung
584 1616 2757 1759 für Sie und die verehrte Versammlung in Berett
578 1740 2796 1938 schaft; es ist nämlich noch nicht aller Tache A
581 1929 855 2051 bend.
587 2026 3036 2209 Was der heute mit seinem noch nicht aller Tage Abend
578 2185 2875 2340 hat, dachte Strohmüller und machte ein sehr ver -
581 2376 1372 2522 blüfftes Gesicht.
587 2516 2887 2647 "Professor Jakob Mager," sprach der Präsident mit
590 2677 2750 2823 strenger Amtsmiene, "wird aufgefordert mit der
575 2823 2060 2985 Ueberraschung herauszurücken. "
590 2966 2784 3149 "Also wollen Se mal alle schweichen und mir zu
584 3155 940 3277 hören.“
593 3313 1813 3450 Todesstille. Mager begann:
602 3444 2842 3572 "Also, was verdient wohl der, dermal in später
578 3596 2985 3782 Nacht mit einer Ballettänserin und einer särtlichen
