3512 4344
2761 512 2956 638 115
782 827 3142 1072 er ihn teils tronisch, teils mit verhaltere m Hasse
791 1045 1075 1186 ansah.
803 1099 3112 1324 "So werde denn ich sprechen,“ sage Falke mit gros
791 1285 2845 1456 senn Nachdruck. "Ich werde eine Rede halten."
788 1453 2917 1626 Allgemeines Gemurmel des Betfalls, dann tiefe
797 1578 3016 1776 Stille, der Präsident räuspert sich, wisches ich
791 1767 2977 1908 mit dem Sacktuch über Mund und Stim, streicht
806 1914 3019 2123 sich über die Haare, räuspert sich nochmals und
815 2058 1761 2258 beginnt zu sprechen:
833 2216 3127 2375 "Meine Herren! Wenn Sie vielleicht einiges in mei
812 2384 3001 2516 nen Worten finden, was Ihnen auf den ersten Au
815 2498 3184 2675 genblick frivol und deshalb den Zwecken dieses ver
821 2648 3175 2812 eins nicht entsprechend vorkommen dürfte, so muss
830 2821 3235 2998 ich Sie aufmerksam machen, dass diese Frivolität in
833 2950 3160 3151 Wahrheit nur eine scheinbare ist, das hetist, in
842 3139 3115 3271 dem sie nicht einem Selbstzweck, sondern nur zum
836 3289 3208 3486 wirksamen Kontrast der Moral, der Sitte, ###- keusch
839 3435 3031 3603 heit dient. Das Thema, welches ich mir zum vor
842 3594 3142 3807 wurf nehme, meine Herren, ist die Besprechung der
