3416 4216
2754 462 2889 611 89
728 649 2862 944 dass ste heute Arm in Arm mit dem Jungen Mann
725 941 2933 1064 aus dem Ballet gekommen ist. Sie hat mich schon
725 1061 3067 1228 bemerkt! Wie lächerlich ihr wohl erscheinen muss...
2459 1216 2927 1342 G:A:S: D:H:D:
731 1228 2330 1357 und diese..."
725 1354 2903 1515 Hier endete das Tagebuch. Falke, der bis jetzt
728 1517 2813 1719 ruhtg dagesessen war, stand auf und trat zum
728 1696 3073 1862 Fenster. Derm Tag war wunderschön. Wohltätige wär
722 1816 2877 2000 me strahlte vom blauen Himmel aufndte frische,
725 2000 2880 2123 knospende Erde. Selbst das steinige, holprige
716 2164 3052 2307 Pflaster in der Stadt bot, von der Sonne betrahlt,
728 2281 3064 2438 einen freundlichen Anblick und Freude gewährte es,
722 2453 2900 2582 die jungen Mädchen in den lichten Kleidern und
725 2605 2947 2778 retzenden, koketten Strohhütchen über die Stras
2558 2734 3017 2857 "O Htmei I
2225 2763 2447 2851 G.H.F.P.
719 2763 1605 2895 se gehen zu sehen¬
716 2830 2895 3090 Plötzlich klopfte Fritzen jemand kollegtal auf
722 3014 2976 3234 die Schulter. Er wandte sich um, gewahrte seinen
722 3207 2857 3368 Bruder Arthur, der, ein kleines Zettelchen in
2582 3304 2740 3456 G.F.P.
719 3324 2535 3538 der Hand, ihn folgedermassen anredete:
731 3517 3049 3672 "Sieh, was ich heute in der Schule gefunden habe."
