3576 4376
2525 452 2703 642 331
747 709 2968 981 Autoren sagen würden: Benützen wir diese Pause,
765 966 3062 1130 um das Aeussere dieser beden etwas genauer zu be¬
779 1109 3068 1270 trachten. -Ich gehöre nicht zu diesen Auoren, die
765 1211 3062 1421 Jede Pause benutzen, um ihren bedauernswerten Le¬
759 1445 2977 1588 sern die Kleidung und Gesichtszüge ihrer Helden
753 1562 3071 1757 des weitern zu erklären- und fahre gleich fort in
753 1716 1562 1868 meiner Erzählung.
765 1856 2922 1976 "Ich beschwöre Dich, höre auf mich zu lieben."
741 2011 3036 2177 Diese Worte schienen Estrella niederzuschmettern.
750 2157 3053 2329 Beide standen da und sahen sich in die Augen, bis
747 2309 3059 2481 sich endlich beide mit den gelösten Karten zu dem
744 2449 3012 2641 Zug begaben, um das letzte Mal mit einander nach
741 2609 1588 2764 Mödling zu fahren.
773 2758 2960 2928 "Ludwig, ich bitte Dich," begann sie, indem sie
744 2925 3018 3100 auf der breiten Treppe stehen blieb und die zitt
744 3062 3091 3249 ternde Hand leise auf Nelkes Arm legte, “Ich bitte
730 3231 1649 3371 Dich, erkläre mir!“
741 3304 3009 3549 "Was soll ich viele Worte machen," erwiderte Nel¬
730 3540 2872 3730 ke sehr weich. “Ich bin zu Verstand gekommen.“
