3400 4360
2435 568 2642 694 290
610 890 1037 1085 erzählt.“
592 1004 2847 1233 Die Professoren sahen sich an und wussten nicht,
607 1199 3006 1392 ob sie lachen sollten, oder die beiden Gymnastasten
595 1353 2474 1518 mit einem Donnerwetter niederschmettern.
619 1455 2868 1656 "Bruch! Rahasseg! Unverschämtes Volk übereinand,
598 1665 2883 1843 hun Nelke an, freilich mit etwas unsteherer Stim¬
607 1783 2904 1984 me, denn er gedachte seiner Berta. "Unverschämtes
613 1939 2853 2134 Volk Übereinand, in später Nachtstunde mit etzer
622 2041 2898 2270 Schauspielerin einsam im Prater herumpandeln! Oh,
625 2273 2537 2429 das werde ich vor die Konferenz bringen!"
601 2420 3024 2588 Dem Gymnastasten Bruch zuokte es tronisch über die
610 2531 2931 2739 Lippen. Er tat als ob er ein Lied trällerte, doch
622 2700 2639 2901 konnte man deutlich verstehen, wie er sang:
646 2838 2847 3063 "Estrella, Estrella-la-Ia-Estrellalalalalaa."
622 3042 1440 3217 Nelke erbleichte.
670 3157 2874 3352 "Sie Rokasseg," sagte Waschlapski,“ich will hier
634 3307 2835 3499 et nige Worte mit Jhnen sprechen. Einen Augen-
631 3493 1659 3677 blick, mein Fräulein.
625 3598 2868 3824 Er führte Rahasseg in den Schatten eines Baumes,
