3512 4344
2580 500 2768 667 228
682 808 2909 1026 ruhig hob und senkte, bis er plötzlich zu reden
696 943 2939 1161 anfing: "Als ich in dem Alter meines Sohnes war,
699 1146 2980 1322 da blieb ich bei meinen Büchern und....“ er kenn
702 1293 2392 1455 te vor Aerger nicht weiter sprechen.
2433 1299 2592 1434 G.C.F.P.
685 1431 2877 1643 Dagegen begann jetzt Flocht "Meine Tochter die
705 1578 2880 1778 ich für sittsam hielt...o, ich hätte es nie ge
711 1769 1073 1948 dacht!"
699 1872 2971 2075 Eine zeitlang schrittenxalle drei schweig###mit
720 2010 2592 2210 einander hin, endlich trennten sie sich.
729 2110 3059 2422 "Also ich habe mal die Ehre, es tut mir sehr leid,
726 2327 3021 2513 aber meine Pflicht als Vereinsmitglied, Professor
720 2501 2945 2683 und Mensch zwangen mich, Ihnen diese traurlichen
711 2648 1893 2865 Mitteilungen zu machen. "
1984 2671 2280 2812 G.H.F.P.
744 2789 2906 2953 "Ich empfehle mich und.... bin....Ihnen......sehr
726 2898 3092 3139 verbunden," sagte der Kanzletrat, indem er schnell
735 3100 2280 3268 den Weg gegen seine Wohnung nahm.
749 3218 2921 3453 "Leben Sie wohl, Professor Mager, ich bin ganz
729 3391 2989 3574 niedergeschlagen," sprach Flock, indem er jenem,
732 3541 2974 3735 der mit trauriger Miene und verdrehten Augen da
