3368 4248
2873 502 3007 656 11
381 702 3017 843 rend Loser einige verunglückte Versuche machte, ungemein
401 846 1331 1000 ironisch zu lächeln.
388 950 2301 1161 "Und der Gedanke wäre?" gähnte Vielmeter.
401 1117 3044 1291 "Meine Herren", fuhr Falke fort, " wir wollen einen Ver -
395 1271 3081 1422 ein gründen dessen Tendenz die Aufrechterhaltung der Sitt-
388 1442 3047 1572 lichkeit und die Verhütung der Demoralisation sein soll.,
388 1555 3051 1756 einen Verein, der sich die Verfolgung jeder Person, jedes
395 1759 2880 1873 Gegenstandes, der im entferntesten zur Entsittlichung
391 1920 3071 2067 beizutragen scheint, zur Aufgabe machen soll. Sind Sie ein
398 2064 1586 2241 verstanden meine Herren?"
385 2204 3067 2385 Ein rasender Applaus belohnte den, mit Genugtuung um sich
401 2358 3047 2522 schauenden Kanzleirat. Jakob Mager konnte sich nicht ent¬
398 2532 2960 2669 halten auf ihn zuzustürzen und ihn entzückt zu umarmen.
418 2669 2964 2837 "Sie sind mal ein Retter der Menschheitt", versicherte er
398 2796 3024 3017 ihm, "Sie sind mir mal erschtenen, wie ein metter Messi
398 3014 3037 3138 as und Sie werden es mal verden. " Nach dieser ergreifen
405 3121 3081 3275 den Apostrophe setzte er sich an seinen Platz und die Auf
391 3285 1713 3435 regung legte sich teilweise.
408 3459 2954 3649 „Da mein Vorschlag behufs Errichtung des Vereines ange-
