3400 4264
2684 377 2807 564 31
2526 509 2646 664 80
1710 702 2795 1000 x.x.t.y.05
690 690 1693 1020 ... 4 et 4os.3
672 947 2672 1199 ... oo loueryr, ij nvçi... sagte Mager va.
2766 1000 2897 1161 G.H.F.P.
681 1082 2862 1336 ... ov løuevyn, y uvst wiederholte Sinntg.
675 1231 2857 1500 ...    Ἀμλγε ἐθηκευ..sagte Mager und ter.
672 1398 3023 1643 ...’Αμοῦς ἀλje' ἐθηκεν... stotterte sinning.
672 1596 2938 1801 "Ach wollen Se mal niedersteichen, sprach Mager,
667 1745 2728 1950 indem er den Kopf schüttelte und eine grosse
664 1883 2064 2026 sechs in seinen Katalog malte.
649 2029 2816 2193 Faike, der am vorigen Abend, einem wunderbaren
637 2169 2821 2389 Aprilabend, durchaus keine Lust verspürt hatte
643 2310 2842 2485 Homers unstebliche Gesänge auswendig zu lernen,
655 2473 2979 2626 sondern es für ein wett grösseres Vergnügen ansah,
655 2628 2824 2851 an seiner Kollegen Seite - denn Fanny war merk
646 2778 2865 2985 würdverweise nicht gekommen - in den schattigen
640 2915 2862 3099 Alleen des Volksgartens hinzuwandeln, und nach
637 3131 2775 3254 Hause gekommen ein glühendes Gedicht auf ihre
649 3298 2903 3450 blonden Locken zu dichten, saas in grosser Angst
646 3441 2754 3620 vor einer eventuellen Prüfung in seiner Bank.
629 3605 2935 3751 Doch zog das Ungewitter an seinem Haupte vorüber
