3400 4264
2951 527 3051 689 9
497 732 3127 908 sener Mann, mit einem gutmütigen Gesichte und mühte sich
494 924 3110 1096 seit undecklichen Zeiten ab einen recht Inteuiganten Zug
490 1050 2981 1222 um seinen Mund herum zu bekommen., wodurch er oft die
490 1222 3120 1395 grässlichsten Grimassen schnitt. Den Ausdruck seiner was
490 1361 3061 1537 serblauen Augen hielt er für ungemein imponierend, wäh
490 1524 3127 1706 rend er seinen, jetzt schon mit grauen Haaren untermisch
490 1673 2988 1769 ten, braunen Vollbart, für den weitaus männlichsten in
494 1819 3028 2021 ganz Wien ansah. So beschaffen war das Individuum, das
470 1984 3137 2183 mit den Worten "er wars", die stille Versammlung zu neuem
467 2120 1146 2266 Leben erweckte.
484 2206 3014 2455 "Ja es wahr Heinrich Wahlmann", sprach der Kanzletrat,
494 2458 3107 2633 "Journal ist und...was sch erst nachträglich sage "Lehrer
490 2607 1954 2703 in der Währinger Mädchenschule.
464 2759 2975 2945 Bei dieser Er-öffnung stiess der fromme Professor, in
484 2898 2981 3091 dem niederdrückenden Bewusstsein dem Leheer einer Mäd
480 3071 3018 3250 chenschule gegenüber gesessen zu sein einen kläglichen
460 3213 2998 3369 Seufzer aus.Nun war es leicht begreiflich, dass dieser
447 3359 3014 3524 Mann, der täglich mit einer solchen Unzahl von Mädchen
460 3518 3097 3720 zusammenkam, gar nichts besonderes an einer Tänzerin mit
