3496 4328
2445 538 2579 668 99
683 850 3068 1136 Fanni mitzuteilen, wobei er gleich hinzufügte, wie
708 990 3077 1294 der gestrige Abend kühl gewesen setund wie gut man
705 1136 3156 1431 von einem warmen, weichen Parterresttz aus im Stadt-
723 1285 3041 1570 theater ein reizendes Mädchen gesehen habe...kurz
726 1455 2925 1750 und gut, Arthur verfolgte vielleicht dessen be¬
738 1631 3080 1877 wusst, die Politik der Eifersuchtund erreichte, was
741 1865 1373 2066 er gewünscht.
759 1901 3104 2199 "So also, ich habe gemeint, Du stehst Dich richtig
753 2062 2992 2336 nach keinem andern Mädchen um, als mit, wie ich
759 2230 2828 2503 mich nach keinem andern Buben umsehe. Gut...
772 2387 2697 2667 Arthur fürchtete es mit ihr zu verderben.
787 2536 3141 2788 "Du glaubst doch nicht etwa, dass ich mich gleich
790 2682 3065 2959 beim ersten Mal Sehen in sie verliebt habe?" er-
787 2919 1704 3132 widerte er deshalb.
796 3013 3068 3293 "Nun, wir haben uns doch auch nur einmal gesehen
2600 3126 2752 3268 .2.
805 3180 2469 3353 und haben uns schon... "Sie stockte.
841 3284 3214 3590 "Sehr gern gehabt!" fragte er telle tronisch, teils
814 3496 2700 3742 mit grosser Selbstbefriedigung lächelnd.
838 3590 3235 3870 "Das hann ich freilich nicht wissen", sagte sie me¬
