3448 4168
2381 372 2565 571 „
586 737 2003 930 arrogant-resigniertes Gesicht.
615 844 2381 1073 „Wo ist Fritz?“ fragte der Kanzleirat.
609 1052 2747 1234 "Nicht zu Hause," erwiderte das Stubenmädchen.
606 1174 2773 1397 "Der Junge ist jetzt in vierundwanzig Stunden
594 1332 2758 1528 nicht vier zu Hause gewesen," murmelte der be¬
633 1471 2797 1668 sorgte Vater " und den kann man nicht mehr ein¬
627 1584 2791 1861 sperren- aber ich muss morgen ein ernstes Wort
621 1828 1317 2000 mit ihm, reden.
624 1882 2952 2131 Nun ging er mit seinem Sohn hinunter, Arthur setz¬
642 2078 2860 2289 te sich in den zierlichen, offenen Wagen, sagte
654 2220 2937 2458 dem Vater kein Abschtedswert und fuhr von dannen.
669 2369 2934 2628 "Nach Dornbach," hatte der Vater dem Kutscher zu¬
660 2527 3023 2750 gerufen und haum, war der Wagen weggefahren, streck¬
666 2696 2981 2913 te Arthur die Beine weit von sich und lachte über-
651 2830 3044 3085 mütig in die Welt hinein, so dass sich der Kutscher
666 3002 2999 3198 mit einem sehr verwunderten und dummen Gesicht um-
678 3142 2842 3320 drehte. Kaum waren sie eine Viertelstunde weit
678 3326 2972 3516 gekommen, als Arthur den Kutscher mit seinem Spa¬
675 3424 2892 3656 zierstock sehr vornehm auf die Schulter tupfte.
