3528 4376
2539 316 2728 513 382
625 625 2701 967 lichst dummen Gesichtsausdruck auf die Bühne
646 793 2843 1126 gestarrt. Jetzt sch er zufällig in die Loge des
661 964 2810 1274 Barons und als ihn ein dunkler Blick der Kon -
672 1121 2913 1380 stantinopolitanerln traf, schreckten seine mat -
681 1250 2934 1501 ten, blaugrauen Augen betnahe zurück und flück -
699 1421 2978 1648 teten sich im ganzen Saal herum, bis sie mit ei -
705 1557 2913 1811 nemmal an Talmas Antlitz haften blieben, die mit
717 1698 2905 1985 dem steifbeinigen Leutnant in einer ersin Rang
755 1958 3129 2250 "Sie werden langweilig," sagte sie mit halter Stim¬
725 1999 1212 2114 loge sass.
746 2265 1881 2430 me und sah ins Parterre.
755 2223 3058 2574 Der Leutnant hob seinen Kopf als wollte er salu —
776 2618 1118 2722 tieren.
778 2506 2987 2875 Sie drehte sich rasch um und lächelte tronisch:
796 2857 1896 3061 "Was uollen Sie sagen?"
817 2916 2958 3188 "Ich bemerke, ich bin Ihnen lästig," sagte der
808 3226 1250 3350 Leutnant.
832 3238 3049 3536 "Das gerade nicht." - Ich muss ihn noch bei mir
840 3388 3090 3712 behalten, sonst glaubt Kalt, dass ich ihn liebe.
