3560 4376
2534 581 2729 801 399
723 883 2726 1157 ung Einhalt zu tun, hab ich freies Spiel!"
738 1088 1916 1326 "Das ist gewiss traurig!"
750 1196 2832 1452 „Heut aber, Wetzen, werd ichx sie noch sehen¬
726 1353 3034 1606 Ich habe abends seche Uhr ein Rendez-vous mit ihr
741 1536 1657 1735 bet den drei Raben.
741 1726 1720 1880 "Ah, ich gratuliere."
726 1801 3067 2055 dan war in Heiligenkreuz angekommen; heiss strahl¬
738 1973 3100 2133 te die Sonne herab auf dem grünenden Berge und Hil¬
732 2148 3133 2305 gel, die Stille des Frühlingstags lag über der gan¬
735 2277 1259 2467 zen Gegend:
750 2479 3085 2618 "Also, hier wollen wir rasten und uns das Chloster
735 2624 3118 2747 und die Chirche betrachten!" bestimmte Lager, nach¬
735 2735 3115 2892 dem sich die Schiller um ihn gesammelt und alle tra¬
747 2895 2841 3073 ten in den Hof, welcher zum Gasthause führte.
723 3082 3124 3190 Soll, ich boshaft stin, und den Lesern eine ausführ-
723 3241 3124 3407 liche Beschreibung der Kirche und des
723 3335 3133 3519 sters geben? Soll ich thnen erzählen, wie Professor
714 3491 3139 3663 Mager andächtig jedes Kreuz, jedes Christusbild be¬
750 3699 3076 3883 trachtete, wie tiefe Schauer sein frommes Herz be¬
