3416 4200
2812 364 2941 570 71
725 651 2984 886 leicht nicht aufstehen? Wissen Sie was? Ich wer
737 837 2846 1049 de Sie ins Klassenbuch schreiben. Sie Weizen,
734 1038 1969 1212 ja Stel Hören Sie nicht? „
734 1167 3044 1361 Weizen erhob sich langsam und lächelte sehr tro-
745 1359 1038 1511 nts ch.
1115 1387 1253 1493 G.H.F.P.
760 1482 2064 1657 "So. Jetzt setzen Sie sich."
742 1614 2952 1817 Wetzen war ein schlanker, etwa sechzehnjähriger
731 1771 2967 1958 Junge mit schwarzen Haaren und Augen, auf welch
748 1938 2310 2124 letztere er stoh viel einbildete.
2359 1955 2743 2087 entend. b
734 2098 2921 2273 Die Stunde begann mit der höchst interessanten
751 2227 2915 2442 Beschäftigung eine Ode von Klopstook zu lesen,
754 2402 3010 2580 zu deren Interpretierung der kraushaartge Sinnig
757 2574 1422 2763 gerufen wurde.
760 2691 3067 2855 Während dieser Zeit las Unterstatt das eben nicht
765 2858 2947 3035 umfangreiche Drama Falkes zu Ende und der Autor
765 2992 3032 3196 desselben unterhielt sich sehr eifrig mit seinem
765 3173 1840 3376 rechten Nachbar Weizen.
2717 3182 2975 3313 H.S.O.
2213 3176 2339 3336 G.H.F.P.
1989 3204 2173 3331 gene
785 3328 2929 3494 "Sie Falke," ertönte Waschlapskts Stimme, "was
760 3457 2926 3689 haben Sie denn immer zu schwätzen. Sie und der
