3432 4328
2607 558 2789 694 237
667 809 3031 1003 Und nun erzählte er dem lebenslustigen Freunde die
688 1025 2874 1173 ganze, traurige Geschichte seiner Liebe, wie er
682 1167 3034 1316 vergebens geharrt und gehofft, wie er jenen jungen
667 1303 2965 1504 Mann bemerkt und in ihm einen höchst gefährlichen
670 1464 2880 1613 Nebenbuhler erkannt, wie ihm sein Bruder Nelkes
676 1610 2983 1798 Brief an Estrella ahnungsles gezeigt und wie dann
685 1764 2792 1949 er, der unglückliche Fritz Falke, Zeuge jenes
667 1931 3098 2073 Kusses gewesen - abgesehen von den poetischen Glos -
685 2064 3013 2252 sen, die er an die einzelnen Ereignisse anknüpfte.
667 2231 2804 2398 Als er aber endlich geendet, fragte er seinen
673 2373 2886 2583 Freund. "Nun, Kühle, bist Du so unglücklich wie
682 2525 1216 2692 tcht Haha.“
673 2692 2968 2865 Der Angeredete blies sehr ruhig die Asche von der
679 2834 2952 3022 Zigarre weg, dann sagte er mit unglaublicher Ge-
682 2989 3074 3159 lassenhett. "Nun, da verzweifelst Du schon? Na höre
673 3128 2874 3289 Fritz, das ist stark, da schon zu verweifeln."
691 3277 3040 3477 "Bist Du bei Trost?" fuhr Falke auf. "Ist das noch
682 3428 2110 3634 kein Grund um zu verzweifelng"
715 3598 1497 3756 "Durchaus nicht."
