3448 4328
2363 483 2501 646 98
597 754 2778 978 können, auch ohne die Vorrede, einen Traum be¬
612 895 2913 1141 treffend, in dem er ste geküsst hatte, zu gebrau¬
603 1086 2910 1292 chen, aber dass er nicht einmal mit besagter Vor¬
600 1255 2953 1424 rede herausrücken wollte, kann und wird meinen Le¬
600 1403 2975 1572 serinnen, soviel Sympathie ste auch für den jungen
600 1523 2892 1717 Faike schon gewonnen haben mögen, keineswegs von
615 1664 2833 1858 einem feschen Gymnastasten gefallen. Wir können
603 1852 2873 2003 diesen Vorfall zwar gewissermassen mit der Unge¬
618 1984 2818 2187 wohntheit dieser Lage bei Arthur entschuldigen.
615 2141 2778 2323 aber aus seinem eigenen Munde hörten wir,
609 2295 2895 2455 wie sehr er bereute, die Seligkeit dieser Stunde
609 2473 2901 2621 nicht vollständig geschlürft zu haben, wobei man
631 2590 2849 2772 füglich die Sekunde auf mehrere hätte ausdehnen
624 2812 978 2969 können.
606 2876 2858 3092 So stand er da und wollte nicht mit der Sprache
615 3039 2956 3285 heraus und lehnte sich fester an sie. Beide waren
624 3227 2510 3384 noch dazu von gleicher Grösse; kurz......
615 3365 2913 3590 Der Abend war übrigens von wohltuender Wärme und
618 3528 3095 3765 der junge Falke konnte nicht umhin, diese Entdeckung
