3496 4328
2419 416 2604 562 103
613 765 2840 888 lich kurz vor elf Uhr nachts nach Hause kam und
619 909 2757 1070 sich körperlich und seelisch ermüdet auf sein
610 1100 1094 1241 Bett warf.
610 1214 2840 1381 Arthur hatte sich inwischen zu seinen Kollegen
628 1357 2975 1528 gefunden, die sich bald über diese, bald äber jene
619 1483 2954 1716 Dame ganz laut und unverhohlen eine Kritik erlaub-
625 1662 2882 1806 ten, ein Vorrecht der Gymnastasten, das nicht zu
625 1815 2882 2012 unterschätzen ist. Eben hatte EmtI Glut zu Jages
625 2000 2808 2135 Stelle über eine knapp vor ihnen stehende Dame
637 2129 2876 2305 geäussert, dass ihr Chignon herabzufallen drohe,
625 2260 2963 2416 worauf die Betreffende allsogleich im Gewühle ver
646 2422 2972 2607 schwunden war, als Arthur den befden kollegtal auj
628 2574 2840 2769 die Schulter schlug und sich in sehr animierter
637 2718 2963 2918 Laune erkundigte, ob Joka Korn und Mattlde Herbst-
637 2873 2900 3083 lich dagewesen seien, wo sich Berthold Gries und
637 3050 2858 3178 so sich endlich Moritz Sinnig befänden. Doch er
643 3172 3008 3388 wartete die Antwort nicht ab, da er sich gleich zu
640 3334 3041 3546 dem eben herzugetretenen Sinnig wandte und stoh für
640 3483 2849 3717 einige Zeit von seinen Kollegen verabschiedete.
