3336 4200
2791 359 2946 618 29
401 604 2891 815 Feld. "Glaubst Du ein jeder müsse ein solch fühlendes
397 774 2445 960 Herz im Busen tragen, wie Du lieber Kühle?"
2576 767 2697 946 G.F.P.
414 919 3105 1129 "Geh sprich nicht solchen Unsinn," erwiderte der Angerede¬
414 1091 3005 1250 te leichthin.“ Ein jungers, hübscher Mensch, frei, allein
418 1181 2943 1395 in Wien lebend und die Liebe für eine Dummheit halten,
411 1350 2863 1558 ja nie geliebt haben! Aber gesetzt auch er hätte bis
408 1547 3129 1689 jetzt nicht geliebt, gebt acht, kurze Zeit noch und er hat
414 1661 1382 1858 sein Herz verloren.“
432 1768 3005 1976 "Nun wir werden ja sehen,“ sagte Wahlmann.“Aber was ge
421 1982 1582 2190 denkst Du zu tun, Fritz?“
446 2131 3077 2297 „Was ich zu tun gedenkel Offen gesagt habe ich bis jetzt
414 2279 3184 2469 noch keinen ordentlichen Gedanken gehabt. Aber Du bist doch
421 2390 3063 2611 ein so vorzüglicher Ratgeber, Wahlmann, Du wirst doch wie
418 2590 1634 2808 sen, was da zu tun ist. "
442 2763 3053 2929 "Ich bin der Ansicht, man müsse sich Estrella einmal auf
421 2905 3001 3074 der Bühne ansehen, so unter der Hand Erkundigungen über
418 3046 1951 3215 ste einziehen. Meinst Du nicht?"
428 3181 3074 3409 "Ja aber bald, bald.. ich bitte Euch, tut was Ihr könnt.'
435 3398 3091 3557 "Aber wollt Ihr jetzt nicht einweing spazieren gehen, der
414 3544 2311 3744 Moll scheint heute so hell," meinte Feld.
