3384 4248
763 584 2832 778 dritten. Aber das Unglück schreitet schnell.
730 760 3137 943 Es ham eine Zeit, da sie die Rendez-vous nicht ein
772 925 3087 1117 hielt, die schöne Pauline und immer Ausreden hatte
787 1072 3116 1251 gegenüber den bleichen Moriz. Aber in seiner Bee
793 1233 3060 1419 1o hatte ein fürchterlicher Verdacht Fursel ge-
799 1335 3137 1599 fasst und eines Tages, da er sich wieder im Prater
799 1530 3111 1739 mit ihr ein Rendez-vous gegeben hatte, deuerte er
811 1671 3197 1883 bet threm Hause auf und als ete aus dem Tore heraus
817 1808 3131 2045 trat, folgte er ihr. Und stehe da, sie nahm nicht
823 1958 3090 2176 den Nog zum Prater, sondern — auf dieses sondern
829 2132 3096 2341 wartete der liebende Jüngling mit einer fürchter
838 2305 3093 2473 lichen Spannung. Er folgte ihr. Sie nahm den Weg
838 2395 3176 2670 rum Stadtpark. Dort angelangt verlor sto Mprix aus
841 2560 2982 2814 den Augen. Er suchte und suchte. Nach kurzer
841 2736 2982 2973 Sett sah er in geringer Entfernung einen Mann
847 2904 3161 3108 und Pauline ging an seiner Gette. Sie grüsste den
853 3033 3090 3254 bleichen Morts halt und liess sich nicht stören.
847 3206 3116 3407 Auch er grüsste.... Ist das nicht etwa trawtge
862 3359 3033 3581 Geschichte! Besonders, wenn man bedenkt, dass
2266 3527 2416 3688 a8s
