<?xml version="1.0" encoding="UTF-8" standalone="yes"?>
<PcGts xmlns="http://schema.primaresearch.org/PAGE/gts/pagecontent/2013-07-15" xmlns:xsi="http://www.w3.org/2001/XMLSchema-instance" xsi:schemaLocation="http://schema.primaresearch.org/PAGE/gts/pagecontent/2013-07-15 http://schema.primaresearch.org/PAGE/gts/pagecontent/2013-07-15/pagecontent.xsd">
    <Metadata>
        <Creator>prov=READ-COOP:name=TrHtr:version=2.1.0:model_id=51170:date=14_08_2023_17:56</Creator>
        <Created>2023-05-10T14:32:28.984+02:00</Created>
        <LastChange>2023-08-14T17:56:01.340+02:00</LastChange>
        <TranskribusMetadata docId="1428639" pageId="55422376" pageNr="173" tsid="132819574" status="IN_PROGRESS" userId="64420" imgUrl="https://files.transkribus.eu/Get?id=EYCIZRFWWMACTVZKIDBEEETV&amp;fileType=view" xmlUrl="https://files.transkribus.eu/Get?id=KCILXFVUJAAQTUNTWFYRDHAL" imageId="44696455"/>
    </Metadata>
    <Page imageFilename="1428639_0173.jpg" imageWidth="3432" imageHeight="4328">
        <ReadingOrder>
            <OrderedGroup id="ro_1711818932305" caption="Regions reading order">
                <RegionRefIndexed index="0" regionRef="tr_1"/>
                <RegionRefIndexed index="1" regionRef="tr_2"/>
            </OrderedGroup>
        </ReadingOrder>
        <TextRegion id="tr_1" custom="readingOrder {index:0;}">
            <Coords points="605,421 3119,421 3119,2099 605,2099"/>
            <TextLine id="tr_1_tl_1" custom="readingOrder {index:0;}">
                <Coords points="2283,494 2323,503 2341,494 2345,503 2360,491 2409,482 2434,497 2446,516 2467,516 2480,396 2437,408 2418,402 2391,417 2345,374 2320,368 2314,356 2295,356"/>
                <Baseline points="2301,486 2343,483 2387,477 2432,474 2477,471"/>
                <TextEquiv>
                    <Unicode>269</Unicode>
                </TextEquiv>
            </TextLine>
            <TextLine id="tr_1_tl_2" custom="readingOrder {index:1;}">
                <Coords points="589,872 801,954 1562,921 1743,819 2136,789 2857,829 2888,669 1525,755 598,687"/>
                <Baseline points="605,871 650,865 695,862 740,862 785,859 829,856 874,853 919,853 964,850 1008,847 1053,844 1098,844 1143,841 1187,838 1232,838 1277,835 1322,835 1367,832 1411,829 1456,826 1501,823 1546,823 1590,820 1635,817 1680,814 1725,814 1770,814 1814,811 1859,808 1904,805 1949,805 1993,802 2038,802 2083,799 2128,796 2172,793 2217,790 2262,787 2307,785 2352,785 2396,779 2441,776 2486,776 2531,773 2575,770 2620,770 2665,767 2710,767 2754,764 2799,764 2844,761 2889,764"/>
                <TextEquiv>
                    <Unicode>Herr Kränzlein lacht. Merken Sie sich Frau Fleck,</Unicode>
                </TextEquiv>
            </TextLine>
            <TextLine id="tr_1_tl_3" custom="readingOrder {index:2;}">
                <Coords points="595,1086 2796,945 2869,829 2771,773 2538,881 601,957"/>
                <Baseline points="614,1020 635,1020 680,1017 725,1017 770,1014 814,1011 859,1008 904,1005 949,1002 993,1002 1038,999 1083,996 1128,996 1173,993 1217,993 1262,990 1307,987 1352,987 1396,984 1441,982 1486,982 1531,979 1575,976 1620,976 1665,973 1710,970 1755,970 1799,964 1844,961 1889,961 1934,958 1978,958 2023,955 2068,955 2113,952 2158,949 2202,946 2247,943 2292,940 2337,937 2381,937 2426,934 2471,931 2516,928 2560,928 2605,925 2650,925 2695,919 2740,919 2784,916 2829,916 2874,913"/>
                <TextEquiv>
                    <Unicode>was ich Ihnen hab gesagt,- Sie werden sehen, die</Unicode>
                </TextEquiv>
            </TextLine>
            <TextLine id="tr_1_tl_4" custom="readingOrder {index:3;}">
                <Coords points="608,1212 1108,1237 1277,1169 1399,1203 1534,1139 2210,1108 2216,1037 614,1083"/>
                <Baseline points="629,1170 653,1167 698,1167 743,1164 787,1164 832,1164 877,1158 922,1158 967,1155 1011,1152 1056,1152 1101,1149 1146,1146 1190,1143 1235,1140 1280,1137 1325,1137 1370,1137 1414,1134 1459,1131 1504,1131 1549,1128 1593,1125 1638,1125 1683,1122 1728,1119 1772,1116 1817,1116 1862,1113 1907,1110 1952,1104 1996,1101 2041,1101 2086,1098 2131,1092 2175,1083 2220,1077"/>
                <TextEquiv>
                    <Unicode>zwet werden noch einmal ein Paar!“</Unicode>
                </TextEquiv>
            </TextLine>
            <TextLine id="tr_1_tl_5" custom="readingOrder {index:4;}">
                <Coords points="629,1332 881,1396 2526,1329 2780,1289 2789,1123 988,1261 635,1212"/>
                <Baseline points="647,1307 686,1310 731,1313 776,1313 820,1313 865,1313 910,1310 955,1310 999,1304 1044,1304 1089,1304 1134,1298 1179,1298 1223,1295 1268,1289 1313,1289 1358,1289 1402,1289 1447,1286 1492,1286 1537,1280 1581,1280 1626,1277 1671,1274 1716,1274 1761,1274 1805,1271 1850,1268 1895,1265 1940,1265 1984,1259 2029,1259 2074,1259 2119,1256 2164,1253 2208,1250 2253,1250 2298,1247 2343,1244 2387,1241 2432,1241 2477,1238 2522,1238 2566,1232 2611,1232 2656,1229 2701,1226 2746,1226 2790,1226"/>
                <TextEquiv>
                    <Unicode>„Gnädige Frau,“ unterbrach Josef Kränzlein die</Unicode>
                </TextEquiv>
            </TextLine>
            <TextLine id="tr_1_tl_6" custom="readingOrder {index:5;}">
                <Coords points="626,1510 2952,1467 2961,1301 632,1369"/>
                <Baseline points="644,1474 683,1474 728,1471 773,1471 817,1471 862,1468 907,1468 952,1468 996,1465 1041,1459 1086,1456 1131,1450 1176,1450 1220,1447 1265,1444 1310,1444 1355,1441 1399,1441 1444,1438 1489,1435 1534,1432 1578,1429 1623,1426 1668,1426 1713,1423 1758,1423 1802,1420 1847,1417 1892,1414 1937,1414 1981,1411 2026,1408 2071,1405 2116,1405 2161,1402 2205,1402 2250,1399 2295,1396 2340,1396 2384,1393 2429,1390 2474,1390 2519,1387 2563,1384 2608,1381 2653,1378 2698,1378 2743,1378 2787,1376 2832,1373 2877,1373 2922,1373 2966,1376"/>
                <TextEquiv>
                    <Unicode>Ironie, indem er der Madame Flock die Hand hüsste,</Unicode>
                </TextEquiv>
            </TextLine>
            <TextLine id="tr_1_tl_7" custom="readingOrder {index:6;}">
                <Coords points="638,1651 813,1688 1126,1648 1412,1682 1580,1639 1587,1513 1418,1537 1381,1507 1301,1544 964,1522 868,1574 807,1525 641,1556"/>
                <Baseline points="656,1605 695,1608 740,1614 785,1614 829,1614 874,1614 919,1614 964,1611 1008,1611 1053,1605 1098,1605 1143,1602 1187,1602 1232,1599 1277,1596 1322,1593 1367,1590 1411,1590 1456,1584 1501,1578 1546,1573 1590,1561"/>
                <TextEquiv>
                    <Unicode>"ich empfehle mich!"</Unicode>
                </TextEquiv>
            </TextLine>
            <TextLine id="tr_1_tl_8" custom="readingOrder {index:7;}">
                <Coords points="644,1832 3106,1765 3115,1605 1452,1706 654,1648"/>
                <Baseline points="665,1772 701,1772 746,1772 790,1772 835,1770 880,1770 925,1767 970,1767 1014,1764 1059,1764 1104,1761 1149,1758 1193,1755 1238,1755 1283,1752 1328,1752 1373,1749 1417,1746 1462,1746 1507,1740 1552,1740 1596,1737 1641,1737 1686,1734 1731,1731 1775,1728 1820,1728 1865,1725 1910,1722 1955,1722 1999,1719 2044,1716 2089,1716 2134,1713 2178,1710 2223,1710 2268,1710 2313,1710 2358,1704 2402,1704 2447,1701 2492,1698 2537,1695 2581,1692 2626,1692 2671,1686 2716,1686 2760,1686 2805,1683 2850,1680 2895,1677 2940,1674 2984,1671 3029,1671 3074,1674 3119,1674"/>
                <TextEquiv>
                    <Unicode>"Schön von Ihnen, Herr Kränzlein, dass Sie uns wieder</Unicode>
                </TextEquiv>
            </TextLine>
            <TextLine id="tr_1_tl_9" custom="readingOrder {index:8;}">
                <Coords points="651,1961 2710,1939 2940,1900 2946,1777 657,1838"/>
                <Baseline points="671,1934 710,1934 755,1934 799,1931 844,1928 889,1928 934,1925 979,1922 1023,1916 1068,1916 1113,1913 1158,1910 1202,1907 1247,1907 1292,1907 1337,1907 1381,1904 1426,1901 1471,1898 1516,1895 1561,1898 1605,1895 1650,1898 1695,1889 1740,1889 1784,1886 1829,1883 1874,1883 1919,1877 1964,1877 2008,1874 2053,1871 2098,1871 2143,1868 2187,1865 2232,1865 2277,1862 2322,1859 2366,1856 2411,1856 2456,1853 2501,1853 2546,1850 2590,1847 2635,1847 2680,1841 2725,1838 2769,1835 2814,1835 2859,1832 2904,1829 2949,1820"/>
                <TextEquiv>
                    <Unicode>einmal besucht haben, lassen Sie sich bald wieder</Unicode>
                </TextEquiv>
            </TextLine>
            <TextLine id="tr_1_tl_10" custom="readingOrder {index:9;}">
                <Coords points="644,2148 2565,2105 2983,2056 2989,1943 651,2025"/>
                <Baseline points="665,2089 710,2086 755,2086 799,2083 844,2080 889,2077 934,2077 979,2074 1023,2071 1068,2071 1113,2068 1158,2065 1202,2065 1247,2062 1292,2062 1337,2059 1381,2056 1426,2053 1471,2050 1516,2050 1561,2047 1605,2047 1650,2044 1695,2044 1740,2044 1784,2041 1829,2038 1874,2035 1919,2032 1964,2029 2008,2026 2053,2026 2098,2023 2143,2023 2187,2020 2232,2017 2277,2017 2322,2011 2366,2008 2411,2008 2456,2008 2501,2005 2546,2002 2590,2002 2635,1996 2680,1996 2725,1996 2769,1990 2814,1990 2859,1984 2904,1984 2949,1978 2993,1978"/>
                <TextEquiv>
                    <Unicode>sehen!" Dabei nichte sie freundlich und winkte Ih-</Unicode>
                </TextEquiv>
            </TextLine>
        </TextRegion>
        <TextRegion id="tr_2" custom="readingOrder {index:1;}">
            <Coords points="674,2114 3151,2114 3151,3618 674,3618"/>
            <TextLine id="tr_2_tl_1" custom="readingOrder {index:0;}">
                <Coords points="657,2295 954,2317 1513,2213 2121,2259 2473,2185 2476,2117 2274,2074 663,2163"/>
                <Baseline points="674,2244 689,2241 734,2238 779,2238 823,2238 868,2235 913,2232 958,2229 1002,2229 1047,2229 1092,2223 1137,2223 1181,2223 1226,2220 1271,2217 1316,2217 1361,2214 1405,2214 1450,2211 1495,2208 1540,2208 1584,2205 1629,2205 1674,2199 1719,2199 1764,2196 1808,2193 1853,2193 1898,2190 1943,2187 1987,2184 2032,2181 2077,2181 2122,2178 2166,2175 2211,2175 2256,2172 2301,2169 2346,2169 2390,2166 2435,2164 2480,2164"/>
                <TextEquiv>
                    <Unicode>rer Tochter, Josef hinaus zu begletten.</Unicode>
                </TextEquiv>
            </TextLine>
            <TextLine id="tr_2_tl_2" custom="readingOrder {index:1;}">
                <Coords points="657,2418 2829,2375 2885,2191 1915,2298 663,2295"/>
                <Baseline points="677,2396 692,2396 737,2393 782,2390 826,2387 871,2384 916,2381 961,2381 1005,2378 1050,2375 1095,2372 1140,2372 1184,2372 1229,2372 1274,2372 1319,2366 1364,2363 1408,2363 1453,2360 1498,2360 1543,2358 1587,2355 1632,2352 1677,2352 1722,2349 1767,2346 1811,2343 1856,2343 1901,2343 1946,2340 1990,2337 2035,2334 2080,2331 2125,2328 2169,2328 2214,2325 2259,2325 2304,2319 2349,2319 2393,2316 2438,2316 2483,2313 2528,2310 2572,2307 2617,2307 2662,2304 2707,2301 2752,2298 2796,2298 2841,2295 2886,2295"/>
                <TextEquiv>
                    <Unicode>Im Vorzimmer flacherte ein Lampenlicht matt hin</Unicode>
                </TextEquiv>
            </TextLine>
            <TextLine id="tr_2_tl_3" custom="readingOrder {index:2;}">
                <Coords points="660,2605 2510,2547 2768,2489 2771,2391 663,2504"/>
                <Baseline points="677,2546 719,2543 764,2543 808,2540 853,2540 898,2537 943,2537 987,2537 1032,2534 1077,2531 1122,2528 1167,2528 1211,2525 1256,2525 1301,2525 1346,2522 1390,2519 1435,2513 1480,2513 1525,2510 1570,2507 1614,2507 1659,2504 1704,2501 1749,2501 1793,2501 1838,2495 1883,2495 1928,2492 1972,2489 2017,2489 2062,2486 2107,2486 2152,2483 2196,2480 2241,2480 2286,2477 2331,2474 2375,2471 2420,2471 2465,2468 2510,2468 2555,2462 2599,2459 2644,2456 2689,2456 2734,2453 2778,2450"/>
                <TextEquiv>
                    <Unicode>und her; Josef reichte der Freundin die Hand</Unicode>
                </TextEquiv>
            </TextLine>
            <TextLine id="tr_2_tl_4" custom="readingOrder {index:3;}">
                <Coords points="684,2722 813,2756 1120,2722 1181,2762 1264,2713 1381,2734 1488,2688 1494,2590 927,2636 798,2593 687,2615"/>
                <Baseline points="701,2692 737,2692 782,2689 826,2689 871,2689 916,2686 961,2686 1005,2683 1050,2680 1095,2680 1140,2677 1184,2674 1229,2674 1274,2674 1319,2671 1364,2665 1408,2659 1453,2644 1498,2641"/>
                <TextEquiv>
                    <Unicode>"Leben Sie wohl!"</Unicode>
                </TextEquiv>
            </TextLine>
            <TextLine id="tr_2_tl_5" custom="readingOrder {index:4;}">
                <Coords points="690,2882 862,2925 1013,2888 1083,2903 1117,2875 1289,2888 1359,2854 1488,2875 1494,2747 1421,2731 1160,2765 1111,2731 948,2762 902,2737 801,2765 700,2743"/>
                <Baseline points="710,2841 734,2841 779,2841 823,2838 868,2838 913,2838 958,2835 1002,2832 1047,2829 1092,2829 1137,2826 1181,2826 1226,2820 1271,2817 1316,2817 1361,2814 1405,2811 1450,2799 1495,2793"/>
                <TextEquiv>
                    <Unicode>"Leben Sie wohl!"</Unicode>
                </TextEquiv>
            </TextLine>
            <TextLine id="tr_2_tl_6" custom="readingOrder {index:5;}">
                <Coords points="666,3050 2986,2961 3038,2839 1129,2931 675,2878"/>
                <Baseline points="686,2999 716,2996 761,2996 805,2993 850,2993 895,2987 940,2984 984,2984 1029,2981 1074,2981 1119,2978 1164,2975 1208,2975 1253,2975 1298,2972 1343,2969 1387,2966 1432,2969 1477,2963 1522,2960 1567,2957 1611,2957 1656,2954 1701,2954 1746,2951 1790,2949 1835,2946 1880,2943 1925,2943 1969,2940 2014,2940 2059,2937 2104,2934 2149,2931 2193,2931 2238,2928 2283,2928 2328,2925 2372,2922 2417,2922 2462,2922 2507,2919 2552,2916 2596,2913 2641,2910 2686,2907 2731,2904 2775,2904 2820,2901 2865,2898 2910,2901 2954,2898 2999,2898 3044,2901"/>
                <TextEquiv>
                    <Unicode>Der Knabe öffnete die Türe und lief rasch die Trep¬</Unicode>
                </TextEquiv>
            </TextLine>
            <TextLine id="tr_2_tl_7" custom="readingOrder {index:6;}">
                <Coords points="675,3182 2826,3136 2894,3121 2903,2931 678,3069"/>
                <Baseline points="692,3157 713,3154 758,3148 802,3146 847,3143 892,3140 937,3137 982,3134 1026,3134 1071,3131 1116,3131 1161,3131 1205,3131 1250,3128 1295,3125 1340,3122 1384,3122 1429,3116 1474,3116 1519,3113 1564,3110 1608,3107 1653,3104 1698,3101 1743,3101 1787,3098 1832,3098 1877,3095 1922,3092 1967,3089 2011,3089 2056,3089 2101,3083 2146,3083 2190,3080 2235,3080 2280,3077 2325,3077 2369,3074 2414,3071 2459,3068 2504,3065 2549,3065 2593,3062 2638,3062 2683,3059 2728,3056 2772,3053 2817,3053 2862,3047 2907,3044"/>
                <TextEquiv>
                    <Unicode>pe hinunter, während Fannt wieder zuschloss und</Unicode>
                </TextEquiv>
            </TextLine>
            <TextLine id="tr_2_tl_8" custom="readingOrder {index:7;}">
                <Coords points="697,3342 2541,3327 3142,3262 3145,3130 700,3225"/>
                <Baseline points="713,3304 734,3304 779,3298 823,3295 868,3292 913,3292 958,3289 1002,3286 1047,3283 1092,3283 1137,3283 1181,3280 1226,3280 1271,3280 1316,3283 1361,3277 1405,3274 1450,3271 1495,3268 1540,3265 1584,3265 1629,3262 1674,3262 1719,3259 1764,3256 1808,3256 1853,3253 1898,3250 1943,3250 1987,3247 2032,3244 2077,3244 2122,3244 2166,3238 2211,3238 2256,3235 2301,3232 2346,3232 2390,3229 2435,3226 2480,3223 2525,3223 2569,3220 2614,3217 2659,3217 2704,3214 2749,3214 2793,3214 2838,3211 2883,3208 2928,3205 2972,3202 3017,3202 3062,3202 3107,3205 3151,3202"/>
                <TextEquiv>
                    <Unicode>im Geiste Vergleiche anstellte zwischen Josef Kränk-</Unicode>
                </TextEquiv>
            </TextLine>
            <TextLine id="tr_2_tl_9" custom="readingOrder {index:8;}">
                <Coords points="690,3508 2145,3492 2615,3388 2802,3455 3044,3369 3047,3280 697,3373"/>
                <Baseline points="710,3462 725,3459 770,3456 814,3453 859,3453 904,3450 949,3447 993,3444 1038,3441 1083,3441 1128,3438 1173,3438 1217,3435 1262,3432 1307,3432 1352,3429 1396,3426 1441,3423 1486,3423 1531,3420 1575,3417 1620,3414 1665,3414 1710,3414 1755,3411 1799,3408 1844,3408 1889,3405 1934,3405 1978,3402 2023,3402 2068,3396 2113,3393 2158,3393 2202,3390 2247,3387 2292,3387 2337,3384 2381,3381 2426,3381 2471,3378 2516,3375 2560,3372 2605,3372 2650,3372 2695,3369 2740,3369 2784,3366 2829,3363 2874,3363 2919,3360 2963,3357 3008,3354 3053,3351"/>
                <TextEquiv>
                    <Unicode>lein mitzdenxsterstehrhauter und Arthur Falke, mit</Unicode>
                </TextEquiv>
            </TextLine>
            <TextLine id="tr_2_tl_10" custom="readingOrder {index:9;}">
                <Coords points="700,3692 1906,3630 2179,3692 2952,3594 2955,3462 703,3551"/>
                <Baseline points="719,3608 725,3605 770,3605 814,3605 859,3605 904,3605 949,3602 993,3602 1038,3596 1083,3596 1128,3596 1173,3593 1217,3590 1262,3590 1307,3590 1352,3584 1396,3584 1441,3581 1486,3578 1531,3578 1575,3575 1620,3572 1665,3572 1710,3569 1755,3569 1799,3566 1844,3563 1889,3563 1934,3560 1978,3557 2023,3557 2068,3554 2113,3554 2158,3551 2202,3551 2247,3548 2292,3545 2337,3542 2381,3540 2426,3540 2471,3537 2516,3534 2560,3534 2605,3531 2650,3528 2695,3528 2740,3525 2784,3525 2829,3519 2874,3516 2919,3513 2963,3510"/>
                <TextEquiv>
                    <Unicode>dem sie sich heute bis nach sieben Uhr im Volks-</Unicode>
                </TextEquiv>
            </TextLine>
        </TextRegion>
    </Page>
</PcGts>
