3384 4264
2439 470 2771 696 83
641 739 2635 976 wähnt, war der Brief reizend geschrieben.
2667 843 2800 958 G.H.F.P.
661 950 2831 1137 “Doch genug mit dem Blödstnn. Set herzlich ge
661 1129 2904 1296 grüsst und ### von Deiner Dich herzlich und
661 1253 1787 1475 evig liebenden Freundin,
1440 1408 2263 1599 Fannig (reizend!)
652 1587 2866 1723 Man hann sich die Gefühle Falkes denken, als er
670 1686 2872 1873 diesen liebevollen Brief gelesen, besonders als
675 1850 2950 2035 er zur Stelle gekommen war, wo das "geküsst" aus
678 2055 2840 2205 gestrichen und mit einem Fragezeichen versehen
672 2144 2930 2344 war und wo sie sich seine ihn "herzlich und ewig
675 2355 2240 2497 liebende Freundin" genannt hatte.
690 2448 3010 2650 "Also Falke Sie søheinen mal sehr erfreut zu sein,
687 2641 2794 2797 durch den Brief. Sachen Sie das Wort, welches
675 2762 2528 2947 Löwy nicht übersetzen konnte."
678 2956 2990 3088 Falle hatte keine Ahnung, dass Löwy geprüft wur -
690 3057 2756 3256 de, geschwetge denn von dem verhängnisvolle
698 3256 1919 3403 Worte. Er schwieg deshalb.
716 3388 2785 3588 "Also wollen Se mal, das, was wir heute über
707 3582 1712 3761 setzen, abschreiben.“
