3320 4040
2346 363 2526 475 421
560 660 2777 881 wien zu. Arthur, der plötzlich einen Anfall von
575 816 2865 1043 schlechter Laune bekommen hatte, zog seine Stirne
581 982 2950 1208 in die düstersten Falten und sah missmutig vor sich
575 1150 1677 1353 hin. Plötzlich rief er:
595 1309 2788 1512 "Schneller, Kutscher, schneller, tst Er denn da
592 1483 1544 1651 oben eingeschlafen?"
601 1598 2835 1801 „Mir scheint, der junge Herr will mich sekteren,
592 1783 1562 1993 äusserte der andere.
619 1895 2293 2122 "Schweigen und wetterfahren. Basta!"
595 1995 2830 2249 Endlich waren beide zu Hause angekommen Der Kut-
607 2255 1188 2405 scher sagte:
634 2376 2847 2541 "Jetzt muss ich den jungen Herrn die Treppe hin¬
613 2488 2980 2682 aufführen, wie es mir der Herr Kanzleirat befohlen"
628 2679 2909 2891 Bleib Er lieber bei den Pferden, lieber Freund!"
628 2812 2594 3045 "Ne, ne, ich muss meinem Herrn gehorchen.“
616 3004 2809 3163 Arthur ergab sich restyniert in sein Schicksal.
625 3133 2962 3316 Oben angelangt aber, dachte er Rache zu nehmen und
631 3328 984 3487 sprach:
646 3422 2853 3643 „A propos, Kutscher, morgen müssen sie schon um
