3432 4264
3007 518 3102 629 2
1255 690 1982 808 Erstes Kapitel.
1813 849 2642 937 Die alten Herren.
565 1133 3288 1397 Erzählt von der Entstehung eines unendlich moralischen Ver¬
582 1333 822 1424 eins.
1448 1454 3122 1559 Darf ichs der keuschen Sonne nennen
2889 1542 3193 1634 scham.
1448 1634 3230 1715 Und mich vernichtet nicht die Schmack.
2611 1766 3051 1871 Schiller.
572 2229 3166 2337 Während draussen ein milder Märzabend sich auf die Erde
589 2385 3092 2490 herniederliess, sassen in einem sonst wenig besuchten
589 2550 3244 2645 Gasthof der innern Stadt Wien einige nicht mehr ganz jun¬
595 2709 3095 2807 ge Herren und unterhielten sich auf ziemlich lebhafte
585 2858 1482 2946 Weise mit einander.
626 2997 3234 3095 "Ganz me tne Meinung, Herr Kanzleirat, ganz meine Menung!
599 3149 3207 3254 sagte ein kleiner untersetzter Mann, der wohl schon über
595 3335 3196 3410 die fünfzig hinaus sein musste und nach den eben erwähn
1093 3413 1255 3514 met
595 3460 3213 3569 ten Worten bewundernswerter Eilfertigkeit, ein Glas Bier
592 3640 3227 3744 hinunter stürzte. "Ganz meine Meinung", fuhr er fort, da
484 4066 1160 4174 — Votre fait étaté estime
