<?xml version="1.0" encoding="UTF-8" standalone="yes"?>
<PcGts xmlns="http://schema.primaresearch.org/PAGE/gts/pagecontent/2013-07-15" xmlns:xsi="http://www.w3.org/2001/XMLSchema-instance" xsi:schemaLocation="http://schema.primaresearch.org/PAGE/gts/pagecontent/2013-07-15 http://schema.primaresearch.org/PAGE/gts/pagecontent/2013-07-15/pagecontent.xsd">
    <Metadata>
        <Creator>prov=READ-COOP:name=TrHtr:version=2.1.0:model_id=51170:date=14_08_2023_17:55</Creator>
        <Created>2023-05-10T14:32:11.941+02:00</Created>
        <LastChange>2023-08-14T17:55:31.968+02:00</LastChange>
        <TranskribusMetadata docId="1428639" pageId="55421574" pageNr="70" tsid="132819450" status="IN_PROGRESS" userId="64420" imgUrl="https://files.transkribus.eu/Get?id=BOKEYFIXQIPLOZZBHUOKBIRM&amp;fileType=view" xmlUrl="https://files.transkribus.eu/Get?id=VILYWGSBFSIEYHOYZIMFUMYI" imageId="44695656"/>
    </Metadata>
    <Page imageFilename="1428639_0070.jpg" imageWidth="3416" imageHeight="4216">
        <ReadingOrder>
            <OrderedGroup id="ro_1711818735410" caption="Regions reading order">
                <RegionRefIndexed index="0" regionRef="tr_1"/>
                <RegionRefIndexed index="1" regionRef="tr_2"/>
            </OrderedGroup>
        </ReadingOrder>
        <TextRegion id="tr_1" custom="readingOrder {index:0;}">
            <Coords points="468,430 2976,430 2976,2362 468,2362"/>
            <TextLine id="tr_1_tl_1" custom="readingOrder {index:0;}">
                <Coords points="2686,531 2700,531 2730,502 2735,508 2768,505 2794,522 2809,522 2803,335 2774,329 2765,338 2750,326 2730,340 2680,349"/>
                <Baseline points="2702,480 2746,480 2791,480 2815,486"/>
                <TextEquiv>
                    <Unicode>67.</Unicode>
                </TextEquiv>
            </TextLine>
            <TextLine id="tr_1_tl_2" custom="readingOrder {index:1;}">
                <Coords points="449,734 490,745 505,760 555,751 616,766 625,511 575,511 561,525 531,519 517,528 502,519 475,537 455,537"/>
                <Baseline points="468,680 513,683 558,674 603,677 627,680"/>
                <TextEquiv>
                    <Unicode>77</Unicode>
                </TextEquiv>
            </TextLine>
            <TextLine id="tr_1_tl_3" custom="readingOrder {index:2;}">
                <Coords points="1092,836 1224,875 1306,825 1359,854 1426,825 1500,857 1544,825 1858,816 1861,652 1840,646 1655,675 1579,655 1523,690 1318,652 1168,678 1098,657"/>
                <Baseline points="1107,827 1149,827 1194,827 1239,827 1283,827 1328,824 1373,821 1418,821 1463,821 1507,821 1552,818 1597,818 1642,815 1686,815 1731,812 1776,809 1821,809 1866,812"/>
                <TextEquiv>
                    <Unicode>Fünftes Kapitel.</Unicode>
                </TextEquiv>
            </TextLine>
            <TextLine id="tr_1_tl_4" custom="readingOrder {index:3;}">
                <Coords points="1183,1013 1277,1024 1382,986 1432,1024 1526,1021 1556,998 1679,1021 1682,836 1544,828 1456,863 1394,836 1318,878 1183,880"/>
                <Baseline points="1200,991 1245,988 1289,988 1334,985 1379,985 1424,985 1469,982 1513,982 1558,985 1603,988 1648,985 1684,991"/>
                <TextEquiv>
                    <Unicode>Der Brief.</Unicode>
                </TextEquiv>
            </TextLine>
            <TextLine id="tr_1_tl_5" custom="readingOrder {index:4;}">
                <Coords points="681,1335 2771,1288 2777,1080 684,1192"/>
                <Baseline points="698,1313 719,1310 764,1304 809,1301 853,1304 898,1301 943,1298 988,1298 1033,1301 1077,1301 1122,1298 1167,1295 1212,1295 1257,1292 1301,1292 1346,1292 1391,1289 1436,1289 1480,1286 1525,1286 1570,1283 1615,1283 1660,1283 1704,1283 1749,1283 1794,1283 1839,1283 1884,1280 1928,1280 1973,1280 2018,1277 2063,1274 2108,1274 2152,1274 2197,1274 2242,1271 2287,1271 2331,1271 2376,1268 2421,1265 2466,1265 2511,1263 2555,1263 2600,1263 2645,1260 2690,1260 2735,1257 2779,1260"/>
                <TextEquiv>
                    <Unicode>Der Verfasser tritt in diesem Kapitel in die</Unicode>
                </TextEquiv>
            </TextLine>
            <TextLine id="tr_1_tl_6" custom="readingOrder {index:5;}">
                <Coords points="684,1465 2521,1453 2859,1412 2862,1335 687,1341"/>
                <Baseline points="701,1463 719,1457 764,1454 809,1454 853,1454 898,1451 943,1451 988,1451 1033,1454 1077,1454 1122,1451 1167,1448 1212,1445 1257,1445 1301,1442 1346,1442 1391,1442 1436,1439 1480,1439 1525,1439 1570,1439 1615,1436 1660,1436 1704,1436 1749,1436 1794,1433 1839,1430 1884,1430 1928,1430 1973,1430 2018,1430 2063,1427 2108,1427 2152,1424 2197,1424 2242,1424 2287,1421 2331,1418 2376,1418 2421,1415 2466,1415 2511,1415 2555,1415 2600,1412 2645,1412 2690,1409 2735,1409 2779,1406 2824,1397 2869,1397"/>
                <TextEquiv>
                    <Unicode>Fussstapfen Ernst Ecksteins, was er der Wahr —</Unicode>
                </TextEquiv>
            </TextLine>
            <TextLine id="tr_1_tl_7" custom="readingOrder {index:6;}">
                <Coords points="690,1635 2844,1591 2865,1509 2066,1541 1603,1438 693,1509"/>
                <Baseline points="707,1612 722,1612 767,1612 812,1612 856,1609 901,1609 946,1609 991,1606 1036,1606 1080,1606 1125,1603 1170,1600 1215,1597 1260,1597 1304,1597 1349,1594 1394,1594 1439,1591 1483,1594 1528,1594 1573,1594 1618,1591 1663,1591 1707,1588 1752,1588 1797,1585 1842,1585 1887,1585 1931,1585 1976,1582 2021,1582 2066,1582 2110,1579 2155,1579 2200,1579 2245,1579 2290,1573 2334,1573 2379,1573 2424,1573 2469,1573 2514,1570 2558,1567 2603,1570 2648,1567 2693,1564 2738,1561 2782,1561 2827,1561 2872,1561"/>
                <TextEquiv>
                    <Unicode>haftigkeit dieser Geschichte zu Liebe tun muss</Unicode>
                </TextEquiv>
            </TextLine>
            <TextLine id="tr_1_tl_8" custom="readingOrder {index:7;}">
                <Coords points="701,1790 2480,1729 2688,1802 2961,1749 2964,1641 704,1626"/>
                <Baseline points="719,1761 734,1761 779,1761 824,1761 868,1761 913,1764 958,1758 1003,1755 1048,1755 1092,1755 1137,1752 1182,1752 1227,1752 1271,1755 1316,1752 1361,1752 1406,1749 1451,1749 1495,1749 1540,1746 1585,1743 1630,1743 1675,1740 1719,1740 1764,1740 1809,1737 1854,1740 1898,1737 1943,1734 1988,1734 2033,1731 2078,1731 2122,1728 2167,1728 2212,1725 2257,1725 2302,1725 2346,1725 2391,1722 2436,1722 2481,1719 2526,1719 2570,1719 2615,1719 2660,1719 2705,1713 2749,1713 2794,1713 2839,1710 2884,1710 2929,1707 2973,1707"/>
                <TextEquiv>
                    <Unicode>und gleich offen gesteht, um allen Verwürfen aus</Unicode>
                </TextEquiv>
            </TextLine>
            <TextLine id="tr_1_tl_9" custom="readingOrder {index:8;}">
                <Coords points="696,1946 822,1925 907,1955 1054,1917 1162,1937 1197,1922 1200,1767 1115,1773 1068,1805 1027,1787 963,1811 925,1793 889,1814 699,1799"/>
                <Baseline points="713,1919 758,1916 803,1916 847,1916 892,1916 937,1916 982,1913 1027,1913 1071,1910 1116,1907 1161,1910 1206,1913"/>
                <TextEquiv>
                    <Unicode>zuweichen.</Unicode>
                </TextEquiv>
            </TextLine>
            <TextLine id="tr_1_tl_10" custom="readingOrder {index:9;}">
                <Coords points="2201,2145 2225,2148 2231,2143 2242,2151 2266,2145 2272,2151 2286,2148 2319,2157 2319,1990 2248,2002 2236,1996 2201,2002"/>
                <Baseline points="2218,2108 2263,2108 2308,2108 2325,2108"/>
                <TextEquiv>
                    <Unicode>G.F.P.</Unicode>
                </TextEquiv>
            </TextLine>
            <TextLine id="tr_1_tl_11" custom="readingOrder {index:10;}">
                <Coords points="1635,2418 1782,2354 2145,2398 2369,2339 2606,2395 2683,2354 2970,2392 2973,2213 2821,2275 1638,2292"/>
                <Baseline points="1654,2352 1678,2352 1722,2349 1767,2349 1812,2349 1857,2349 1901,2349 1946,2349 1991,2349 2036,2343 2081,2343 2125,2343 2170,2340 2215,2337 2260,2337 2305,2337 2349,2337 2394,2337 2439,2337 2484,2334 2529,2334 2573,2334 2618,2334 2663,2331 2708,2331 2752,2328 2797,2325 2842,2325 2887,2322 2932,2322 2976,2325"/>
                <TextEquiv>
                    <Unicode>In den gothischen Hallen des</Unicode>
                </TextEquiv>
            </TextLine>
        </TextRegion>
        <TextRegion id="tr_2" custom="readingOrder {index:1;}">
            <Coords points="725,2422 3084,2422 3084,3619 725,3619"/>
            <TextLine id="tr_2_tl_1" custom="readingOrder {index:0;}">
                <Coords points="716,2548 2844,2545 2847,2433 719,2416"/>
                <Baseline points="731,2531 746,2531 791,2531 836,2531 880,2529 925,2529 970,2526 1015,2523 1059,2523 1104,2523 1149,2523 1194,2523 1239,2523 1283,2523 1328,2523 1373,2520 1418,2520 1463,2517 1507,2514 1552,2514 1597,2511 1642,2511 1686,2511 1731,2508 1776,2505 1821,2505 1866,2505 1910,2502 1955,2502 2000,2502 2045,2499 2090,2499 2134,2496 2179,2499 2224,2496 2269,2496 2314,2496 2358,2493 2403,2493 2448,2493 2493,2493 2537,2490 2582,2487 2627,2487 2672,2487 2717,2484 2761,2481 2806,2478 2851,2472"/>
                <TextEquiv>
                    <Unicode>akademischen Gymnastums zu Wien begann es le</Unicode>
                </TextEquiv>
            </TextLine>
            <TextLine id="tr_2_tl_2" custom="readingOrder {index:1;}">
                <Coords points="707,2712 2709,2671 2903,2636 2906,2565 710,2595"/>
                <Baseline points="725,2690 761,2687 806,2684 850,2684 895,2684 940,2684 985,2684 1030,2684 1074,2681 1119,2678 1164,2678 1209,2672 1254,2672 1298,2672 1343,2669 1388,2672 1433,2669 1477,2669 1522,2666 1567,2666 1612,2666 1657,2663 1701,2666 1746,2660 1791,2660 1836,2660 1881,2660 1925,2660 1970,2654 2015,2657 2060,2654 2105,2654 2149,2654 2194,2654 2239,2651 2284,2648 2328,2648 2373,2648 2418,2648 2463,2645 2508,2642 2552,2642 2597,2642 2642,2639 2687,2636 2732,2636 2776,2636 2821,2633 2866,2630 2911,2627"/>
                <TextEquiv>
                    <Unicode>bendig zu werden und die ersten Strahlen der A</Unicode>
                </TextEquiv>
            </TextLine>
            <TextLine id="tr_2_tl_3" custom="readingOrder {index:2;}">
                <Coords points="710,2865 2870,2835 2988,2803 2991,2674 2565,2768 1057,2782 716,2715"/>
                <Baseline points="725,2851 755,2851 800,2845 844,2839 889,2839 934,2839 979,2839 1024,2836 1068,2836 1113,2833 1158,2833 1203,2830 1248,2830 1292,2830 1337,2827 1382,2827 1427,2827 1472,2827 1516,2824 1561,2821 1606,2821 1651,2821 1695,2821 1740,2818 1785,2815 1830,2815 1875,2815 1919,2812 1964,2812 2009,2812 2054,2812 2099,2809 2143,2809 2188,2809 2233,2806 2278,2806 2322,2803 2367,2803 2412,2803 2457,2800 2502,2800 2546,2800 2591,2800 2636,2797 2681,2797 2726,2794 2770,2791 2815,2791 2860,2791 2905,2788 2950,2785 2994,2788"/>
                <TextEquiv>
                    <Unicode>prilmorgensenne fielen durch die hohen, farbigen</Unicode>
                </TextEquiv>
            </TextLine>
            <TextLine id="tr_2_tl_4" custom="readingOrder {index:3;}">
                <Coords points="710,3005 2762,2967 2961,2935 2964,2870 1811,2850 1268,2926 1136,2853 713,2865"/>
                <Baseline points="725,2991 734,2991 779,2988 824,2988 868,2988 913,2985 958,2985 1003,2982 1048,2982 1092,2982 1137,2979 1182,2976 1227,2976 1271,2973 1316,2976 1361,2973 1406,2973 1451,2973 1495,2973 1540,2973 1585,2970 1630,2970 1675,2970 1719,2970 1764,2970 1809,2964 1854,2964 1898,2964 1943,2964 1988,2958 2033,2958 2078,2958 2122,2958 2167,2955 2212,2955 2257,2955 2302,2952 2346,2952 2391,2952 2436,2950 2481,2950 2526,2950 2570,2950 2615,2947 2660,2944 2705,2944 2749,2941 2794,2941 2839,2938 2884,2935 2929,2932 2973,2932"/>
                <TextEquiv>
                    <Unicode>Fenster über die Stiegen; Studenten mit Schultz</Unicode>
                </TextEquiv>
            </TextLine>
            <TextLine id="tr_2_tl_5" custom="readingOrder {index:4;}">
                <Coords points="722,3167 3000,3117 3079,3020 725,3017"/>
                <Baseline points="737,3150 755,3144 800,3144 844,3141 889,3141 934,3141 979,3141 1024,3138 1068,3138 1113,3138 1158,3135 1203,3135 1248,3132 1292,3132 1337,3132 1382,3129 1427,3129 1472,3126 1516,3126 1561,3126 1606,3126 1651,3126 1695,3126 1740,3123 1785,3120 1830,3117 1875,3117 1919,3117 1964,3114 2009,3114 2054,3114 2099,3114 2143,3111 2188,3108 2233,3108 2278,3108 2322,3108 2367,3105 2412,3108 2457,3105 2502,3105 2546,3102 2591,3102 2636,3099 2681,3099 2726,3099 2770,3096 2815,3096 2860,3093 2905,3093 2950,3090 2994,3087 3039,3084 3084,3081"/>
                <TextEquiv>
                    <Unicode>schen am Rücken, dte grössern mit denselben in der</Unicode>
                </TextEquiv>
            </TextLine>
            <TextLine id="tr_2_tl_6" custom="readingOrder {index:5;}">
                <Coords points="713,3305 2600,3284 2976,3255 3005,3176 2278,3211 2110,3111 716,3211"/>
                <Baseline points="728,3302 773,3299 818,3296 862,3296 907,3293 952,3293 997,3299 1042,3293 1086,3290 1131,3290 1176,3287 1221,3284 1265,3284 1310,3284 1355,3284 1400,3281 1445,3281 1489,3278 1534,3278 1579,3275 1624,3275 1669,3275 1713,3272 1758,3272 1803,3272 1848,3269 1893,3269 1937,3266 1982,3263 2027,3263 2072,3263 2116,3260 2161,3260 2206,3260 2251,3257 2296,3257 2340,3257 2385,3254 2430,3254 2475,3254 2520,3254 2564,3251 2609,3248 2654,3245 2699,3242 2743,3239 2788,3239 2833,3236 2878,3233 2923,3230 2967,3227 3012,3227"/>
                <TextEquiv>
                    <Unicode>Hand, gingen tells mit Büchern herum, um die Leh</Unicode>
                </TextEquiv>
            </TextLine>
            <TextLine id="tr_2_tl_7" custom="readingOrder {index:6;}">
                <Coords points="728,3481 3041,3425 3017,3319 2492,3358 2374,3270 731,3311"/>
                <Baseline points="743,3457 764,3454 809,3451 853,3451 898,3448 943,3448 988,3448 1033,3448 1077,3445 1122,3442 1167,3445 1212,3442 1257,3439 1301,3439 1346,3436 1391,3436 1436,3433 1480,3430 1525,3430 1570,3430 1615,3430 1660,3427 1704,3427 1749,3424 1794,3424 1839,3424 1884,3421 1928,3421 1973,3421 2018,3418 2063,3418 2108,3418 2152,3418 2197,3415 2242,3415 2287,3415 2331,3412 2376,3412 2421,3412 2466,3412 2511,3412 2555,3412 2600,3409 2645,3406 2690,3406 2735,3403 2779,3403 2824,3403 2869,3400 2914,3397 2958,3397 3003,3394 3048,3394"/>
                <TextEquiv>
                    <Unicode>tion noch ein letztesmals durchzusehen, oder stoh</Unicode>
                </TextEquiv>
            </TextLine>
            <TextLine id="tr_2_tl_8" custom="readingOrder {index:7;}">
                <Coords points="725,3634 1591,3692 2028,3607 2310,3642 2495,3560 2894,3607 2938,3516 2242,3510 2116,3440 731,3487"/>
                <Baseline points="743,3609 746,3606 791,3603 836,3603 880,3600 925,3600 970,3600 1015,3600 1059,3597 1104,3597 1149,3594 1194,3597 1239,3594 1283,3591 1328,3588 1373,3588 1418,3588 1463,3585 1507,3585 1552,3583 1597,3583 1642,3580 1686,3577 1731,3574 1776,3571 1821,3571 1866,3571 1910,3568 1955,3565 2000,3565 2045,3565 2090,3565 2134,3562 2179,3562 2224,3562 2269,3562 2314,3559 2358,3559 2403,3556 2448,3556 2493,3556 2537,3556 2582,3553 2627,3550 2672,3550 2717,3550 2761,3550 2806,3547 2851,3550 2896,3550 2941,3562"/>
                <TextEquiv>
                    <Unicode>überhaupt jetzt erst mit ihr bekannt zu machen,</Unicode>
                </TextEquiv>
            </TextLine>
        </TextRegion>
    </Page>
</PcGts>
