3416 4344
2584 479 2776 659 262
710 795 1951 1011 stehe Ihnen nicht im Wege.
715 961 2992 1106 "Doch das sähe fast so aus, als hätte ich Furcht,
715 1106 2924 1304 dass Sie mir wirklich Liebe einflössen könnten.
701 1262 1842 1490 Begleiten Sie mich nur.“
724 1440 2909 1614 "Nein, nachdem, was ich eben gehört habe, kei -
707 1576 2903 1806 neswegs. Keiner soll einen Vorzug haben. Hehen
710 1789 1301 1936 Sie allein."
727 1907 2140 2090 "Wenn ich Sie nun aber bäte?"
710 2084 2238 2247 “Bitten Sie mich wirklicht!“
748 2223 2803 2383 "Ich flehe Sie an," erwiderte sie scherzend.
736 2389 3033 2525 "Mein Fräulein jetzt fehlt nur noch, dass Sie vor
724 2528 2921 2658 mir niederknten; und dazu ist es heute noch zu
721 2717 1011 2882 früh.“
724 2814 3101 3015 Er bot ihr den Arm an, den sie nahm und führte sie
730 2989 2061 3222 rasch aus dem dunkeln Saale.
2516 3172 2616 3338 P.S
1904 3190 2427 3379 e ebe: dte
1321 3456 2507 3692 ......................... 1.6.40
