3496 4328
2688 485 2868 653 106
1062 962 1929 1191 Siebentes Kapitel.
379 1100 535 1274 16/7
924 1129 2059 1347 Eine stürmische Sitzung.
1212 1862 3032 2082 Da finden wir sie alle wieder zusammen
726 2027 2941 2241 und mit Freuden sehen wir, dass sich der Verein
726 2224 2888 2400 "Pudtoitta" sogar zusehens vergrössert hat. Es
729 2347 3085 2550 sind wohl ihrer zwanzig, da da um den Tisch herum-
724 2500 3024 2712 sitzen und eifrig, wenn auch nicht allzulau t mit
724 2688 1718 2841 einander disputieren.
718 2794 2985 3021 Jetzt aber stand der hagere Kanzletrat Falke auf
724 2932 3091 3185 und klingelte. Mit einemmale wurde es voll
741 3150 1403 3335 ständig sttll.
741 3209 2894 3474 "Die Sitzung ist eröffnet," rief derPräsident.
744 3391 2979 3641 "Professor Jakob Mager" fuhr er fort, "hat stch
735 3559 3097 3774 zur Vorlesung einer Arbeit gemeldet, welche fol -
