3512 4344
2289 426 2464 623 303
632 670 2983 974 Er kehrte sich um, während Fritz achselzuckend aus
638 1004 1398 1153 dem Zimmer ging.
638 1091 2876 1261 Dern Kanzletrat war wieder zum Fenster getreten.
659 1228 2941 1386 "Oh, dass einem diese Jungen sobald über den Kopf
644 1418 2926 1564 Wachsen!" Er blickte ein paar Augenblicke mit zu¬
653 1535 3049 1711 sammengebissenen Lippen hinaus. Dann setzte er sich
653 1684 3001 1895 wieder zum Schreibtisch und fing an, mit der Feder
668 1857 2962 2068 drauf los zu etfern.- "Diese Jugend- diese Ballet-
665 2023 1034 2208 ousen—"
665 2163 2000 2372 Was es ihm wohl genützt hat?
1326 2491 1573 2634 G.H.F.P.
1204 2613 2283 2819 * * * *.. * *
1192 2822 1448 2980 G.H.P.
1433 2959 1791 3105 G.M.S.
1317 3177 1427 3394 P.
