3544 4408
1168 623 1632 773 Nachtrag.
692 887 2857 1120 "Akademische Herzen ins Lenzeswehen" enden auf
689 1093 1402 1264 folgende Weise:
671 1249 2950 1372 In der Pudicitia: Vielmaier wollte einen Vortrag
680 1384 2752 1518 halten, geschteht aber erst in der nächsten.
674 1521 2941 1698 Strohmüller wurde ausgeschlossen und Loser folgt
683 1683 2899 1830 ihm. Mager ist in die ihm unbekannte Lambert ver
674 1869 2893 1998 liebt, welche von Rakasseg dazu angetrieben wur
686 2019 2905 2171 de. Der Kanzleirat schreibt einen zurückgewiese
677 2144 2914 2309 nen Artikel. Fritz Falke hat Estrella in der Ei
683 2330 2974 2462 senbahn geküsst und am zweiten Mat soll er in der
683 2465 2959 2600 grossen Vorstellung ( mit Norbert, auf den sich
680 2603 2857 2764 die Balletteusen freuen ) mitwirken. Kühle hat
671 2764 2887 2938 mit Talma xo gewettet, sie wird ihn schon in der
671 2902 3037 3043 nächsten Linkmaustana lieben. Sie kommt nicht hin,
686 3079 2974 3184 aber Kühle gewinnt doch denselben Abend ihr Herz.
677 3193 3079 3396 Otfried wird sich noch verlieben. Fanni Flock kommt
695 3345 2962 3537 eben von der Flucht nach Hause. Arthur fährt ge
683 3540 2980 3675 wöhnlich aufs Land. Nach und nach wird sxx wieder
689 3669 2953 3834 freier, er kommt nach langer Zeit wieder hin. Es
