3464 4152
2535 493 2714 616 416
651 713 2948 1012 also hinein, und kaufte sich pfiffig lächelnd die
666 974 2957 1109 "Skandalgeschichten europäischer Höfe", ausserdem
651 1083 2857 1314 eine Tabakspfeife nebst Tabak, sündete sich den
654 1235 3004 1432 letzteren an und setzte sich behaglich schmauchend
654 1382 2987 1587 in den Wagen, worauf er dem verdutzten Rosselenker
651 1570 1699 1754 zurief weiterzufahren.
651 1640 3010 1892 Eine Viertelstunde war alles ruhig abgegangen, als
663 1848 2969 2071 der Kutscher plötzlich — sie waren schon auf frei¬
675 1995 2925 2215 em Feld - ein unangenehmes Ret ben am Rücken filhl
678 2189 2907 2347 te. Er zog die Nase zusammen und drehte sich um.
654 2300 2916 2508 Als er sah, was vorging, schien sein Gesicht dog
666 2488 2960 2737 pelt so lang zu werden und einen benahe drohenden
657 2646 1628 2831 Ausdruck anzunehmen.
686 2796 1458 2972 "Junger Herrr!!“
675 2869 2570 3160 Was will Er? Hat Er mir etwas zu sagen?"
692 3063 2995 3303 „Warum reibt der junge Herr seine Schwefelhölzeln
686 3227 1693 3430 an meinem Rücken an?“
707 3324 2998 3553 "Geht Ihn das etwas an? Er hat auf seine Rosse tu
686 3523 2156 3790 schaun. Punktum. Wetterfahren!"
