3576 4360
2408 430 2598 678 310
606 732 2405 1035 zen schnappte eben das Wort Fannt auf.
629 880 2838 1203 "Ah Fanni," wiederholte er mit einem tronischen
623 1073 2869 1335 Zusammenpressen der Zähne, das ganz seine Erfin-
629 1243 2832 1485 dung war. "Ja, ja, die Fannt. Erzähl nur wetter
629 1399 2832 1618 Faike, fuhr er fort, als wüsste er ganz genau,
629 1546 2509 1782 wovon das Gespräch der Freunde handelte.
666 1696 2823 1926 "Natürlich der Weizen wieder, geh weg," sprach
643 1889 1465 2094 Sinnig ärgerlich.
669 1984 2869 2232 "Wie Ihr wollt, liebe Kollegen." Dann drehte er
675 2131 2890 2385 sich aber wieder um und machte:“ks, hs, ks, ke,
672 2301 2843 2515 auch ein fromischer Ausruf, dessen Erſinder er
681 2443 2999 2670 selbst war. Dann fing er von neuem an, wie es sei
678 2567 2996 2849 ne Gewohnheit war: "Liebe Fanni, lieber Falke will
695 2719 2967 2967 ich sagen, lieber Sinntg," und streichelte beide
695 2982 1084 3138 am Kinn.
709 3048 2670 3293 “Geh. lass michm in Ruh!” riefen beide aus.
718 3224 2532 3437 "Wie Ihr vollt. Falke, ich liebe Dich."
724 3417 1220 3602 "Hör aufi"
732 3541 1918 3778 "Sinnig, ich hasse Dich!"
