3480 4360
2500 485 2702 596 284
1108 997 1877 1208 Zehntes Kapitel.
1526 1105 2304 1295 In tiefer Nacht.
661 1389 2930 1702 Ein sehr harmloses Kapitel, trotz des schaurigen
675 1652 1044 1860 Titels.
1637 2149 2976 2336 "Lieber Waschlapski, es geht
716 2313 2962 2547 nicht länger! Ich bin dreissig Jahre alt-die Ge¬
743 2500 2164 2740 schichte muss ein Ende nehmen.
754 2599 3049 2883 "Du hast nicht so Unrecht, Nelke!Aber Du hast dem
740 2754 2930 3047 Mädohen Hoffnungen gemacht-Du brichst ihr Herz-
760 2938 2801 3196 man muss in solchen Affairen viel bedenken."
769 3049 3026 3351 “Aber wenn ich ihr Vorstellungen mache, wann ich
772 3231 3128 3514 vernünftig mit ihr redel Und dann, ein Dämohen vom
778 3362 2941 3661 Theater!" Er machte eine wegwerfende Bewegung.
798 3523 3055 3848 “Sehr verliebt scheinst Du in sie nicht zu sein!“
