3608 4376
2494 449 2678 584 349
693 744 3034 1130 de ausgestreckt lag. Was kümmerte das aber die an¬
711 895 3043 1232 dern! Ebenseventg wie sie sich um den Weg sorgten¬
720 1015 2958 1377 sie sprangen geradeaus hinunter durchs Dickicht,
741 1208 3003 1509 stolperten über dte Baumstümpfe, glitten auf den
753 1280 3178 1651 am Boden liegenden Nadeln der Tannen aus, und sties-
762 1452 3064 1871 sen mit den Köpfen an die hnorrigen.Stämme.
774 1624 3145 1958 Sehr possterlich war es anzusehen, wenn Weizen und
792 1783 3181 2106 Faike, die beide einander vorzukommen suchten, die¬
822 1958 3136 2259 ser aus "Liebe," jener aus “Hetz” und wenn mit ei¬
837 2076 3103 2416 nem Mal Sinnig hinter dem oder dem Gebüsch
844 2283 2555 2564 zum Vorschein kam. "Halt da, wartet!"
880 2398 3217 2811 "Komm uns nur nach," wir haben keine Zeit," schrie
871 2579 3193 2934 Faike zurück, der nun allen voraus war, plötzlich
889 2717 3169 3100 aber von Weizen überflügelt wurde, der Stnntg am
901 2970 1919 3244 Kragen nach sich zog.
949 3142 1865 3338 "Halloh, vorwärts!“
931 3199 2949 3498 Nun waren sie alle drei tief im Walde drin.
961 3305 3281 3627 "Jetzt müssen wir ja augenblicklich drunten sein,
970 3612 1509 3820 rief Falke.
