<?xml version="1.0" encoding="UTF-8" standalone="yes"?>
<PcGts xmlns="http://schema.primaresearch.org/PAGE/gts/pagecontent/2013-07-15" xmlns:xsi="http://www.w3.org/2001/XMLSchema-instance" xsi:schemaLocation="http://schema.primaresearch.org/PAGE/gts/pagecontent/2013-07-15 http://schema.primaresearch.org/PAGE/gts/pagecontent/2013-07-15/pagecontent.xsd">
    <Metadata>
        <Creator>prov=READ-COOP:name=TrHtr:version=2.1.0:model_id=51170:date=14_08_2023_17:55</Creator>
        <Created>2023-05-10T14:32:25.190+02:00</Created>
        <LastChange>2023-08-14T17:55:54.948+02:00</LastChange>
        <TranskribusMetadata docId="1428639" pageId="55422207" pageNr="152" tsid="132819541" status="IN_PROGRESS" userId="64420" imgUrl="https://files.transkribus.eu/Get?id=CYPETDYCXKJEUDTAUTRTSUXZ&amp;fileType=view" xmlUrl="https://files.transkribus.eu/Get?id=IGPANAJLBCNNQHHUCBJZVNXK" imageId="44696286"/>
    </Metadata>
    <Page imageFilename="1428639_0152.jpg" imageWidth="3448" imageHeight="4328">
        <ReadingOrder>
            <OrderedGroup id="ro_1711818890927" caption="Regions reading order">
                <RegionRefIndexed index="0" regionRef="tr_1"/>
            </OrderedGroup>
        </ReadingOrder>
        <TextRegion id="tr_1" custom="readingOrder {index:0;}">
            <Coords points="683,612 3175,612 3175,3767 683,3767"/>
            <TextLine id="tr_1_tl_1" custom="readingOrder {index:0;}">
                <Coords points="2508,669 2532,666 2564,684 2585,672 2629,675 2655,695 2676,675 2705,681 2705,587 2690,587 2649,560 2620,587 2582,578 2555,598 2538,593 2508,601"/>
                <Baseline points="2525,662 2569,662 2614,662 2659,662 2704,662 2713,665"/>
                <TextEquiv>
                    <Unicode>249</Unicode>
                </TextEquiv>
            </TextLine>
            <TextLine id="tr_1_tl_2" custom="readingOrder {index:1;}">
                <Coords points="792,948 3001,1047 2937,892 2045,915 989,736 786,798"/>
                <Baseline points="805,910 850,910 895,910 940,910 984,910 1029,913 1074,916 1119,919 1164,919 1208,922 1253,922 1298,925 1343,925 1387,928 1432,928 1477,931 1522,934 1567,937 1611,940 1656,943 1701,943 1746,943 1790,943 1835,943 1880,946 1925,949 1969,946 2014,949 2059,952 2104,955 2149,958 2193,958 2238,961 2283,961 2328,961 2372,964 2417,964 2462,967 2507,970 2552,970 2596,973 2641,973 2686,976 2731,979 2775,979 2820,982 2865,984 2910,982 2954,982 2999,984 3005,987"/>
                <TextEquiv>
                    <Unicode>kommen,“sagte er, indem er einen verständnisin-</Unicode>
                </TextEquiv>
            </TextLine>
            <TextLine id="tr_1_tl_3" custom="readingOrder {index:2;}">
                <Coords points="780,1109 1637,1106 1939,1232 3127,1156 3124,1085 2884,1047 777,995"/>
                <Baseline points="796,1065 841,1065 886,1065 931,1071 976,1071 1020,1071 1065,1074 1110,1074 1155,1074 1199,1077 1244,1077 1289,1080 1334,1083 1378,1083 1423,1086 1468,1089 1513,1092 1558,1092 1602,1095 1647,1098 1692,1098 1737,1101 1781,1104 1826,1107 1871,1107 1916,1110 1961,1110 2005,1113 2050,1113 2095,1116 2140,1116 2184,1119 2229,1119 2274,1119 2319,1125 2363,1128 2408,1128 2453,1131 2498,1131 2543,1134 2587,1134 2632,1137 2677,1140 2722,1140 2766,1143 2811,1143 2856,1146 2901,1146 2946,1149 2990,1149 3035,1149 3080,1146 3125,1143 3131,1143"/>
                <TextEquiv>
                    <Unicode>nigen Blick mit Leser, der nicht fern stand, wech-</Unicode>
                </TextEquiv>
            </TextLine>
            <TextLine id="tr_1_tl_4" custom="readingOrder {index:3;}">
                <Coords points="786,1247 821,1241 863,1262 930,1250 1041,1262 1062,1241 1094,1250 1088,1106 1062,1100 1018,1118 986,1103 965,1121 930,1109 868,1112 780,1144"/>
                <Baseline points="799,1217 844,1217 889,1217 934,1220 979,1223 1023,1223 1068,1226 1098,1229"/>
                <TextEquiv>
                    <Unicode>selte.</Unicode>
                </TextEquiv>
            </TextLine>
            <TextLine id="tr_1_tl_5" custom="readingOrder {index:4;}">
                <Coords points="769,1408 2989,1511 2984,1352 2626,1317 2324,1391 1734,1311 1526,1364 1147,1209 766,1314"/>
                <Baseline points="782,1367 826,1370 871,1370 916,1370 961,1373 1005,1376 1050,1378 1095,1378 1140,1378 1184,1381 1229,1384 1274,1384 1319,1387 1364,1387 1408,1390 1453,1393 1498,1396 1543,1399 1587,1399 1632,1399 1677,1402 1722,1405 1767,1408 1811,1411 1856,1411 1901,1414 1946,1414 1990,1417 2035,1420 2080,1420 2125,1423 2169,1423 2214,1426 2259,1429 2304,1429 2349,1432 2393,1435 2438,1435 2483,1438 2528,1438 2572,1441 2617,1441 2662,1444 2707,1447 2752,1447 2796,1450 2841,1453 2886,1453 2931,1450 2975,1447 2993,1444"/>
                <TextEquiv>
                    <Unicode>Dieser lächelte tronisch. Es war jetzt gar</Unicode>
                </TextEquiv>
            </TextLine>
            <TextLine id="tr_1_tl_6" custom="readingOrder {index:5;}">
                <Coords points="3057,1458 3072,1458 3104,1484 3127,1464 3151,1484 3171,1479 3171,1399 3157,1399 3104,1352 3054,1352"/>
                <Baseline points="3074,1447 3119,1453 3163,1450 3175,1447"/>
                <TextEquiv>
                    <Unicode>G.H.F.P.</Unicode>
                </TextEquiv>
            </TextLine>
            <TextLine id="tr_1_tl_7" custom="readingOrder {index:6;}">
                <Coords points="766,1555 1446,1549 1939,1669 2943,1622 2907,1520 760,1440"/>
                <Baseline points="779,1519 823,1522 868,1525 913,1525 958,1525 1002,1528 1047,1528 1092,1531 1137,1531 1181,1534 1226,1534 1271,1537 1316,1540 1361,1540 1405,1540 1450,1543 1495,1549 1540,1549 1584,1552 1629,1552 1674,1555 1719,1558 1764,1561 1808,1564 1853,1567 1898,1567 1943,1567 1987,1570 2032,1570 2077,1573 2122,1575 2166,1575 2211,1578 2256,1581 2301,1584 2346,1581 2390,1587 2435,1584 2480,1584 2525,1590 2569,1590 2614,1593 2659,1596 2704,1596 2749,1599 2793,1599 2838,1602 2883,1602 2928,1602 2951,1602"/>
                <TextEquiv>
                    <Unicode>kein Grund vorhanden, doch lag das schon so in</Unicode>
                </TextEquiv>
            </TextLine>
            <TextLine id="tr_1_tl_8" custom="readingOrder {index:7;}">
                <Coords points="775,1705 921,1719 1097,1678 1567,1734 1611,1722 1608,1625 1182,1634 1138,1593 986,1561 854,1616 769,1611"/>
                <Baseline points="787,1671 832,1671 877,1671 922,1674 967,1677 1011,1677 1056,1680 1101,1680 1146,1683 1190,1683 1235,1686 1280,1686 1325,1689 1370,1692 1414,1692 1459,1695 1504,1695 1549,1698 1593,1704 1617,1704"/>
                <TextEquiv>
                    <Unicode>seiner Gewohnheit.</Unicode>
                </TextEquiv>
            </TextLine>
            <TextLine id="tr_1_tl_9" custom="readingOrder {index:8;}">
                <Coords points="783,1869 1572,1863 1913,1969 2978,1922 2972,1825 2890,1810 780,1757"/>
                <Baseline points="799,1814 844,1823 889,1829 934,1832 979,1835 1023,1838 1068,1841 1113,1841 1158,1844 1202,1844 1247,1844 1292,1847 1337,1847 1381,1850 1426,1853 1471,1856 1516,1856 1561,1859 1605,1859 1650,1862 1695,1865 1740,1865 1784,1868 1829,1871 1874,1871 1919,1874 1964,1877 2008,1880 2053,1883 2098,1883 2143,1883 2187,1886 2232,1886 2277,1889 2322,1889 2366,1892 2411,1895 2456,1895 2501,1898 2546,1898 2590,1901 2635,1901 2680,1904 2725,1907 2769,1907 2814,1907 2859,1907 2904,1910 2949,1913 2984,1919"/>
                <TextEquiv>
                    <Unicode>"Mein geehrtestes Fräulein, Ich erlaube mir Sie</Unicode>
                </TextEquiv>
            </TextLine>
            <TextLine id="tr_1_tl_10" custom="readingOrder {index:9;}">
                <Coords points="751,2024 1482,2004 1684,2106 3039,2074 2904,1963 2605,2010 1690,1966 1341,1857 745,1889"/>
                <Baseline points="764,1978 808,1975 853,1975 898,1981 943,1984 987,1984 1032,1987 1077,1990 1122,1990 1167,1993 1211,1993 1256,1996 1301,1999 1346,1999 1390,1999 1435,2002 1480,2005 1525,2005 1570,2008 1614,2011 1659,2011 1704,2014 1749,2017 1793,2017 1838,2020 1883,2020 1928,2023 1972,2026 2017,2029 2062,2029 2107,2032 2152,2032 2196,2035 2241,2038 2286,2038 2331,2041 2375,2044 2420,2044 2465,2044 2510,2050 2555,2050 2599,2053 2644,2053 2689,2056 2734,2059 2778,2059 2823,2062 2868,2062 2913,2062 2957,2065 3002,2062 3044,2065"/>
                <TextEquiv>
                    <Unicode>heute Abend mit meinem Freunde Adalbert Loser be¬</Unicode>
                </TextEquiv>
            </TextLine>
            <TextLine id="tr_1_tl_11" custom="readingOrder {index:10;}">
                <Coords points="742,2145 1681,2177 1983,2282 2945,2277 2875,2142 736,2045"/>
                <Baseline points="755,2131 799,2131 844,2131 889,2131 934,2134 979,2137 1023,2140 1068,2140 1113,2140 1158,2143 1202,2146 1247,2149 1292,2149 1337,2149 1381,2152 1426,2155 1471,2152 1516,2155 1561,2158 1605,2161 1650,2166 1695,2169 1740,2169 1784,2172 1829,2172 1874,2172 1919,2175 1964,2178 2008,2181 2053,2181 2098,2181 2143,2184 2187,2187 2232,2190 2277,2190 2322,2193 2366,2193 2411,2196 2456,2196 2501,2196 2546,2202 2590,2205 2635,2205 2680,2205 2725,2208 2769,2211 2814,2214 2859,2214 2904,2220 2946,2220"/>
                <TextEquiv>
                    <Unicode>kannt zu machen,“ begann Strohmüller von neuem,</Unicode>
                </TextEquiv>
            </TextLine>
            <TextLine id="tr_1_tl_12" custom="readingOrder {index:11;}">
                <Coords points="742,2347 1572,2321 3066,2447 3060,2329 2901,2288 736,2192"/>
                <Baseline points="755,2283 799,2286 844,2286 889,2286 934,2289 979,2292 1023,2295 1068,2295 1113,2298 1158,2301 1202,2304 1247,2307 1292,2307 1337,2307 1381,2307 1426,2307 1471,2310 1516,2313 1561,2313 1605,2316 1650,2319 1695,2322 1740,2325 1784,2328 1829,2328 1874,2328 1919,2331 1964,2334 2008,2334 2053,2337 2098,2340 2143,2343 2187,2343 2232,2346 2277,2346 2322,2349 2366,2352 2411,2355 2456,2355 2501,2355 2546,2358 2590,2360 2635,2360 2680,2363 2725,2363 2769,2366 2814,2369 2859,2369 2904,2372 2949,2378 2993,2378 3038,2378 3071,2378"/>
                <TextEquiv>
                    <Unicode>indem sich Loser und Talma gegenseitig verbeugten.</Unicode>
                </TextEquiv>
            </TextLine>
            <TextLine id="tr_1_tl_13" custom="readingOrder {index:12;}">
                <Coords points="742,2479 1722,2482 2238,2602 3083,2546 3063,2447 736,2350"/>
                <Baseline points="755,2426 799,2432 844,2438 889,2444 934,2447 979,2450 1023,2453 1068,2456 1113,2453 1158,2453 1202,2459 1247,2459 1292,2459 1337,2462 1381,2462 1426,2465 1471,2468 1516,2468 1561,2474 1605,2474 1650,2477 1695,2480 1740,2483 1784,2486 1829,2486 1874,2486 1919,2486 1964,2489 2008,2489 2053,2492 2098,2492 2143,2492 2187,2495 2232,2498 2277,2501 2322,2504 2366,2507 2411,2510 2456,2513 2501,2513 2546,2513 2590,2516 2635,2516 2680,2522 2725,2519 2769,2522 2814,2525 2859,2525 2904,2528 2949,2528 2993,2531 3038,2531 3083,2531 3092,2534"/>
                <TextEquiv>
                    <Unicode>„Sie sind immer wohl, nicht!“ lächelte Strohmüller</Unicode>
                </TextEquiv>
            </TextLine>
            <TextLine id="tr_1_tl_14" custom="readingOrder {index:13;}">
                <Coords points="733,2596 898,2635 939,2637 971,2608 1027,2649 1044,2632 1121,2640 1112,2491 1080,2502 1059,2485 1033,2505 971,2488 939,2508 830,2500 777,2532 728,2523"/>
                <Baseline points="746,2578 790,2581 835,2587 880,2593 925,2599 970,2599 1014,2602 1059,2602 1104,2596 1125,2593"/>
                <TextEquiv>
                    <Unicode>"Oh Ja."</Unicode>
                </TextEquiv>
            </TextLine>
            <TextLine id="tr_1_tl_15" custom="readingOrder {index:14;}">
                <Coords points="2109,2705 2139,2702 2159,2717 2171,2711 2180,2723 2192,2714 2215,2717 2215,2635 2189,2637 2177,2623 2162,2626 2150,2614 2136,2620 2112,2620"/>
                <Baseline points="2125,2692 2134,2692 2178,2689 2223,2689"/>
                <TextEquiv>
                    <Unicode>G.H.S.</Unicode>
                </TextEquiv>
            </TextLine>
            <TextLine id="tr_1_tl_16" custom="readingOrder {index:15;}">
                <Coords points="2297,2725 2329,2723 2347,2728 2353,2723 2362,2728 2382,2728 2382,2588 2344,2585 2338,2591 2324,2593 2312,2582 2297,2582"/>
                <Baseline points="2313,2692 2358,2692 2390,2692"/>
                <TextEquiv>
                    <Unicode>:t:n</Unicode>
                </TextEquiv>
            </TextLine>
            <TextLine id="tr_1_tl_17" custom="readingOrder {index:16;}">
                <Coords points="716,2822 1282,2772 1429,2875 2602,2901 3019,2849 3013,2767 2811,2699 2497,2784 2288,2708 710,2705"/>
                <Baseline points="728,2749 773,2749 817,2749 862,2752 907,2757 952,2757 996,2760 1041,2763 1086,2766 1131,2766 1176,2766 1220,2766 1265,2769 1310,2772 1355,2772 1399,2772 1444,2775 1489,2781 1534,2781 1578,2784 1623,2784 1668,2787 1713,2790 1758,2790 1802,2790 1847,2793 1892,2796 1937,2796 1981,2799 2026,2799 2071,2802 2116,2805 2161,2805 2205,2808 2250,2811 2295,2814 2340,2817 2384,2817 2429,2823 2474,2820 2519,2826 2563,2829 2608,2829 2653,2832 2698,2832 2743,2832 2787,2832 2832,2838 2877,2835 2922,2838 2966,2838 3011,2841 3023,2841"/>
                <TextEquiv>
                    <Unicode>Und so ging das Gespräch immer weiter, da der 20</Unicode>
                </TextEquiv>
            </TextLine>
            <TextLine id="tr_1_tl_18" custom="readingOrder {index:17;}">
                <Coords points="707,2922 3007,3045 3001,2919 2805,2878 704,2831"/>
                <Baseline points="722,2904 767,2904 811,2904 856,2907 901,2910 946,2913 990,2916 1035,2916 1080,2919 1125,2922 1170,2922 1214,2922 1259,2925 1304,2925 1349,2928 1393,2931 1438,2934 1483,2934 1528,2937 1573,2937 1617,2940 1662,2943 1707,2943 1752,2943 1796,2946 1841,2946 1886,2949 1931,2951 1975,2951 2020,2957 2065,2957 2110,2960 2155,2960 2199,2963 2244,2963 2289,2966 2334,2969 2378,2972 2423,2975 2468,2975 2513,2975 2557,2981 2602,2984 2647,2984 2692,2984 2737,2984 2781,2987 2826,2987 2871,2990 2916,2993 2960,2993 3005,2993 3011,2990"/>
                <TextEquiv>
                    <Unicode>et etnerseits keinen besondern Überfluss an Geist</Unicode>
                </TextEquiv>
            </TextLine>
            <TextLine id="tr_1_tl_19" custom="readingOrder {index:18;}">
                <Coords points="698,3083 1614,3095 1969,3192 3028,3166 3025,3075 2558,3019 695,2995"/>
                <Baseline points="713,3050 758,3053 802,3053 847,3056 892,3059 937,3059 982,3065 1026,3065 1071,3068 1116,3071 1161,3071 1205,3071 1250,3074 1295,3077 1340,3077 1384,3077 1429,3080 1474,3083 1519,3086 1564,3086 1608,3089 1653,3089 1698,3095 1743,3095 1787,3095 1832,3098 1877,3098 1922,3101 1967,3104 2011,3104 2056,3110 2101,3110 2146,3110 2190,3113 2235,3113 2280,3116 2325,3119 2369,3119 2414,3122 2459,3125 2504,3125 2549,3128 2593,3131 2638,3131 2683,3131 2728,3134 2772,3137 2817,3140 2862,3140 2907,3140 2951,3140 2996,3140 3032,3140"/>
                <TextEquiv>
                    <Unicode>besass, andrerseits Talma wohl in Gedanken Parai-</Unicode>
                </TextEquiv>
            </TextLine>
            <TextLine id="tr_1_tl_20" custom="readingOrder {index:19;}">
                <Coords points="684,3227 1883,3256 2098,3359 2901,3324 2899,3218 2664,3189 678,3101"/>
                <Baseline points="701,3202 746,3202 790,3202 835,3205 880,3205 925,3208 970,3211 1014,3214 1059,3214 1104,3217 1149,3217 1193,3220 1238,3223 1283,3223 1328,3226 1373,3226 1417,3229 1462,3232 1507,3232 1552,3235 1596,3238 1641,3241 1686,3244 1731,3244 1775,3247 1820,3250 1865,3250 1910,3253 1955,3253 1999,3256 2044,3256 2089,3259 2134,3262 2178,3265 2223,3265 2268,3268 2313,3271 2358,3271 2402,3274 2447,3274 2492,3280 2537,3280 2581,3283 2626,3283 2671,3286 2716,3286 2760,3289 2805,3289 2850,3292 2895,3289 2910,3289"/>
                <TextEquiv>
                    <Unicode>leIen wischen dem reichen Sonderling Kalt und</Unicode>
                </TextEquiv>
            </TextLine>
            <TextLine id="tr_1_tl_21" custom="readingOrder {index:20;}">
                <Coords points="684,3403 1470,3386 1772,3400 1907,3488 2511,3482 2505,3353 2306,3315 1837,3350 1614,3245 678,3277"/>
                <Baseline points="701,3351 746,3351 790,3351 835,3357 880,3357 925,3360 970,3363 1014,3363 1059,3369 1104,3369 1149,3372 1193,3372 1238,3375 1283,3375 1328,3378 1373,3378 1417,3381 1462,3387 1507,3387 1552,3390 1596,3393 1641,3393 1686,3396 1731,3396 1775,3396 1820,3399 1865,3402 1910,3405 1955,3405 1999,3408 2044,3411 2089,3411 2134,3414 2178,3414 2223,3414 2268,3417 2313,3417 2358,3423 2402,3423 2447,3426 2492,3429 2516,3429"/>
                <TextEquiv>
                    <Unicode>dem langweiligen Dichter ziehen mochte.</Unicode>
                </TextEquiv>
            </TextLine>
            <TextLine id="tr_1_tl_22" custom="readingOrder {index:21;}">
                <Coords points="666,3523 2010,3559 2397,3664 3022,3617 3019,3526 2884,3509 663,3415"/>
                <Baseline points="683,3501 728,3504 773,3507 817,3507 862,3510 907,3510 952,3513 996,3516 1041,3516 1086,3516 1131,3519 1176,3522 1220,3525 1265,3531 1310,3531 1355,3534 1399,3537 1444,3537 1489,3537 1534,3540 1578,3540 1623,3542 1668,3542 1713,3545 1758,3548 1802,3548 1847,3551 1892,3554 1937,3557 1981,3560 2026,3560 2071,3560 2116,3563 2161,3563 2205,3566 2250,3566 2295,3572 2340,3572 2384,3572 2429,3578 2474,3578 2519,3581 2563,3581 2608,3584 2653,3584 2698,3587 2743,3587 2787,3590 2832,3593 2877,3596 2922,3596 2966,3599 3011,3596 3029,3596"/>
                <TextEquiv>
                    <Unicode>Falko war inwischen mit dem hübschen blinden Fie¬</Unicode>
                </TextEquiv>
            </TextLine>
            <TextLine id="tr_1_tl_23" custom="readingOrder {index:22;}">
                <Coords points="672,3679 1226,3796 1652,3711 2919,3782 2913,3638 2549,3691 1725,3641 1520,3550 666,3570"/>
                <Baseline points="686,3656 731,3659 776,3662 820,3662 865,3665 910,3668 955,3671 999,3671 1044,3677 1089,3680 1134,3680 1179,3686 1223,3686 1268,3689 1313,3692 1358,3692 1402,3692 1447,3695 1492,3695 1537,3698 1581,3698 1626,3701 1671,3701 1716,3704 1761,3704 1805,3707 1850,3710 1895,3710 1940,3713 1984,3713 2029,3716 2074,3719 2119,3719 2164,3722 2208,3725 2253,3728 2298,3731 2343,3734 2387,3737 2432,3737 2477,3739 2522,3739 2566,3742 2611,3745 2656,3748 2701,3748 2746,3751 2790,3754 2835,3757 2880,3757 2925,3757"/>
                <TextEquiv>
                    <Unicode>del ins Gespräch gekommen und hatte sich so viel</Unicode>
                </TextEquiv>
            </TextLine>
        </TextRegion>
    </Page>
</PcGts>
