<?xml version="1.0" encoding="UTF-8" standalone="yes"?>
<PcGts xmlns="http://schema.primaresearch.org/PAGE/gts/pagecontent/2013-07-15" xmlns:xsi="http://www.w3.org/2001/XMLSchema-instance" xsi:schemaLocation="http://schema.primaresearch.org/PAGE/gts/pagecontent/2013-07-15 http://schema.primaresearch.org/PAGE/gts/pagecontent/2013-07-15/pagecontent.xsd">
    <Metadata>
        <Creator>prov=READ-COOP:name=TrHtr:version=2.1.0:model_id=51170:date=14_08_2023_17:56</Creator>
        <Created>2023-05-10T14:32:52.528+02:00</Created>
        <LastChange>2023-08-14T17:56:45.541+02:00</LastChange>
        <TranskribusMetadata docId="1428639" pageId="55423547" pageNr="312" tsid="132819737" status="IN_PROGRESS" userId="64420" imgUrl="https://files.transkribus.eu/Get?id=UTXTHAIICEQJOIXJIYMUDGCJ&amp;fileType=view" xmlUrl="https://files.transkribus.eu/Get?id=FFGJHRVNWFMCRKTKLOOGYPYY" imageId="44697626"/>
    </Metadata>
    <Page imageFilename="1428639_0312.jpg" imageWidth="3512" imageHeight="4280">
        <ReadingOrder>
            <OrderedGroup id="ro_1711819213322" caption="Regions reading order">
                <RegionRefIndexed index="0" regionRef="tr_1"/>
                <RegionRefIndexed index="1" regionRef="tr_2"/>
            </OrderedGroup>
        </ReadingOrder>
        <TextRegion id="tr_1" custom="readingOrder {index:0;}">
            <Coords points="796,523 3160,523 3160,2278 796,2278"/>
            <TextLine id="tr_1_tl_1" custom="readingOrder {index:0;}">
                <Coords points="2757,610 2787,613 2804,604 2831,610 2846,596 2866,610 2887,610 2910,593 2934,599 2931,495 2910,501 2881,492 2857,507 2834,495 2810,498 2787,516 2757,507"/>
                <Baseline points="2772,573 2817,579 2862,579 2907,579 2942,576"/>
                <TextEquiv>
                    <Unicode>Schl. 8</Unicode>
                </TextEquiv>
            </TextLine>
            <TextLine id="tr_1_tl_2" custom="readingOrder {index:1;}">
                <Coords points="796,896 961,949 1592,923 1793,976 1990,932 1990,790 1766,826 1510,734 796,834"/>
                <Baseline points="811,892 835,889 880,883 925,883 970,883 1014,880 1059,880 1104,880 1149,880 1193,880 1238,877 1283,877 1328,874 1372,877 1417,877 1462,877 1507,877 1552,880 1596,880 1641,877 1686,877 1731,877 1775,877 1820,877 1865,874 1910,874 1954,865 1999,862"/>
                <TextEquiv>
                    <Unicode>glühendem Herzen kommen.“</Unicode>
                </TextEquiv>
            </TextLine>
            <TextLine id="tr_1_tl_3" custom="readingOrder {index:2;}">
                <Coords points="802,1044 1451,1141 2825,1109 2781,941 2621,997 802,958"/>
                <Baseline points="817,1020 862,1026 907,1029 952,1029 996,1032 1041,1035 1086,1035 1131,1035 1175,1035 1220,1035 1265,1035 1310,1032 1355,1032 1399,1035 1444,1035 1489,1035 1534,1035 1578,1035 1623,1035 1668,1035 1713,1035 1757,1035 1802,1035 1847,1035 1892,1035 1937,1032 1981,1032 2026,1029 2071,1029 2116,1035 2160,1038 2205,1038 2250,1035 2295,1035 2339,1035 2384,1038 2429,1038 2474,1035 2519,1038 2563,1038 2608,1038 2653,1038 2698,1041 2742,1041 2787,1041 2829,1041"/>
                <TextEquiv>
                    <Unicode>"Sie sind sehr eingebildet," versetzte sie.</Unicode>
                </TextEquiv>
            </TextLine>
            <TextLine id="tr_1_tl_4" custom="readingOrder {index:3;}">
                <Coords points="817,1224 2150,1297 2931,1200 2931,1132 2748,1112 817,1109"/>
                <Baseline points="834,1176 880,1184 925,1181 970,1187 1014,1187 1059,1187 1104,1187 1149,1187 1193,1184 1238,1187 1283,1187 1328,1187 1372,1187 1417,1187 1462,1187 1507,1187 1552,1187 1596,1190 1641,1190 1686,1190 1731,1190 1775,1190 1820,1187 1865,1187 1910,1190 1954,1187 1999,1187 2044,1187 2089,1187 2134,1190 2178,1190 2223,1193 2268,1190 2313,1190 2357,1187 2402,1190 2447,1190 2492,1190 2536,1190 2581,1190 2626,1190 2671,1190 2716,1190 2760,1190 2805,1190 2850,1190 2895,1193 2939,1193 2942,1190"/>
                <TextEquiv>
                    <Unicode>"Sie haben ärgeres sagen wollen," lächelte er.</Unicode>
                </TextEquiv>
            </TextLine>
            <TextLine id="tr_1_tl_5" custom="readingOrder {index:4;}">
                <Coords points="805,1383 3008,1433 2981,1268 2273,1312 1825,1250 1687,1318 805,1238"/>
                <Baseline points="820,1325 865,1337 910,1340 955,1340 999,1343 1044,1343 1089,1343 1134,1343 1178,1343 1223,1343 1268,1340 1313,1343 1358,1346 1402,1346 1447,1343 1492,1343 1537,1343 1581,1346 1626,1346 1671,1346 1716,1349 1760,1346 1805,1346 1850,1346 1895,1349 1940,1346 1984,1346 2029,1346 2074,1346 2119,1346 2163,1346 2208,1346 2253,1349 2298,1346 2342,1346 2387,1346 2432,1349 2477,1349 2522,1349 2566,1349 2611,1352 2656,1352 2701,1349 2745,1349 2790,1346 2835,1349 2880,1349 2924,1346 2969,1346 3014,1343"/>
                <TextEquiv>
                    <Unicode>„Sie wollten sagen, ich sei ein Narr. O glauben</Unicode>
                </TextEquiv>
            </TextLine>
            <TextLine id="tr_1_tl_6" custom="readingOrder {index:5;}">
                <Coords points="784,1539 2206,1598 3155,1525 3102,1415 784,1415"/>
                <Baseline points="802,1495 847,1498 892,1498 937,1495 981,1498 1026,1498 1071,1498 1116,1498 1161,1498 1205,1498 1250,1498 1295,1498 1340,1498 1384,1498 1429,1492 1474,1495 1519,1495 1563,1498 1608,1495 1653,1495 1698,1495 1743,1498 1787,1498 1832,1501 1877,1498 1922,1498 1966,1498 2011,1498 2056,1498 2101,1495 2145,1495 2190,1495 2235,1498 2280,1498 2325,1498 2369,1495 2414,1498 2459,1498 2504,1498 2548,1498 2593,1498 2638,1498 2683,1501 2727,1498 2772,1501 2817,1501 2862,1498 2907,1498 2951,1495 2996,1498 3041,1498 3086,1498 3130,1495 3160,1495"/>
                <TextEquiv>
                    <Unicode>Sie mir," rief er feuriger aus und stand auf, "ich</Unicode>
                </TextEquiv>
            </TextLine>
            <TextLine id="tr_1_tl_7" custom="readingOrder {index:6;}">
                <Coords points="778,1672 1757,1763 1940,1704 2082,1769 3031,1737 3031,1601 2766,1563 778,1583"/>
                <Baseline points="796,1650 799,1650 844,1650 889,1650 934,1650 978,1650 1023,1650 1068,1653 1113,1650 1158,1653 1202,1656 1247,1653 1292,1653 1337,1656 1381,1656 1426,1653 1471,1656 1516,1653 1560,1653 1605,1653 1650,1653 1695,1653 1740,1653 1784,1653 1829,1653 1874,1653 1919,1653 1963,1653 2008,1653 2053,1653 2098,1653 2142,1653 2187,1653 2232,1653 2277,1653 2322,1653 2366,1653 2411,1656 2456,1653 2501,1653 2545,1653 2590,1656 2635,1653 2680,1653 2724,1653 2769,1653 2814,1653 2859,1653 2904,1653 2948,1653 2993,1644 3038,1641"/>
                <TextEquiv>
                    <Unicode>weiss es, dass Sie mich lieben und das ist kei -</Unicode>
                </TextEquiv>
            </TextLine>
            <TextLine id="tr_1_tl_8" custom="readingOrder {index:7;}">
                <Coords points="793,1840 994,1846 1112,1887 1280,1846 1463,1902 1463,1740 1442,1734 1389,1772 1318,1734 1289,1755 1150,1737 1094,1757 997,1725 793,1757"/>
                <Baseline points="808,1808 844,1805 889,1805 934,1805 978,1805 1023,1805 1068,1805 1113,1808 1158,1808 1202,1805 1247,1805 1292,1808 1337,1808 1381,1799 1426,1793 1471,1790"/>
                <TextEquiv>
                    <Unicode>ne Narrhett. “</Unicode>
                </TextEquiv>
            </TextLine>
            <TextLine id="tr_1_tl_9" custom="readingOrder {index:8;}">
                <Coords points="778,1985 2916,2041 2884,1870 778,1878"/>
                <Baseline points="796,1960 841,1957 886,1954 931,1954 975,1954 1020,1954 1065,1954 1110,1954 1155,1954 1199,1954 1244,1957 1289,1957 1334,1957 1378,1954 1423,1954 1468,1954 1513,1954 1557,1954 1602,1954 1647,1954 1692,1954 1737,1954 1781,1957 1826,1957 1871,1957 1916,1957 1960,1957 2005,1957 2050,1957 2095,1960 2140,1960 2184,1960 2229,1960 2274,1960 2319,1963 2363,1960 2408,1960 2453,1960 2498,1960 2542,1960 2587,1960 2632,1960 2677,1960 2722,1963 2766,1960 2811,1960 2856,1960 2901,1957 2924,1960"/>
                <TextEquiv>
                    <Unicode>Sie hatte sich bequemer aufs Sophia gelegt und</Unicode>
                </TextEquiv>
            </TextLine>
            <TextLine id="tr_1_tl_10" custom="readingOrder {index:9;}">
                <Coords points="784,2156 2453,2206 3081,2129 3005,2029 784,2026"/>
                <Baseline points="802,2107 847,2107 892,2107 937,2107 981,2110 1026,2110 1071,2110 1116,2110 1161,2110 1205,2113 1250,2113 1295,2107 1340,2110 1384,2110 1429,2110 1474,2110 1519,2110 1563,2110 1608,2110 1653,2110 1698,2110 1743,2110 1787,2110 1832,2113 1877,2110 1922,2113 1966,2113 2011,2113 2056,2113 2101,2113 2145,2110 2190,2113 2235,2113 2280,2113 2325,2116 2369,2116 2414,2113 2459,2116 2504,2116 2548,2116 2593,2113 2638,2113 2683,2113 2727,2113 2772,2113 2817,2110 2862,2110 2907,2110 2951,2113 2996,2113 3041,2113 3086,2113"/>
                <TextEquiv>
                    <Unicode>die Augen geschlossen, als wollte sie schlummern.</Unicode>
                </TextEquiv>
            </TextLine>
            <TextLine id="tr_1_tl_11" custom="readingOrder {index:10;}">
                <Coords points="799,2312 3008,2341 2984,2164 799,2188"/>
                <Baseline points="814,2250 859,2256 904,2256 949,2259 993,2262 1038,2259 1083,2262 1128,2259 1172,2262 1217,2262 1262,2262 1307,2262 1352,2262 1396,2262 1441,2259 1486,2259 1531,2259 1575,2262 1620,2259 1665,2262 1710,2262 1754,2262 1799,2262 1844,2262 1889,2262 1934,2265 1978,2265 2023,2262 2068,2265 2113,2262 2157,2265 2202,2262 2247,2262 2292,2265 2336,2265 2381,2265 2426,2268 2471,2265 2516,2265 2560,2265 2605,2265 2650,2265 2695,2262 2739,2265 2784,2262 2829,2262 2874,2262 2918,2262 2963,2262 3008,2262 3011,2262"/>
                <TextEquiv>
                    <Unicode>„Sie können veredhert sein, dass Sie Ihre Wette</Unicode>
                </TextEquiv>
            </TextLine>
        </TextRegion>
        <TextRegion id="tr_2" custom="readingOrder {index:1;}">
            <Coords points="770,2343 3098,2343 3098,3651 770,3651"/>
            <TextLine id="tr_2_tl_1" custom="readingOrder {index:0;}">
                <Coords points="787,2430 1014,2486 1085,2462 1153,2495 1306,2471 1460,2515 1554,2495 1554,2335 1348,2306 1268,2356 1197,2309 991,2359 876,2309 787,2324"/>
                <Baseline points="805,2408 844,2408 889,2408 934,2411 978,2411 1023,2408 1068,2408 1113,2408 1158,2411 1202,2411 1247,2411 1292,2411 1337,2408 1381,2408 1426,2408 1471,2405 1516,2399 1560,2393"/>
                <TextEquiv>
                    <Unicode>verloren haben.“</Unicode>
                </TextEquiv>
            </TextLine>
            <TextLine id="tr_2_tl_2" custom="readingOrder {index:1;}">
                <Coords points="770,2616 2860,2660 2860,2506 2739,2492 770,2489"/>
                <Baseline points="787,2563 832,2563 877,2563 922,2563 967,2563 1011,2563 1056,2566 1101,2563 1146,2566 1190,2566 1235,2569 1280,2569 1325,2569 1369,2569 1414,2569 1459,2569 1504,2566 1549,2566 1593,2566 1638,2569 1683,2569 1728,2569 1772,2569 1817,2569 1862,2572 1907,2572 1951,2569 1996,2569 2041,2569 2086,2569 2131,2569 2175,2569 2220,2569 2265,2569 2310,2572 2354,2569 2399,2572 2444,2572 2489,2572 2533,2572 2578,2575 2623,2575 2668,2572 2713,2572 2757,2572 2802,2572 2847,2572 2865,2569"/>
                <TextEquiv>
                    <Unicode>Er lachte, aber einen Augenblick darauf, als</Unicode>
                </TextEquiv>
            </TextLine>
            <TextLine id="tr_2_tl_3" custom="readingOrder {index:2;}">
                <Coords points="778,2775 2961,2816 3090,2745 3090,2654 778,2672"/>
                <Baseline points="796,2716 841,2716 886,2719 931,2719 975,2719 1020,2719 1065,2719 1110,2719 1155,2719 1199,2719 1244,2719 1289,2719 1334,2719 1378,2719 1423,2719 1468,2719 1513,2719 1557,2719 1602,2719 1647,2719 1692,2719 1737,2719 1781,2719 1826,2722 1871,2722 1916,2722 1960,2722 2005,2722 2050,2722 2095,2719 2140,2722 2184,2722 2229,2722 2274,2722 2319,2722 2363,2722 2408,2722 2453,2722 2498,2722 2542,2722 2587,2722 2632,2722 2677,2722 2722,2722 2766,2724 2811,2724 2856,2724 2901,2719 2945,2719 2990,2722 3035,2719 3080,2722 3098,2722"/>
                <TextEquiv>
                    <Unicode>sein Blick auf das halte Antlitz Talmas fiel, die</Unicode>
                </TextEquiv>
            </TextLine>
            <TextLine id="tr_2_tl_4" custom="readingOrder {index:3;}">
                <Coords points="784,2925 3037,2922 3034,2810 2787,2795 781,2795"/>
                <Baseline points="799,2868 844,2868 889,2865 934,2868 978,2868 1023,2868 1068,2865 1113,2865 1158,2868 1202,2868 1247,2868 1292,2868 1337,2868 1381,2868 1426,2868 1471,2871 1516,2871 1560,2871 1605,2871 1650,2871 1695,2871 1740,2871 1784,2871 1829,2871 1874,2874 1919,2871 1963,2871 2008,2871 2053,2871 2098,2871 2142,2871 2187,2874 2232,2874 2277,2874 2322,2874 2366,2877 2411,2874 2456,2877 2501,2874 2545,2874 2590,2874 2635,2877 2680,2877 2724,2874 2769,2877 2814,2877 2859,2877 2904,2874 2948,2874 2993,2874 3038,2874 3044,2871"/>
                <TextEquiv>
                    <Unicode>vom Mond beschienen auf dem dunkelgrünen Kanapee</Unicode>
                </TextEquiv>
            </TextLine>
            <TextLine id="tr_2_tl_5" custom="readingOrder {index:4;}">
                <Coords points="773,3073 2498,3111 2798,3034 2754,2949 773,2937"/>
                <Baseline points="790,3020 835,3020 880,3023 925,3020 970,3020 1014,3020 1059,3020 1104,3017 1149,3020 1193,3017 1238,3017 1283,3017 1328,3017 1372,3017 1417,3017 1462,3020 1507,3020 1552,3020 1596,3020 1641,3020 1686,3020 1731,3023 1775,3023 1820,3020 1865,3020 1910,3020 1954,3020 1999,3020 2044,3020 2089,3020 2134,3020 2178,3020 2223,3023 2268,3023 2313,3023 2357,3026 2402,3026 2447,3023 2492,3023 2536,3026 2581,3023 2626,3026 2671,3026 2716,3023 2760,3023 2805,3023"/>
                <TextEquiv>
                    <Unicode>1g und an der keine Miene zuckte, wurde er</Unicode>
                </TextEquiv>
            </TextLine>
            <TextLine id="tr_2_tl_6" custom="readingOrder {index:5;}">
                <Coords points="764,3229 2335,3258 3002,3179 2881,3093 764,3073"/>
                <Baseline points="781,3178 811,3175 856,3172 901,3172 946,3169 990,3169 1035,3169 1080,3172 1125,3169 1169,3169 1214,3169 1259,3169 1304,3169 1349,3169 1393,3169 1438,3169 1483,3172 1528,3172 1572,3172 1617,3172 1662,3169 1707,3169 1751,3169 1796,3169 1841,3172 1886,3169 1931,3172 1975,3169 2020,3172 2065,3172 2110,3172 2154,3172 2199,3172 2244,3175 2289,3175 2334,3175 2378,3175 2423,3175 2468,3172 2513,3175 2557,3175 2602,3175 2647,3172 2692,3172 2736,3172 2781,3172 2826,3175 2871,3175 2916,3175 2960,3172 3005,3172"/>
                <TextEquiv>
                    <Unicode>plötzlich ernst. Er trat zum Fenster und sohten</Unicode>
                </TextEquiv>
            </TextLine>
            <TextLine id="tr_2_tl_7" custom="readingOrder {index:6;}">
                <Coords points="764,3418 2881,3421 2902,3255 764,3285"/>
                <Baseline points="781,3321 826,3321 871,3318 916,3318 961,3321 1005,3321 1050,3321 1095,3321 1140,3321 1184,3321 1229,3321 1274,3321 1319,3324 1363,3321 1408,3321 1453,3318 1498,3321 1543,3318 1587,3318 1632,3318 1677,3318 1722,3318 1766,3318 1811,3318 1856,3321 1901,3321 1945,3318 1990,3321 2035,3321 2080,3318 2125,3321 2169,3324 2214,3321 2259,3321 2304,3321 2348,3321 2393,3321 2438,3321 2483,3321 2528,3321 2572,3321 2617,3321 2662,3324 2707,3324 2751,3321 2796,3321 2841,3321 2886,3324 2910,3321"/>
                <TextEquiv>
                    <Unicode>angelegentlich in die stillen Strassen hinaus</Unicode>
                </TextEquiv>
            </TextLine>
            <TextLine id="tr_2_tl_8" custom="readingOrder {index:7;}">
                <Coords points="761,3541 2943,3559 2878,3418 1230,3429 1106,3367 761,3429"/>
                <Baseline points="778,3477 823,3477 868,3480 913,3480 958,3480 1002,3480 1047,3480 1092,3480 1137,3483 1181,3483 1226,3483 1271,3483 1316,3483 1361,3483 1405,3483 1450,3483 1495,3486 1540,3483 1584,3483 1629,3486 1674,3489 1719,3486 1763,3489 1808,3492 1853,3492 1898,3492 1943,3492 1987,3489 2032,3492 2077,3489 2122,3492 2166,3492 2211,3492 2256,3489 2301,3489 2345,3489 2390,3492 2435,3489 2480,3489 2525,3489 2569,3489 2614,3492 2659,3489 2704,3489 2748,3492 2793,3489 2838,3489 2883,3489 2927,3489 2951,3489"/>
                <TextEquiv>
                    <Unicode>zu sehen und presste die Stirn gedankenvoll an</Unicode>
                </TextEquiv>
            </TextLine>
            <TextLine id="tr_2_tl_9" custom="readingOrder {index:8;}">
                <Coords points="758,3701 799,3715 849,3677 958,3704 979,3686 1085,3712 1135,3751 1203,3757 1259,3730 1295,3748 1365,3707 1362,3530 1277,3521 1203,3568 1156,3547 1118,3574 970,3538 891,3580 820,3556 755,3589"/>
                <Baseline points="770,3632 814,3629 859,3632 904,3632 949,3635 993,3635 1038,3635 1083,3635 1128,3635 1172,3635 1217,3635 1262,3632 1307,3635 1352,3638 1369,3641"/>
                <TextEquiv>
                    <Unicode>die Scheiben.</Unicode>
                </TextEquiv>
            </TextLine>
        </TextRegion>
    </Page>
</PcGts>
