3448 4232
2681 381 2860 608 233
718 760 2383 947 "Eigentlich nur sie, nur die Talma."
697 909 2630 1096 "Tal...ma! Sie? Diese Strene, diese......“
688 1063 2109 1245 "Was Du nicht sagst. Eine....“
700 1203 2872 1427 "Ja eine! Und was für eine. Doch sprich wieder.
688 1367 1915 1543 Was hat sie denn geredet?"
700 1483 2994 1692 "Vom Direktor, vom ganzen Balletwesen, eigentlich
676 1671 1871 1817 nichts und doch so viel."
700 1805 2115 2014 "Und.... liebt sie Dich, haha."
676 1993 2925 2136 Strohmüller seufzte und zuchte die Achseln. "Sie
691 2124 2952 2317 ist mit einem, wie mit dem andern. Ich gehe jetzt
673 2303 2794 2454 nur öfters ins Ballet und dann begleit ichste
664 2449 2869 2589 nach Hause. Das war damals auch, wo mich dieser
664 2618 2961 2791 verrückte Mager getroffen hat. Aber Du hannst mir
673 2740 2874 2898 glauben Adalbert, ich habe sie nicht geküst. "
676 2907 2997 3035 "Haha," lachte der einstige Schauspieler höhnisch,
664 3041 1418 3220 „betrogener Tor.
673 3190 3003 3384 "Was? Jedoch Du solst sie sehen. Und... nehmen wtr
661 3336 3050 3539 an, sie liebt mich nicht. Ich fühle mich xxxh,
670 3524 2964 3697 ich sie kenne viel glücklicher. Ich bin, ui e soll
