3496 4328
2535 441 2740 650 100
782 821 1367 1027 lancholisch.
772 883 2755 1131 Ein zärtlicher Bltok versöhnte sie wieder.
779 1100 3148 1303 Es war betnahe dunkel. Auch jetzt hätte sie Arthur
782 1281 3221 1422 mit Leichtigkeit küssen können. Sie standen vor der
797 1379 3178 1606 Votivkirche,wohin sie langsam durch die grasbewach¬
794 1563 3016 1738 sene Fläche wandeld, gekommen waren. Die Kirche
788 1716 3114 1873 warf, von dem Mond beschienen, lange mattschwarze
788 1860 3200 2054 Schatten auf die ERde. Die Turmuhr schlug acht, und
797 2057 3056 2188 die Turme der Kirche rugten grösser als bei Tag,
803 2188 2755 2345 dunkel in den hellen Sternenhimmel herauf
791 2336 3258 2538 Arthur und Fanni standen vor dem Gotteshausund drück
803 2504 1695 2679 ten sich die Hände.
809 2645 3105 2814 "Hier müssen wir scheiden...leider", sagte sie,es
797 2792 2170 2995 war in der Nähe ihrer Wohnung.
809 2930 3120 3129 „Leider“, wiederholte er und blichte schwärmerisch
803 3083 3129 3267 in ihre Augen. Sie standen sich eine Weile schwei-
797 3261 3090 3457 gend gegenüber, die Hände in einander liegen las-
797 3457 1054 3592 send.
809 3528 3031 3801 "Leb wohl, sagte sie endlich und ging mit ihrem
