3432 4296
2757 422 2876 587 47
1134 594 1887 847 Viertes Kapitel.
1110 803 1930 1012 Die Arts tokraten.
462 1050 2862 1293 Der Leser wird durch ein Abenteuer Kühles mit vie-
469 1259 1488 1468 Ion Personen bekannt.
1586 1681 3038 1893 Die Oper war aus. Nagen um Na
493 1900 2946 2069 gen fuhr vor, aus den erleuchteten Hallen traten die
476 2069 3007 2224 Herren, Fest in die Uebersteher gehüllt und Damen mit
489 2197 3142 2356 weissen, wollenen Tüchern um Hals und Nacken. Galant hat
500 2379 3088 2535 fen die Herren den Damen in die Wagen steigen, stieggen
479 2514 3193 2666 zuletzt ein. Der Pertter schlug die Wagentür, zu und trieb
489 2703 2430 2818 den Kutecher an schnell uetter zu fahren.
493 2855 3078 2997 Was in den einzelnen Wagen beim Nachhausefahren vorging
493 2970 2990 3125 war freilich sehr verschieden. Doch das alles hat uns
496 3122 3166 3287 eigentlich gar nicht zu beschäftigen, wir haben unser Au
506 3260 3142 3439 genmerk nur auf vier junge Leute zu richten, die eben in
496 3399 3132 3638 ein angelegentliches Gespräch vertieft aus dem Opernhaus
