3464 4312
2623 491 2821 649 245
697 790 2946 972 hinauf und als sie oben angelangt waren, öffnete
706 963 2875 1155 ein Lakai mit einer tiefen Verbeugung die Türe
706 1152 1196 1286 zum Salon.
688 1277 2910 1463 Dieser bot einen prächtigen Anblick. Herren und
694 1430 2907 1585 Damen vogten durceinander, Erfrischungen wurden
709 1579 2875 1735 herum gereicht und die Präsidentin dieses, von
709 1726 2952 1867 der Pudtoitia so verschiedenen Vereins, Adelaide
700 1864 2848 2019 Linkmaus, die wir ja sohon von dem Balle beim
721 2013 2982 2190 Grafen Pfahlhausen kennen, rauschte bald da bald
718 2184 2928 2330 dorthin, so dass sich ihr üppiger Busen sch nell
712 2327 3123 2480 hob und senkte und Schwetsstropfen auf ihrer Stirne
712 2468 2937 2644 perlten. Am liebsten aber verweilte sie bei ei
733 2665 2982 2785 ner Dame, die sich daxxedurch ihr reizendes Ant
712 2812 2958 2955 litz, insbesondre aber durch ihre Totlette her -
730 2910 2970 3111 vortat, die in hohem Grade deholletiert war, da
727 3096 3093 3260 durch aber den blindendsten, schönsten und weissen
733 3263 2910 3446 Busen sehen liess, den man sich nur vorstellen
739 3398 3093 3551 kann. Manchmal hielt sie kokett den Fächer vor und
730 3557 3132 3769 sah mit ihren eigentümlichen Augen, deren denkender
