3352 4168
256 345 416 594 12
423 399 539 597 I
2918 413 3061 556 22
440 549 3027 730 "Doch um wieder auf Deine Affairen zu kommen, Wahlmann."
427 686 3044 897 warf der junge Falke daawischen, "erzühl uns etwas davon.
444 880 3041 1051 "Letzhin zum Beispiel!" begann der Aufgeforderte,"bemer¬
433 1041 3119 1194 Ich, während ich ein Schiller sches Gedicht interpreti¬
427 1150 2983 1358 re, eine meiner Schillerinnen, wie sie eben fein säuber
437 1375 3020 1512 lich ein Briefpapier auf die Bank legt und zu schreiben
444 1505 921 1676 beginnt. "
450 1597 2989 1812 "Das ist ja sehr zart und poetisch," spöttelte Otfried.
468 1819 2962 1993 "Ich aber," fuhr Wahlmann fort, "ging schnell zu ihrer
427 1955 3112 2129 Bank und nahm ihr das Briefpapier weg. Ihr könnt Euch den
427 2123 2976 2273 ken wie sie erschrocken war und wie ste errütete....
454 2262 3013 2402 "Du hättest sie aber wahrhaftig weiter schretben lassen
427 2406 2529 2607 können," unterbrach ihn Kühle fast entrüstet.
444 2570 3102 2733 „Du wärst mir ein Lehrer, der sich bespekt zu verschaffen
427 2737 3013 2897 wilsste," lachte Wahlmann."weisst Du denn nicht, dass es
433 2890 3150 3068 das Erste und Wichtigste für einen öffentlichen Lehrer ist
433 3027 3095 3187 sich nicht überlisten, oder besser übertölpe###n zu lassen;
427 3177 3020 3378 denn dann iats aus mit ihm, dann ist der Willkür seiner
410 3365 3140 3518 Schiller oder Schillerinnen Preis gegeben und steht in ihrer
403 3494 3146 3716 Achtung nicht viel höher als eine Puppe, mit der sie spie-
