3384 4264
697 637 3060 913 Und die Mild auf Dich, Jaques,“ vertoldigte stoh
691 886 952 1072 olut.
709 973 3093 1219 “Dort geht der Falke sammt der Fannt, seht Ihr ste!
1817 1171 2165 1360 Cette re¬
697 1195 1324 1393 fragte Gries.
721 1291 3129 1522 “Er scheint ganz Feuer und Flamme zu sein,“ bemerkte
694 1483 2921 1711 Mortz. "Jetzt gibt er ihr die Hand. Ah sie wird
703 1642 3063 1856 wahrscheinlich nach Hause gehen. Dass er sie nicht
715 1820 1829 2012 beglettet, wundert mich.
727 1958 2996 2129 *Da kommt ja ihr langer Cousin," sprach Berthold.
733 2120 2207 2282 *Der Peppt Ritter!“ fragte Glut.
751 2270 2921 2423 Es ist schon so dunkel,man steht ein haun mehr
724 2414 3042 2585 deutlich. Wie viel Uhr iste denn!“ fragte Stelle.
745 2561 2600 2750 "Da schlägts grad acht," erwiderte Glut.
745 2681 2894 2906 „So, da muss toh nach Haus,“ rief Sinnig. “Da
727 2879 3045 3066 kommt schon Falke, er lächelt ganz glückselig. Na
736 3036 1838 3231 servus, Arthur.”
754 3189 3168 3375 „Servus,“ begrüsste Falhe dte Kollegen. “Mtoht sahr
754 3375 2513 3543 es hat jetzt acht geschlagen!"
1102 3525 1189 3714 P.P.
769 3528 967 3729 e. Ja.
