3464 4248
2658 341 2845 545 236
835 627 2896 775 "Nun, lteber Kühle, wann glaubst Du denn ist
823 741 3068 952 der geeignete Zettpunkt für die Verzweiflung da.
805 931 3038 1100 Etwa, wenn ich ihr zu Filssen sinke und sie mich
823 1055 3071 1263 ausSacht, vielleicht gar mir eine schallende Ohr
817 1224 2013 1416 feige appliziert! Nicht?”
829 1392 3074 1546 "Dann schon?“ sagte Kühle sehr ruhig. “Was fällt
808 1546 3071 1706 Dir ein? Da noch lange nicht. Ich sage Dir, ich
820 1709 3062 1856 bin bewandert in der Beziehung. Die Ohrfeige ist
817 1841 3017 2049 lang nicht xxx das ärgete. Hab auch schon ein
802 1989 2938 2143 mal eine bekommen und am nächsten Tag von der
811 2146 2969 2312 selben einen Kuss. Soll ich Dir die Geschichte
811 2327 2953 2471 erzählen? Oder hab ich sie Dir schon atnmd###
808 2444 3225 2646 xx erzählt? Du weisst vielleicht, mit der Kellnerin,
790 2634 3068 2800 Lieschen hat sie gehetssen, mir scheint, ich hab
802 2764 3122 2987 sie Dir einmal gezeigt, die mit der weissen Schür
799 2917 1347 3068 ze. Nicht?"
805 3008 3032 3249 "Ja, ich erinnere mich. Doch das ist einen Aus-
790 3207 3128 3409 nahme. Und dann, eine Kellnerin und eine Tänzerin.
775 3366 1817 3550 Auch ein Vergleich! „
814 3559 995 3695 G.H.F.P.
