3368 4232
2710 455 2846 644 72
676 735 3050 968 Weizen? Sie beiden haben immer so ein Techtel-mech
685 927 3044 1146 tel unter der Bank. Früher war wenigstens Ihr an -
685 1045 3000 1305 derer Nagh,bar ruhtg, der Unterstand. Jetz haben
679 1187 3000 1405 Sie aber auch den in Ihre Kreise gezogen. Ich wer
691 1343 2967 1562 de nächstens bet der Konferrenz beantragen, dass
697 1538 2961 1772 man Sie weiter f vorn hinsetzt, Sie und den wei -
703 1692 2826 1887 zen. " Während dieser Worte varder aufgeregte
688 1860 2888 2040 Professor vom Katheder heruntergerannt und wäh
697 2040 2858 2208 rend er bei der Bank der Schwätzer stand, be -
691 2152 2970 2368 nützte Sinnig die Zeit sich etwas mehr gegen die
720 2347 2893 2530 erste Bank hinzulehnen, um etwas von den ziem-
703 2427 2873 2669 lich laut gedusserten Meinungen Spitzers
706 2654 1432 2828 zu profitieren.
712 2690 2932 2958 Waschlapski warf noch einen vernichtenden Blick
709 2923 2976 3130 auf die Frevler und schritt mit Aplomb gegen das
720 3091 2961 3283 den Katheder. "Also Sinnig haben Sie schon darü
709 3215 2944 3490 ber nachgedacht was "états generaux" zu deutsch
720 3422 1131 3608 heisst?"
1515 3484 1772 3688 to me
732 3573 1470 3753 „Generals tände.“
