3528 4328
2633 531 2801 708 123
696 855 2896 1044 ein solcher Fall eintreten musste, dessen nie-
702 1006 3073 1209 derschmetternde Wirkung mich veranlasst, die Sitz¬
702 1174 3014 1371 ung für heute aufzuheben. Meine Herren, die Sitz¬
693 1380 1713 1548 ung ist geschlossen!"
690 1504 2822 1698 Man stand auf, nach und nach leerte sich idas
717 1687 1221 1828 Gastzimmer
734 1802 2975 1955 "Also, Herr Falche, Herrs Floch, wenn ich sie auf
717 1943 2135 2102 ein paar Worte bitten dürfte.“
705 2082 2969 2259 Der Kanzleirat wie auch Herr Flock, ein Mann mit
731 2288 2922 2439 ganz gewöhnlichem Gesicht und ganz gewönlicher
717 2439 2896 2565 Statur, beeilten sich, dem Rufe des Professors
719 2604 1525 2760 Folge zu leisten.
770 2713 2925 2890 "Sie wünschen?" fragte der Kanzletrat gemessen.
714 2866 2940 3022 Mager antwortete nichts, sondern nahm beide bei
734 3014 2919 3164 der Hand und ging schweigend mit ihnen aus dem
731 3223 1064 3353 Zimmer.
725 3320 2872 3494 Als sie im Freien angekommen waren, begann er.
749 3444 3011 3686 "Also Herr Floch, sie wohnen Molkerbastet Nr. 5
743 3662 1153 3813 Jawohl."
755 3801 3093 3978 „Und haben eine blonde, etwa vierzehnjährige Toch¬
