3528 4344
2740 416 2930 589 664
744 788 2989 1069 "Ich bin dafür," schrie Weizen, "dass wir unsern
730 914 2948 1204 geehrten Herrn Professor zu dem Haus der Familie
738 1160 1626 1348 das Geleite geben.
759 1304 2030 1500 "Ja, ja, ja," erschallte es.
768 1389 3062 1670 "Also ich leiste danchend auf Ihre Freundlichkeit
753 1529 2971 1808 " Verzicht," sprach der bedrängte fromme Mann und
762 1661 3000 1969 war auch schon davongeeilt. Ein schallendes Ge-
774 1928 2288 2133 lächter schallte ihm nach. - -
765 1951 3035 2239 Kurz vor Mitternacht wars, als mit dem Pftff der
771 2133 2962 2429 Lokomative ein Zug von Mödling fortbrauste. In
797 2277 2994 2555 einen Coupe saisen Fiedel und Albertine; es war
797 2444 2921 2719 so lauschig einsam, der Zug Mämpfte durch die
791 2567 3153 2839 nächtliche Gegend, eine angenehme Luft wehte durch
806 2722 3018 3033 die offenen Fenster des Waggons. Oben am Himmel
815 2898 3024 3170 strahlten die Sterne. Hermann hatte Albertinens
803 3030 3030 3328 Hand gefasst. "Gestehe es nur," sagte er letse,
832 3258 2461 3501 "Du tatest gar zu schön mit Nelke.“
835 3334 3161 3642 "Und Du gar zu schön mit Estrella," schmollte sie.
861 3542 3103 3821 "Ich glaube wir lieben uns doch noch, obwohl der
