3240 3608
462 676 2555 997 zeugt, schritt brummend die Treppen hinunter.
464 840 2617 1164 Lent stand schon da und Atthur mochte ein sehr
470 1078 1408 1295 liebevolles Gesicht.
539 1179 2683 1405 Was wollen Sie, Lent!" fragte er so freundlich
494 1399 1057 1593 als möglich.
515 1486 2516 1754 „Nun, ich muss den jungen Herrn einsperren.
542 1644 2796 1873 "Lassen Sie sich das vergehen, geben Sie aber gut
515 1810 2132 2007 aufs Haus Acht, ich geh spazieren!“
518 1944 2918 2180 Er nichte dem Stubenmädchen freundlich zu und schick
536 2084 2754 2340 te sich an, die Stiegen hinunter zu laufen. Leni
524 2266 2340 2495 aber, hielt ihn auf und zog ihn zurück.
575 2415 2775 2647 Kockes Ding, will Sie mich etwa küssen? Ist das
575 2525 2811 2790 je erhört worden!! Weh Ihr, wenn Sie ein Wert da¬
566 2701 2763 2954 von sagt, dass ich spazieren gegangen bin, sons
590 2900 1867 3085 sag ich von Ihrer Küsserei.“
578 2969 2855 3284 Er warf einen spöttischen Blick auf die verdutzte
566 3198 1766 3368 Lent und stürmte hinunter.
