3544 4376
2464 546 2628 709 320
582 867 2901 1206 rührten, wie aber der frivole Weizen äusserte, ob
612 1018 2889 1358 sich Mager nicht vielleicht eines Rendez-vous er¬
612 1176 2904 1525 innere, das er vor Zeiten in einer Kirche gehabt.
618 1319 2892 1707 Soll ich zum Aerger jedes edelfühlenden menschen
649 1482 2865 1807 erwähnen, dass Sinnig stinem Freunde Falke eine
649 1613 3065 1970 Zigarette zusteckte und ihm ins Ohr flüsterte. "komm
670 1773 3022 2107 hinaus, wir wollen rauchen“! Wehe- was muss ich da
685 1892 3119 2249 sehen. Da stehts! Meine armen Leser- ich meine nicht
694 2067 3113 2419 die, welche diese Seite überschlugen, in der Furcht,
706 2243 3092 2574 mit den Worten"heiss strahlte die Sonne herab", be¬
718 2395 3049 2737 ginne eine wenn auch poettsche, so doch langweili¬
737 2549 3007 2886 ge Schilderung- aber meine andern armen Leser ha¬
743 2704 3095 3040 ben jetzt erfahren, wie sich die Frivolität selbst
755 2837 3116 3174 In die Kirchen verirrt, und wenden sich vielleicht
785 2986 2946 3310 ..doch genug dieser Bemitleidung des Lesers.
779 3137 3152 3462 Wenn auch verspätet, rat ich jedem, die vorige Sei¬
803 3286 3149 3613 te nicht zu lesen( hier rechne ich auf die, welche
806 3431 3043 3765 die Gewohnheit haben, bei einem Buch zuerst die
818 3638 3195 3956 letzt, dann die vorletzte und so weiter zu lesen.
