3432 4216
2698 379 2883 606 232
678 651 2856 917 Jenes unstnntgen Vereins. Ja, jenes unsinnigen
684 845 2898 1067 Vereins," wiederholte er mit noch grösserm Nach
681 1022 2856 1246 drucke, als er bemerkte, dass der andre grosse
666 1201 3062 1398 Augen machte. "Unsinntg im höchsten Grade, wider
696 1350 3032 1530 streitend den Gesetzen der Natur, des menschlichen
678 1494 1201 1694 Herzens. “
693 1655 1410 1846 HHerzens, aha.“
702 1816 2865 1996 "So höre doch endlich. Ich lernte sie in einer
702 1954 2916 2133 Soirée betm Grafen Pfahlhausen kennen und....be
699 2094 2916 2291 gleitete sie nach Hause. Ich weiss selbst nicht
699 2262 2892 2462 wie es kam. Wer sprachen, als sie sich aus dem
705 2408 3107 2596 Salon entfernte sprachen wir noch immer und als ste
720 2575 2973 2737 die Jacke anzog, zog ich mir den Rock an und als
726 2737 2958 2880 sie die Treppe hinunter ging, ging ich auch hin-
723 2850 2883 3038 unter. Leider auch ein hölzerner Leutnant, der
723 3017 2130 3221 kein Wort zu sprechennuusste.“
747 3176 2333 3364 "Hast Du denn so viel gesprochen!"
753 3316 2596 3525 "Nein, das kann ich gerade nicht sagen."
747 3471 2772 3699 "Nun, wer hat denn eigentlich was geredet?"
