3544 4344
2574 522 2773 671 o/o 298
635 662 2969 941 habe- nun aber habe sie ganz entsetzliche Furcht.
662 846 3049 1069 "Furcht!" warf Fiedel daswtschen, "Fureht vor Her¬
665 1006 3010 1208 ren in der Dunkelheit? Wird sich legen. Warten Sie
662 1199 1612 1383 nur- in einem Jahr.“
686 1268 3049 1517 "Uebrigens hab ich mich trefflich mit ihr unterhal¬
680 1455 2951 1686 ten"fuhr Falke fort, "und zum Schluss küsste ich
686 1591 2479 1829 thr die Hand. Sie war sehr freundlich.
698 1775 2532 1974 "Und Estrella?" fiel Fiedel dazwtschen.
695 1927 2963 2170 “Sie meinen doch nicht...Doch mit wem waren Sie
695 2120 1161 2313 zusammen?
715 2289 1202 2464 "Mit ihr."
721 2354 3108 2580 "Ah, mit ihr; es gibt also schon eine ganz bestimm¬
715 2565 1458 2755 te sie für Sie?
736 2630 3093 2886 "Komische Frage! Natürlich... das heisst- bis jetzt
724 2844 2402 3073 nur immer eine sie für einen Monat.
742 2998 2054 3212 “Gottloser,“ scherzte Falke.
766 3141 2773 3361 "Lachen Sie nicht, es ist ganz mein Ernst."
775 3275 3064 3494 "Und verwetfelt denn die Betreffende nicht, wenn
745 3468 2155 3669 Sie sie so schnell verlassen?"
760 3583 3004 3845 "Nein durchaus nicht- höchstens einen Tag lang."
