3320 4232
2858 326 3006 571 23
433 598 3020 769 len wie und was sie wollen. Und das ist sehr arg für et
437 729 3090 910 nen Lehrer. Und nun denkt Euch erst, was das für ein an
443 897 3130 1078 genehmes Gefühl ist, von diesen vorlauten, naseweisen Back.
450 1034 3013 1206 fischen despektierlich behandelt und als eine Puppe be
447 1196 2865 1354 trachtet zu werden. Hätte ich aber das Fräulein weiter
447 1374 2972 1498 schretben lassen, so hätten sich alle ihre Kolleginnen
447 1471 3117 1656 befugt gehalten dasselbe zu tun, und sie hätten am Ende ge
437 1703 3103 1817 meint meine Stunden seten nur dazu da, um Liebesbriefe zu
450 1837 2700 1972 schreiben und dergleichen Allotrta zu treiben. "
453 1965 3030 2150 "Bravissimo Wahlmann, Du hast Talent zum Redner und ich
447 2143 2496 2297 kann Dir nicht so Unrecht geben" sagte Feld.
460 2297 3013 2449 "Also wars ein Liebesbrief, ein wirklicher wahrhaftiger
443 2415 2408 2623 Liebesbrief?" fragte Kühle ganz neugierig.
487 2576 3056 2758 "Wie gesagt, nahm ich also, den Brief und sah xxx die ange
460 2727 2929 2905 fangene Ueberschrift, "Teuer....." selbstverständlich
450 2915 3134 3040 fehlte noch einze und ein r und der Name des Betreffenden.
437 3043 3020 3211 Ich fragte sie, wem denn der Brief zugedacht vor.Zuerst
460 3214 3154 3365 stotterte ste und endlich sagte sie den Namen einer Kolle
443 3359 1548 3523 gin „Matilde Liebmann."
453 3527 3144 3685 "Und das ist das Ganze?" fragte Kühle enttäuscht. "Ich hät
