3480 4312
2781 445 2971 626 114
805 752 2585 960 Glas Bier langsam zu den Lippen erhob.
2702 919 3009 1095 I, be
814 972 2664 1101 "In einem Verein ist man nie "unter uns'
796 1066 3153 1282 hauptete Falke, "und ich muss gestehen, Herr Viel
805 1244 3080 1423 maier, Ihr Benehmen. ich muss schon sagen - ja
805 1432 2040 1569 das muss ich gestehen..“
828 1549 3100 1721 "Nächstens einmal," unterbrach Vielmater ###n Prä
826 1669 3091 1859 sidenten, "es hat ja Zeit. Und offen gesagt, hab
826 1847 3100 2040 Ich schon gar nicht mehr daran gedacht, dass ich
823 2023 2240 2190 mich für heute gemeldet habe.“
846 2152 3103 2342 "Nun lassen wir es für heute sein, wer will wohl
837 2342 2269 2503 statt dieses Herren sprechen?"
826 2497 1698 2661 Alles blieb still.
861 2605 3089 2772 "Also Herr Strohmüller ist mal ein Dichter," be
846 2740 3074 2916 merkte Mager mit sarkastischem Lächeln.“Er wird
843 2913 2986 3100 mal gern chechen die Immoralität reden. Nicht
852 3027 2474 3235 wahr, Sie sind doch mal ein Poet?“
872 3211 2860 3408 "Ja, ich bin zwar sozusagen Poet, aber....
884 3387 3173 3554 "Aber es ist noch nicht aller Tache Abend, " fiel
869 3548 3153 3753 ihm Mager ziemlich unnotiviert dazwischen, indem
