3416 4264
2985 315 3110 571 10
860 554 3158 783 Sinntag, der diese Forte mit grosser Schnelligkeit
857 688 3173 920 herausbuchstabiert hatte, da er ja schon sett et
848 863 3235 1071 niger Zeit gewohnt war in ihren Augen xxx zu lesen,
872 1030 3265 1202 sah ein, dass seines Bleibens in diesem Hause nicht
872 1149 3208 1372 länger sei.. und verlisse sie zur selbigen Stunde.
854 1313 3208 1518 Man steht der bletshe xxxx Junge Mann hatte Un-
887 1426 3182 1682 glück in der Liebe. Von der dritten “Pession” er
893 1637 3232 1860 fuhr selbet sein intimer Freund Arthur Falke nur so
908 1804 3194 2009 viel, dass er in der letzten Zeit auf der Strasse
887 1970 2375 2176 manchmal et nam Mädchen begegne.
884 2080 3173 2330 Der Erzähler dieser wahrheitsgetreuen Geschichte
893 2226 3143 2488 kann übrigens daran gar nichts besondree finden
920 2411 3226 2631 und er verstchtert, dass ihn das auch schon manch
911 2607 1747 2798 mal passtort tat.
923 2667 3292 2929 Kommen wir denn wieder auf unsre Geschichte zurück.
935 2848 3235 3083 in der uir stehen geblieben sind, ale Sinnig ent
935 3009 3241 3226 rüstet ausrief: “Geh weg, ich bin nicht so dann.
932 3176 3283 3408 und wir uns deshalb zur Brüuterung seiner dennoch
940 3321 3170 3551 vorhandenen, ihn wohl bewusten Dumheit genö-
952 3560 1491 3705 tigt sahen.
