3512 4312
2701 513 2898 716 229
739 842 1867 1022 stand, die Hand reichte.
727 974 2953 1151 Sie gingen aus einander. Eben schlug es neun auf
753 1146 2998 1317 der Turmuhr und eben machte sich auch Arthur Fal
750 1257 2861 1475 ke vom Volksgarten aus, wo er den Abend sehr
745 1443 2998 1618 lustig und süss in Fannis Gesellschaft verbracht
747 1584 3007 1778 hatte, auf den Weg nach Hause, und er hätte wohl
756 1755 3050 1942 kaum seinem Freund Sinnig, der ihn begleitete, sc
756 1873 2924 2065 guter Laune von kommenden Kilssen auf bewus ter
753 2019 3036 2222 Landpartie geredet, wenn er nur etne Ahnung von
773 2154 3070 2363 dem gehabt hätte, was eben zwischen drei Personen
773 2348 2950 2520 vorgegangen war, welche sich so angelegentlich
779 2517 1687 2701 um ihn bekümmerten.
770 2560 3073 2835 Aber er wusste nichts und darum war er glücklich.
2500 2832 2692 3016 e5e
1761 2878 2325 3087 von der Länge
2580 2981 2904 3179 G.H.F.
1472 3056 2420 3282 * * * * ̃ *
2386 3147 2841 3331 G.H.F.P
1054 3245 1784 3454 schwere Hand zu
1011 3339 2300 3557 " Stimme hinter ihm sprach: '
1638 3494 2328 3689 sich un sein I
1088 3525 1627 3740 Dorufene aan
