3416 4136
2556 522 2733 636 420
730 727 2377 1023 "Mir ists schon recht, junger Herr."
715 992 1676 1160 “Na, hör Er mir zu.”
727 1114 2864 1320 "Junger Herr, wenn ich schön bitten dürft, was
710 1288 2303 1456 kommt denn in dera G'schicht vor?“
724 1445 2688 1616 "Kaiser, Könige, Gräfinnen, Kaiserinnen "
735 1590 2733 1770 "Sackerment, ist das a nobligte G'schicht "
727 1699 3018 1850 "Also, hör Er mir zu. "Die Kaiserin Katharina und
718 1881 2955 2098 der russische Offizier.“ Aber zünd Er die Wagen
715 2052 1676 2166 laternen zuerst an.“
710 2143 2916 2368 Der wissbegierige Rosselenker führte den Befehl
701 2314 2964 2511 Arthur aus, der sich inwischen in den Wagen
730 2508 2941 2693 gesetzt hatte, und als sich der Freundliche Kut¬
712 2636 2950 2830 scher wieder umdrehte, mit ernster Miene zurief:
704 2824 1308 2941 Nach Hause!"
715 2910 2625 3121 Ganz erstarrt sah ihn der Rosselenker an.
741 3101 2870 3309 "Nach Hause, hab ich gesagt! Versteht Er nicht
707 3201 1168 3411 dentsch?“
704 3360 2910 3548 Kopfschüttelnd setzte sich der Kutscher auf den
693 3557 2881 3691 Bock und trieb die Pferde in der Richtung nach
