3384 4184
2766 298 2901 551 15
416 534 2952 774 endlich melancholisch war. Vor etlichen wanzig Jahren
406 720 3023 879 hatte derselbe nämlich eine ergreifende historische Tra¬
419 879 3009 1048 gödte geschrieben, die einen glänzenden Durchfall erdul¬
413 1038 2979 1204 den musste. Seitdem hatte er sich von dem Schaplatz der
409 1204 3131 1339 Oeffentlichkeit zurückgezogen, hielt sich für ein verkann
413 1349 2948 1467 tes Gente, fristete sein Leben durch Lektionen. Er war
419 1444 2996 1630 Jetzt etwas 45 Jahre alt, sein blonder Schnurrbart hing
416 1653 3114 1775 traurig zu beiden Seiten hinab und seine grauen Augen sah
419 1779 3097 1958 en trübselig in die Welt hinein. Wenn wir nur noch erwäh-
409 1951 3090 2093 nen, dass sich über sein Leben auch xxx der Schatten eines
413 2113 3006 2279 unglücklichen Liebe breitete und er der intimste Freund
423 2245 3090 2387 des vielgenannten Herrn Loser war, so haben wir die wich
429 2421 3047 2580 tigsten Punkte dieses Künstlerdaseins erschöpft. Wir wol
423 2560 2489 2708 len wieder auf die Versammlung zurückkommen.
2556 2529 2935 2702 Statute
429 2719 3033 2850 "Natürlich werden Jünglinge ins diesen Verein aufgenom -
413 2823 3101 3009 men", sprach Falke. Es ist das beste Mittel die leicht zu
416 3040 2915 3189 verderbende Jugend auf der Bahn der Tugend zu halten,
416 3192 2911 3337 denn wievielen Gefahren drohen jetzt den ahnungslosen
409 3317 2678 3516 Jünglingen:Zum Betsptel, wenn S sie abends....“
436 3486 3145 3686 "Herr Kanzletrat hören Sie auf", lispelte Jakob Mager,
423 3652 1525 3838 "das ertrag ich n'icht."
