3448 4376
2537 405 2699 555 assa
633 697 2754 923 Der grosse Kränzlein, ein sehr hübscher, gross
648 821 2800 1053 gewachsener, kräftiger, schlanker und begabter
642 992 2858 1177 junger Mann, hielt sich für unwiderstehlich und
642 1105 2965 1331 war es zum Teil. Er hatte schon viele Eroberungen
671 1287 2968 1493 gemacht, worauf nicht allein er, sondernauch sein
668 1412 2791 1660 Bruder Josef sehr stolz war. Josef hielt sich
680 1591 2838 1776 ebenfalls für unwiderstehlich und war das, was
686 1753 2991 1944 man eingebtldet zu nennen pflegt. Aber es durften
688 1895 2887 2080 sowohl ihm, als auch seinem Bruder in geistiger
694 2051 2866 2245 und körperlicher Beziehung vortreffliche Eigen
697 2207 2864 2409 schaften nicht abgesprochen werden. Josefs ver
700 2346 2979 2569 schmitztes Lächeln hat zur Folge, dass die klei
709 2508 2921 2713 ne Fanni den Blick zu Boden senkte und ihn dann
697 2626 3026 2892 langsam, mit einem eigentümlichen Ausdruck zu ihm
717 2797 2985 3049 erhob. Oh, oh! Armer Arthur, wie Du die Stirn in
706 2950 2832 3173 FaI ten ziehst. Heute bist Du nicht so glück —
723 3141 1762 3344 lich, als Dein Bruder.
729 3208 2846 3500 Bachantische, tolle Musik.... die Berggeister
743 3439 3046 3627 stürzen herein, der Berggeist, den wir früher als
740 3592 2979 3807 Studenten kennen gelernt haben, schien eben von
