3416 4296
2825 392 2963 533 50
507 609 3088 836 Er stieg eine bette, noch hell erleuchtete, mit Teppt
527 793 3036 991 chen versehene Treppe hinauf. Im ersten Stock war die
524 945 2986 1159 Türe wett geöffnet. Zwet in Livree gekleidete Diener
547 1080 3125 1297 standen ### ehrerbietig an den beiden Seiten und vor -
543 1198 3138 1462 beugten sich vor der eintretenden Talma. Dieselbe hatte
553 1422 3105 1590 sich umgewandt, erblichte Kühle und lächelte. Aufs Ge-
543 1538 3023 1771 ratowohl trat er auch ein, legte im Vorzimmer seinen
540 1689 3108 1906 Roch ab und trat durch die von Talma geöffnete Türe in
579 1850 3171 2078 einen prächtig erleuchteten Salon, der durch ofjene Flü
570 1992 3217 2232 geltüren mit anderen Zimmern in Verbindung stand. Herren
576 2170 3042 2361 und Damen wogten durcheinander, keiner sah sich nach
583 2325 2983 2509 ihm um und er freute sich, dass ihm sein Abenteuer
579 2479 3006 2670 bis Märher so wohl gelungen war. Talm, die ihren
589 2608 3177 2848 Theatermantel abgelegt hatte und nun im schweren, meisz
589 2766 3105 3003 sen Seidenkleide hereingerauscht war, wurde von e them
609 2930 2976 3125 intelligent aussehenden, etwa vierzig Jahre alten
593 3069 3092 3292 Mann, der sie zum Sitzen etulud und den sie mit "Herr
612 3256 2453 3460 Graf anredete, sehr höflich empfangen.
606 3372 3032 3602 Kühle blieb in einiger Entfernung stehen, als plötz
609 3556 3039 3786 lich eine, im mittleren Alter stehende Dame auf ihn
