3560 4376
2676 524 2874 671 294
802 844 2964 1141 noch immer ists dieser Junge Mann, der mir das
811 1093 1739 1257 Herz schwer macht.“
832 1156 3239 1374 "Dieser Nelke? Ah was, machen Sie sich keine Sorgen.
820 1296 3182 1530 Sollte sie nicht zweimal lieben können! Wollen Sie
838 1488 2308 1718 mir die Wahrheit sagen, Falket"
850 1674 1575 1832 "Die Wahrheit?“
859 1763 3248 2027 "Ja, die Wahrheit, wenn ich Sie frage, ob Sie schon
856 1982 1916 2144 einmal geliebt haben.“
868 2126 1916 2266 „Wie mans eben nimmt."
877 2209 3173 2416 "Sehen Ste! Aber ichm bin auf genaueres begierig.
907 2317 3314 2637 Ich war damals vierzehn Jahre... aber Sie werdenx
880 2611 1296 2736 lachen!"
898 2718 1587 2883 "Gewiss nicht."
919 2853 3194 3021 "Aber lächeln-und ein solches tronisches LächeIn-
895 2955 3105 3251 hu, das ist zehnmal ärger, als ein helles lautes
904 3218 1323 3341 Lachen."
928 3323 2063 3545 “Aber erzählen Sie nur.”
931 3428 3269 3712 „Ich war in den Flegeljahren und sie- sien sie war
937 3652 2120 3871 etwa fünfzehn Jahre alt."
