3448 4344
2819 430 3014 581 255
747 702 2925 907 und verdriesslich warf sie sich auf das weiche
720 859 3070 1070 Sofa, indem sie den Fächer nachlässig an ihre sei
753 1022 3073 1221 te legte. Einige Zett sass sie so da, die dunkelnn
735 1197 3079 1446 Augen zu Boden gerichtet. Das matte Licht, das im
729 1346 2990 1600 Raume herrschte diente dazu das Bild, das sich
753 1488 2979 1749 dabot noch malertscher zu machen. Endlich stand
762 1719 2907 1912 sie auf und trat zum Fenster; Es war eine wun
765 1781 3026 1974 derbar schöne Frühlingsnacht, die tiefste Stille
768 1932 3118 2205 lag über den leeren Strassen, nur selten, dass ein
765 2137 3032 2356 einsamer, nächtlicher Spaziergänger vorüber
759 2303 3041 2475 wandelte. Der Mond beleuchtete das gegenüber die
768 2448 2999 2688 gende Haus, wo schon alles in tiefem Schlafe zu
759 2647 1434 2819 liegen schien.
765 2744 3070 2958 Nur ganz kurze Zett hatte Talma gedankenvoll hin
771 2860 3145 3103 ausgestarrt, als sie sich umwandte und in der Türe
777 3070 3094 3287 eine blinde, lange Gestalt stehen sah, welche sie
777 3177 3062 3429 süsslich anlächelte. Der Poet - denn niemand an -
782 3308 3065 3521 derer war die Erscheinung gewesen - trat schnell
779 3488 3162 3743 auf Talma zu, die mit einer enttäuschten Miene den
777 3746 1097 3897 Fächer
