3432 4328
2425 338 2623 478 275
593 675 2823 901 längst war zehn vorüber, da machte endlich Frau
596 806 2915 1007 Keiles die sehr richtige Bemerkung, dass sie sich
612 928 2948 1159 eigentlich schrecklich lang hier aufgehalten habe.
612 1159 2960 1296 Jetzt dünkte es selbst der Frau Irene Flock zu ge¬
624 1263 2921 1491 fährlich, die Freundin nach dem gewöhnlichen Kon¬
624 1381 3070 1600 versationston zu längerem Bleiben aufzufordern, denn
636 1594 2547 1804 das hätte geheissen die Götter versuchen.
630 1749 1670 1947 Endlich warx sie fort.
627 1902 1585 2084 Nun fing es aber an.
651 2060 2988 2218 "Merhwürdig, dass sie einmal gegangen ist, die alte
648 2172 3036 2361 Jüdin, ich habe schon gemeint sie bleibt über Nacht
657 2373 2851 2522 da. Donnerwetter noch einmal, setz Dich nieder,
648 2501 2969 2662 Alte und hör mir zu. Ich bin sonst ein sehe gutmil
672 2656 2960 2842 tiger Mensch, wie man so sagt ein Lamm, aber wenn
669 2799 2893 2976 es drauf ankommt, werd ich zum Tiger.. Ja, zum
666 2963 2973 3134 Tiger!" Und er rückte der bedrängten Gattin immer
672 3146 1573 3313 mehr auf den Letb.
691 3255 2437 3450 "Aber was hast Du denn, Lieber Mann!"
697 3414 3027 3566 "Eine Tochter, die verliebt ist- ja, verlobt ist,
