<?xml version="1.0" encoding="UTF-8" standalone="yes"?>
<PcGts xmlns="http://schema.primaresearch.org/PAGE/gts/pagecontent/2013-07-15" xmlns:xsi="http://www.w3.org/2001/XMLSchema-instance" xsi:schemaLocation="http://schema.primaresearch.org/PAGE/gts/pagecontent/2013-07-15 http://schema.primaresearch.org/PAGE/gts/pagecontent/2013-07-15/pagecontent.xsd">
    <Metadata>
        <Creator>prov=READ-COOP:name=TrHtr:version=2.1.0:model_id=51170:date=14_08_2023_17:55</Creator>
        <Created>2023-05-10T14:32:14.867+02:00</Created>
        <LastChange>2023-08-14T17:55:37.542+02:00</LastChange>
        <TranskribusMetadata docId="1428639" pageId="55421709" pageNr="89" tsid="132819469" status="IN_PROGRESS" userId="64420" imgUrl="https://files.transkribus.eu/Get?id=PGJLKEJARSVRXBMAAKMYGESH&amp;fileType=view" xmlUrl="https://files.transkribus.eu/Get?id=YIKKVARFFKBAWECSZOLYLXPP" imageId="44695790"/>
    </Metadata>
    <Page imageFilename="1428639_0089.jpg" imageWidth="3416" imageHeight="4248">
        <ReadingOrder>
            <OrderedGroup id="ro_1711818771666" caption="Regions reading order">
                <RegionRefIndexed index="0" regionRef="tr_1"/>
                <RegionRefIndexed index="1" regionRef="tr_2"/>
            </OrderedGroup>
        </ReadingOrder>
        <TextRegion id="tr_1" custom="readingOrder {index:0;}">
            <Coords points="701,454 3024,454 3024,2741 701,2741"/>
            <TextLine id="tr_1_tl_1" custom="readingOrder {index:0;}">
                <Coords points="2527,530 2541,533 2556,527 2602,556 2614,545 2637,559 2651,559 2663,432 2648,429 2622,440 2608,432 2596,440 2573,440 2550,449 2532,443"/>
                <Baseline points="2546,513 2576,510 2621,507 2665,504"/>
                <TextEquiv>
                    <Unicode>86</Unicode>
                </TextEquiv>
            </TextLine>
            <TextLine id="tr_1_tl_2" custom="readingOrder {index:1;}">
                <Coords points="690,901 2393,916 2912,814 2921,652 1741,785 695,788"/>
                <Baseline points="707,892 728,892 773,886 817,883 862,877 907,877 952,871 997,871 1041,868 1086,868 1131,868 1176,865 1220,865 1265,865 1310,862 1355,862 1400,859 1444,856 1489,853 1534,850 1579,847 1623,844 1668,847 1713,844 1758,841 1803,841 1847,838 1892,835 1937,829 1982,829 2026,829 2071,826 2116,823 2161,820 2206,820 2250,817 2295,817 2340,814 2385,814 2429,809 2474,806 2519,806 2564,806 2609,803 2653,803 2698,800 2743,797 2788,794 2832,791 2877,791 2922,785"/>
                <TextEquiv>
                    <Unicode>geht der Papa in seinen Klub. Servus alsoi Heut</Unicode>
                </TextEquiv>
            </TextLine>
            <TextLine id="tr_1_tl_3" custom="readingOrder {index:2;}">
                <Coords points="681,1066 1275,1130 1944,994 2301,1089 2521,1060 2530,875 1431,962 1118,919 684,997"/>
                <Baseline points="701,1041 740,1041 785,1038 829,1038 874,1035 919,1035 964,1035 1009,1032 1053,1026 1098,1026 1143,1023 1188,1023 1232,1020 1277,1020 1322,1017 1367,1014 1412,1014 1456,1014 1501,1011 1546,1009 1591,1006 1635,1006 1680,1003 1725,1000 1770,997 1815,994 1859,991 1904,988 1949,985 1994,985 2038,982 2083,982 2128,979 2173,979 2218,973 2262,973 2307,970 2352,964 2397,964 2441,964 2486,964 2531,964"/>
                <TextEquiv>
                    <Unicode>Abend. Ich bin ganz glücklich. Servus.“</Unicode>
                </TextEquiv>
            </TextLine>
            <TextLine id="tr_1_tl_4" custom="readingOrder {index:3;}">
                <Coords points="2353,1678 2396,1681 2440,1646 2512,1678 2596,1663 2631,1692 2837,1643 2886,1660 2909,1652 2912,1533 2811,1556 2735,1539 2669,1562 2573,1515 2503,1550 2443,1533 2356,1559"/>
                <Baseline points="2373,1623 2379,1623 2424,1623 2468,1623 2513,1620 2558,1618 2603,1618 2647,1618 2692,1615 2737,1612 2782,1615 2827,1615 2871,1609 2916,1612"/>
                <TextEquiv>
                    <Unicode>s la Gédante</Unicode>
                </TextEquiv>
            </TextLine>
            <TextLine id="tr_1_tl_5" custom="readingOrder {index:4;}">
                <Coords points="2011,1698 2080,1704 2101,1689 2118,1686 2141,1698 2185,1683 2179,1521 2135,1524 2121,1515 2101,1536 2080,1530 2054,1550 2005,1536"/>
                <Baseline points="2023,1629 2068,1629 2113,1632 2158,1632 2188,1632"/>
                <TextEquiv>
                    <Unicode>G.C.F.P.</Unicode>
                </TextEquiv>
            </TextLine>
            <TextLine id="tr_1_tl_6" custom="readingOrder {index:5;}">
                <Coords points="1802,1683 1828,1689 1852,1666 1860,1675 1892,1675 1933,1695 1959,1695 1959,1536 1930,1533 1857,1568 1843,1573 1831,1565 1817,1579 1802,1579"/>
                <Baseline points="1818,1632 1862,1632 1907,1632 1952,1632 1967,1632"/>
                <TextEquiv>
                    <Unicode>G.H.F.P.</Unicode>
                </TextEquiv>
            </TextLine>
            <TextLine id="tr_1_tl_7" custom="readingOrder {index:6;}">
                <Coords points="1620,1814 1759,1857 1979,1799 2895,1846 2898,1710 2842,1695 2509,1721 2254,1678 2069,1741 1869,1672 1623,1707"/>
                <Baseline points="1635,1803 1647,1803 1692,1809 1737,1803 1782,1803 1826,1800 1871,1794 1916,1797 1961,1797 2006,1791 2050,1791 2095,1788 2140,1791 2185,1788 2229,1788 2274,1788 2319,1785 2364,1782 2409,1785 2453,1782 2498,1782 2543,1782 2588,1779 2632,1776 2677,1776 2722,1773 2767,1773 2812,1776 2856,1776 2901,1776"/>
                <TextEquiv>
                    <Unicode>e. vor ihm lag aufgesellagen</Unicode>
                </TextEquiv>
            </TextLine>
            <TextLine id="tr_1_tl_8" custom="readingOrder {index:7;}">
                <Coords points="687,1825 837,1814 1032,1907 1060,1880 1113,1898 1179,1849 1356,1872 1457,1837 1457,1738 1385,1736 1353,1701 1284,1750 1214,1712 1049,1756 1017,1730 907,1750 843,1712 811,1736 785,1710 687,1710"/>
                <Baseline points="704,1812 722,1812 767,1815 811,1812 856,1812 901,1812 946,1812 991,1809 1035,1809 1080,1809 1125,1809 1170,1809 1214,1809 1259,1806 1304,1806 1331,1803 1376,1800 1420,1800 1465,1800"/>
                <TextEquiv>
                    <Unicode>Dersunken Frits.</Unicode>
                </TextEquiv>
            </TextLine>
            <TextLine id="tr_1_tl_9" custom="readingOrder {index:8;}">
                <Coords points="693,1967 2127,2025 3016,1944 3016,1866 1947,1892 1811,1820 693,1892"/>
                <Baseline points="707,1967 740,1964 785,1967 829,1967 874,1964 919,1964 964,1964 1009,1964 1053,1961 1098,1958 1143,1958 1188,1958 1232,1958 1277,1958 1322,1961 1367,1958 1412,1955 1456,1955 1501,1955 1546,1949 1591,1952 1635,1949 1680,1949 1725,1949 1770,1949 1815,1949 1859,1949 1904,1946 1949,1943 1994,1943 2038,1943 2083,1940 2128,1940 2173,1940 2218,1940 2262,1940 2307,1940 2352,1940 2397,1934 2441,1934 2486,1934 2531,1931 2576,1931 2621,1928 2665,1928 2710,1928 2755,1925 2800,1925 2844,1925 2889,1925 2934,1925 2979,1922 3024,1925"/>
                <TextEquiv>
                    <Unicode>ein Nottzbuch, in das wir ungestraft Bliche werfen</Unicode>
                </TextEquiv>
            </TextLine>
            <TextLine id="tr_1_tl_10" custom="readingOrder {index:9;}">
                <Coords points="693,2124 829,2196 2133,2098 2585,2141 2828,2109 2831,1982 695,2078"/>
                <Baseline points="707,2122 731,2122 776,2125 820,2125 865,2122 910,2122 955,2122 1000,2122 1044,2119 1089,2119 1134,2119 1179,2116 1223,2113 1268,2113 1313,2116 1358,2113 1403,2113 1447,2110 1492,2107 1537,2104 1582,2101 1626,2101 1671,2101 1716,2098 1761,2101 1806,2101 1850,2101 1895,2098 1940,2095 1985,2095 2029,2095 2074,2089 2119,2089 2164,2089 2209,2086 2253,2086 2298,2086 2343,2086 2388,2086 2432,2083 2477,2083 2522,2083 2567,2080 2612,2077 2656,2077 2701,2077 2746,2074 2791,2074 2835,2077"/>
                <TextEquiv>
                    <Unicode>würfen, eine kr.aubnte, von der wir, so weit</Unicode>
                </TextEquiv>
            </TextLine>
            <TextLine id="tr_1_tl_11" custom="readingOrder {index:10;}">
                <Coords points="710,2306 2063,2344 2547,2251 2709,2318 2857,2295 2860,2135 713,2185"/>
                <Baseline points="725,2277 764,2277 809,2277 853,2274 898,2271 943,2271 988,2271 1032,2268 1077,2265 1122,2268 1167,2262 1212,2265 1256,2265 1301,2262 1346,2259 1391,2259 1435,2259 1480,2256 1525,2253 1570,2256 1615,2256 1659,2256 1704,2253 1749,2256 1794,2253 1838,2250 1883,2244 1928,2247 1973,2244 2018,2244 2062,2247 2107,2244 2152,2241 2197,2241 2241,2241 2286,2241 2331,2238 2376,2238 2421,2235 2465,2232 2510,2232 2555,2232 2600,2232 2644,2232 2689,2229 2734,2229 2779,2229 2824,2235 2868,2229"/>
                <TextEquiv>
                    <Unicode>für unsere Jahre und rührende Geschichte nötig</Unicode>
                </TextEquiv>
            </TextLine>
            <TextLine id="tr_1_tl_12" custom="readingOrder {index:11;}">
                <Coords points="701,2454 2889,2434 2892,2298 704,2341"/>
                <Baseline points="719,2429 746,2427 791,2427 835,2424 880,2424 925,2424 970,2421 1014,2421 1059,2418 1104,2418 1149,2418 1194,2418 1238,2415 1283,2415 1328,2412 1373,2412 1417,2409 1462,2406 1507,2406 1552,2406 1597,2406 1641,2406 1686,2403 1731,2403 1776,2400 1820,2397 1865,2400 1910,2400 1955,2400 2000,2400 2044,2397 2089,2397 2134,2394 2179,2391 2224,2388 2268,2388 2313,2385 2358,2385 2403,2385 2447,2385 2492,2382 2537,2379 2582,2376 2627,2379 2671,2379 2716,2376 2761,2376 2806,2376 2850,2373 2895,2373"/>
                <TextEquiv>
                    <Unicode>taf, Gebrauch machen werden. Es war Friizens To</Unicode>
                </TextEquiv>
            </TextLine>
            <TextLine id="tr_1_tl_13" custom="readingOrder {index:12;}">
                <Coords points="693,2593 1095,2640 2356,2541 2918,2628 2941,2434 1428,2521 791,2469 693,2541"/>
                <Baseline points="707,2588 749,2585 794,2582 838,2582 883,2582 928,2579 973,2576 1017,2573 1062,2573 1107,2576 1152,2573 1197,2570 1241,2573 1286,2570 1331,2570 1376,2567 1420,2567 1465,2567 1510,2567 1555,2564 1600,2564 1644,2561 1689,2561 1734,2561 1779,2561 1823,2555 1868,2552 1913,2552 1958,2552 2003,2549 2047,2546 2092,2546 2137,2543 2182,2543 2226,2543 2271,2540 2316,2540 2361,2540 2406,2537 2450,2537 2495,2537 2540,2537 2585,2537 2629,2534 2674,2531 2719,2531 2764,2531 2809,2531 2853,2528 2898,2525 2943,2525"/>
                <TextEquiv>
                    <Unicode>gebuch. "Den 8. April. Ich habe sie gesehen, oer</Unicode>
                </TextEquiv>
            </TextLine>
            <TextLine id="tr_1_tl_14" custom="readingOrder {index:13;}">
                <Coords points="713,2750 2692,2761 2877,2735 2883,2622 1938,2587 716,2686"/>
                <Baseline points="728,2731 737,2731 782,2728 826,2731 871,2728 916,2728 961,2728 1006,2725 1050,2725 1095,2722 1140,2722 1185,2722 1229,2722 1274,2725 1319,2725 1364,2722 1409,2719 1453,2716 1498,2713 1543,2710 1588,2710 1632,2710 1677,2710 1722,2713 1767,2707 1812,2707 1856,2704 1901,2701 1946,2701 1991,2698 2035,2695 2080,2695 2125,2695 2170,2695 2215,2692 2259,2689 2304,2689 2349,2689 2394,2686 2438,2686 2483,2686 2528,2683 2573,2683 2618,2680 2662,2680 2707,2677 2752,2677 2797,2674 2841,2674 2886,2671"/>
                <TextEquiv>
                    <Unicode>folgt undbergebens. In einer dunkein Setten</Unicode>
                </TextEquiv>
            </TextLine>
        </TextRegion>
        <TextRegion id="tr_2" custom="readingOrder {index:1;}">
            <Coords points="707,2774 2955,2774 2955,3657 707,3657"/>
            <TextLine id="tr_2_tl_1" custom="readingOrder {index:0;}">
                <Coords points="693,2892 950,2950 2721,2886 2895,2860 2898,2738 1614,2741 1026,2834 797,2779 695,2848"/>
                <Baseline points="707,2889 752,2886 797,2883 841,2883 886,2880 931,2883 976,2880 1020,2877 1065,2874 1110,2874 1155,2874 1200,2871 1244,2871 1289,2868 1334,2868 1379,2865 1423,2865 1468,2862 1513,2862 1558,2862 1603,2862 1647,2859 1692,2859 1737,2859 1782,2859 1826,2859 1871,2856 1916,2853 1961,2850 2006,2850 2050,2847 2095,2844 2140,2844 2185,2844 2229,2841 2274,2841 2319,2838 2364,2838 2409,2838 2453,2838 2498,2838 2543,2838 2588,2832 2632,2830 2677,2830 2722,2824 2767,2827 2812,2824 2856,2824 2901,2827"/>
                <TextEquiv>
                    <Unicode>gasse, in die sie einbog, perlon ich sie aus de</Unicode>
                </TextEquiv>
            </TextLine>
            <TextLine id="tr_2_tl_2" custom="readingOrder {index:1;}">
                <Coords points="693,3054 774,3051 866,3100 979,3054 1032,3080 1066,3051 1475,3057 1559,3031 1565,2900 1336,2950 1240,2912 1052,2953 777,2938 695,2993"/>
                <Baseline points="707,3035 716,3033 761,3035 806,3035 850,3033 895,3033 940,3033 985,3033 1029,3033 1074,3030 1119,3027 1164,3024 1209,3021 1253,3021 1298,3021 1343,3021 1388,3021 1432,3015 1477,3015 1522,3015 1567,3012"/>
                <TextEquiv>
                    <Unicode>Augen. Ich bergehe</Unicode>
                </TextEquiv>
            </TextLine>
            <TextLine id="tr_2_tl_3" custom="readingOrder {index:2;}">
                <Coords points="707,3184 1179,3245 2834,3219 2840,3034 1614,3100 1069,3051 710,3132"/>
                <Baseline points="722,3173 740,3173 785,3173 829,3179 874,3179 919,3179 964,3182 1009,3182 1053,3182 1098,3179 1143,3176 1188,3176 1232,3173 1277,3173 1322,3173 1367,3170 1412,3170 1456,3167 1501,3164 1546,3161 1591,3164 1635,3161 1680,3164 1725,3158 1770,3158 1815,3158 1859,3155 1904,3155 1949,3152 1994,3152 2038,3149 2083,3146 2128,3146 2173,3146 2218,3143 2262,3140 2307,3137 2352,3137 2397,3137 2441,3134 2486,3134 2531,3131 2576,3131 2621,3128 2665,3128 2710,3128 2755,3128 2800,3128 2844,3125"/>
                <TextEquiv>
                    <Unicode>"Den 10. April. Gesehen, verfolgt und wieder:</Unicode>
                </TextEquiv>
            </TextLine>
            <TextLine id="tr_2_tl_4" custom="readingOrder {index:3;}">
                <Coords points="698,3361 2944,3378 2950,3199 701,3260"/>
                <Baseline points="713,3349 716,3349 761,3346 806,3340 850,3337 895,3337 940,3337 985,3334 1029,3334 1074,3334 1119,3334 1164,3334 1209,3328 1253,3328 1298,3322 1343,3322 1388,3322 1432,3319 1477,3319 1522,3316 1567,3313 1612,3313 1656,3313 1701,3310 1746,3310 1791,3307 1835,3310 1880,3304 1925,3304 1970,3304 2015,3304 2059,3298 2104,3298 2149,3298 2194,3295 2238,3295 2283,3292 2328,3292 2373,3289 2418,3289 2462,3286 2507,3283 2552,3283 2597,3283 2641,3280 2686,3280 2731,3280 2776,3280 2821,3280 2865,3277 2910,3277 2955,3280"/>
                <TextEquiv>
                    <Unicode>gebens. Sie beg diesmal in eine andre Gasse ein.</Unicode>
                </TextEquiv>
            </TextLine>
            <TextLine id="tr_2_tl_5" custom="readingOrder {index:4;}">
                <Coords points="716,3538 1226,3558 1365,3491 1518,3555 2506,3442 2915,3561 2921,3355 2315,3312 1707,3407 719,3410"/>
                <Baseline points="731,3492 776,3492 820,3489 865,3489 910,3486 955,3483 1000,3483 1044,3480 1089,3480 1134,3480 1179,3477 1223,3477 1268,3474 1313,3471 1358,3471 1403,3471 1447,3471 1492,3471 1537,3471 1582,3468 1626,3465 1671,3462 1716,3462 1761,3462 1806,3465 1850,3459 1895,3456 1940,3456 1985,3456 2029,3453 2074,3447 2119,3447 2164,3447 2209,3444 2253,3447 2298,3444 2343,3444 2388,3444 2432,3438 2477,3436 2522,3436 2567,3436 2612,3436 2656,3433 2701,3430 2746,3430 2791,3427 2835,3424 2880,3427 2925,3427"/>
                <TextEquiv>
                    <Unicode>Ich verlor sie auf unbegreifliche Wiese aus dem</Unicode>
                </TextEquiv>
            </TextLine>
            <TextLine id="tr_2_tl_6" custom="readingOrder {index:5;}">
                <Coords points="719,3694 748,3691 774,3715 800,3697 849,3715 890,3680 919,3677 1089,3703 1116,3691 1118,3564 1066,3573 1043,3552 997,3549 950,3573 927,3552 892,3567 843,3549 803,3564 721,3544"/>
                <Baseline points="734,3647 767,3641 811,3641 856,3641 901,3641 946,3639 991,3639 1035,3636 1080,3633 1125,3633"/>
                <TextEquiv>
                    <Unicode>gestohl.</Unicode>
                </TextEquiv>
            </TextLine>
        </TextRegion>
    </Page>
</PcGts>
