3544 4392
2735 542 2924 742 369
712 949 2876 1155 unbedacht gesprochen, Herr Flook! Ah - da geht
697 1161 1080 1338 Loser.“
697 1287 2924 1481 Loser machte eine bedeutende Schwenkung, als er
712 1409 3124 1667 der beiden Herren Ansichtig wurde und tat dann, als
721 1613 1772 1778 bemerkte er sie nicht.
739 1739 2927 1918 "Oh, oh," murmelte der Kanzleirat, mit zsammen
733 1894 2972 2068 gepressten Zähnen und sah dem Verräter nach
754 2062 2945 2229 "wieder ein Abtrünniger. Ein Werk Strohmüllers.
745 2205 3067 2433 Wahrhaftig, noch schändlicher und schlechter, als
745 2373 3136 2553 alle seine geschriebenen." Er wandte sich zu Flock.
760 2526 3022 2690 "Wissen Sie auch, was ich jetzt tue? Ich gehe in
757 2687 2460 2846 die Oper beobachten. Gehen Sie mit?“
766 2837 2241 3016 "Ja, ich werde auch beobachten.
763 2957 2864 3148 "Ich will neue Ans ichten, neue Beobachtungen
763 3109 2906 3307 sammeln und zwar für ein grösseres Werk-einst
760 3262 3082 3471 weilen vertraue ichs Ihnen allein an - fl ein grös
766 3432 3151 3630 seres Werk betitelt: Moral; einige Kapitel hab ich
784 3603 3076 3774 schon geschrieben, die mehr allgemein gehaltenen;
775 3756 3037 3905 die, welche speziell auf selbst gemachte Erfahr
