3576 4344
2438 489 2616 656 341
560 876 1639 1082 "Herr Fa.— Herr Geyer.
569 1043 1159 1228 “Herr Kalt.”
587 1177 1180 1356 "Herr Nelke."
569 1264 2888 1514 Einige Verbeugungen wurden rasch abgetan und bald
581 1427 2849 1660 leitete sich wischen den Sechsen ein animiertes
599 1642 1225 1830 Gespräch ein.
620 1716 2917 1985 "Albertine," flüsterte Fiedel seiner Ex-Geliebten
620 1895 1678 2128 zu,” Du hastn Auswahl.
656 1994 3028 2265 "Ich seh mich eben um," erwiderte sie eben so letse,
623 2199 2748 2426 Fiedel nahm Falke einen Augenblick bei Seite.
656 2327 3028 2563 "Sie verzeihen wohl, wenn ich heute Estrelladxx den
638 2482 2861 2751 Hof zu machen scheine. Es ist aber nicht anders
647 2649 3043 2900 möglich, da ich durchaus will, dass Albertine schon
662 2783 3052 3028 aus Rache gegen mich, sich in einen andern verliebt
653 2914 3046 3183 Aber ich werde die Zett benützen, um zu Ihren Gun-
670 3150 1517 3352 sten zu sprechen."
700 3248 3022 3460 "Aber was wird dieser Nelke sagen? Glaub Sie, dass
688 3403 2026 3656 er es so gutwillig zulässt?"
715 3573 2846 3767 "Kleinigkeit, da weiss ich schon was dagegen."
685 3716 2965 3963 Augenblicklich flüsterte er Albertine wieder ins
