3496 4424
2439 537 2642 666 S97
554 805 2633 1045 haben wir uns da gehüsst. Das war eine Hetz.
566 1031 2825 1202 Uebrigens ein fesches Mädel, die Fannt -aber die
566 1120 2788 1351 Titschi Schleichmann ist noch hübscher; Du hast
580 1294 2805 1528 sie schon gesehen, sie ist ein bisschen in mich
588 1440 2851 1677 verliebt - beinahe einen Kopf kleiner ### wie die
583 1628 2848 1828 kleine Fanni und ein halbes Jahr älter. Aber wie
608 1757 2773 1999 gesagt, ein fesches Mädel. Wie gefällt Der die
608 1991 1905 2148 kleine Fanni? Sehr gut, hm?
611 2091 2008 2285 "Gewiss, sie ist sehr hübsch.'
628 2239 2928 2431 "Nun, ste scheint Dich sehr gern zu haben - kommt
617 2388 2773 2608 mir so vor, ihr seid per Du, es macht sich ja.
623 2548 2056 2751 Wohin gehst Du in den Ferien?"
663 2673 2791 2885 "Etne kleine Reise ins Salzkammergut. Und Duf"
646 2811 2928 3048 "Nach Biala, eine grosse Hetz, Masse Mädeln dort,
640 2988 2862 3188 und fesche Mädeln. Mein Bruder wird Eroberungen
634 3253 1043 3368 machen. “
1897 3288 2028 3396 De
666 3290 1854 3507 "Du doch auch, denk ich."
651 3450 2816 3670 „Will schauen. Wir reisen zu einer Tante dort.
1619 3607 1902 3813 G.H.P.
