3432 4296
2786 376 2921 532 45
703 562 3062 757 partie. Sie xxx mit ihrer Klasse detto - wir nach
694 736 2936 898 Mödling, sie detto. - Wir trennen uns betde von
715 898 2990 1070 unsern Kollegen, respoektive Kolleginnen, treffen
712 1043 2987 1211 uns - Sinntg. Mortz...“ dabet fiel er dem Freund
724 1202 2777 1361 beinahe um den Hals. "Mortz ste liebt mich!“
751 1328 2981 1530 "Nun ja sie liebt Dich, aber erdrück mich nicht.
721 1539 2548 1698 Nun wird ja wohl bald der Kuss kommen.'
742 1665 3011 1833 "Er muss, xxxx er muss kommen sag ich Dir. Ich
748 1809 3098 2004 bin eigentlich ein rechter Esel. Ich hätte Gelegen
748 1983 3074 2140 heit ste zu hüssen. Ich habe heute Gelegenheit ge
748 2119 3158 2290 habt. Sie hat schon drauf angesptelt, sehr deutlich
748 2317 1974 2452 hat sie drauf angespielt!"
769 2467 1400 2629 „Wieso dennt!“
775 2572 3050 2795 "Nun, sie hat gesagt sie liebe nur herzhafte Küs
769 2735 3047 2906 se und nicht so süss hingehauchte. Man steht ste
778 2852 2993 3059 tat keine sehr postisch angelegte Natur.. aber,
778 3047 2518 3230 aber küäsen hätt ich ste doch können.
805 3203 3023 3366 "Freilich Elke. Du benützt aber die Gelegenheit
784 3330 2332 3525 nicht, Du bist ein grosser Esel."
814 3492 3182 3693 “Ja,” seufste der andre. “Ich bin ein grosser Esel,
