3528 4360
2484 480 2674 649 297
627 833 2892 1067 einem Sammtfauteutl lehnt, das Gesicht mit einem
630 971 2816 1223 Schleter bedeckt, eine retzende Mädchengestalt.
627 1110 3046 1343 Kaum trete ich ein, so flüstert stes"Mein Herr, ich
639 1236 3117 1506 bin ein ordentliches Mädchen, vergessen Sie das nicht,
658 1435 3009 1644 Ich sehr erstaunt,erwidere:" Oh, ich weifle nicht
670 1672 996 1847 daran.”
661 1712 3068 1952 Sie antwortet nichts, ich wusste nicht, was ich mit
692 1890 2877 2106 ihr reden sollte. Wir schweigen eine Zeit lang.
695 2026 3031 2268 "Ich will damit nicht gesagt haben, dass wir nicht
689 2241 2321 2404 sprechen sollen,” begann sie wieder.
707 2318 3065 2542 "Mein Fräulein," erwiderte ich,“ ich muss gestehen,
704 2496 2954 2708 dass ich anfangs dusch Ihren sonder baren Empfang
707 2637 2963 2871 etwas befremdet war und nicht gleich wusste, wie
722 2816 2653 3015 ich mich Ihnen gegenüber benehmen sollte.
719 2899 3095 3169 Im Lauf des Gesprächs erfuhr ich, sie sei die fünf-
725 3061 3154 3366 sehnjährige neuengagierten Schauspielerin des Stadt-
744 3252 3092 3473 theaters, Hermine Retcher, sei durch Katarina Bank
744 3387 3095 3673 in die Linkmausiana eingeführt worden, nur dadurch
393 3332 532 3587 15
744 3544 2957 3771 gereizt, dass sie schon viel davon reden gehört
