3480 4360
2311 617 2499 762 282
632 880 2910 1189 derspiel zu machen. Aber obwohl dasselbe zur Aus-
635 1025 2964 1358 führung kam, so hielt es sich nicht lange.Ein wil-
641 1219 2859 1506 des Durcheinander entstand. Und als wir aus
656 1349 2901 1646 einander gingen, küsste ich noch einmal alle der
647 1503 2968 1824 Rethe nach, am glühendsten und aufrichtigsten die
669 1670 3052 1954 reizende Mattlde Liebmann. Sie sah mich auch so an,
417 1655 593 1860 18/4
672 1824 3031 2133 so verliebt, glaub ich. Ich hab sie auch dann noch
690 1978 3113 2211 ein letztes Mal geküsst, bei der Türe noch ein aller
693 2127 3131 2387 letztes Mal und dann auf beiderseitiges Verlangenxxx
714 2296 2955 2553 ein aller-allerletztes Mal. Kurz und gut, es war
717 2562 1216 2707 gottvolll2
714 2608 2998 2837 Als die "kleine Fanni" „so nannte man sie zum Un-
741 2719 2995 2992 terschied von ihrer Kousine Fannt Ritter- diese
744 2898 3137 3149 Zeilen zuende gelesen hatte, war sie sehr verdriess
744 3089 3095 3291 lich gewesen, sich nur so nebenher erwähnt zu fin-
771 3228 3095 3442 den. Oh diese Matilde, diese Mattldel Aber was kilm¬
759 3358 3152 3618 merte Fanni sich viel um Josefl Sie war zum Fenster
768 3560 2284 3821 getreten und hatte sich gedacht:
774 3672 3040 3929 Jetzt hab ich den Arthur und Josef bekommt nicht
