3432 4296
2566 424 2709 564 51
500 676 2301 867 sukam, ihm die Hand retohte und sagte:
539 755 2984 991 "Ich bin ganz erfreut, dass Sie meiner Einladung Fol
526 944 2964 1173 ge geleistet haben. Ich bitte, setzten Sie sich. Sie
526 1119 2913 1307 sind doch timmer wohl, mein Herr - dass ich doch im
526 1310 2107 1454 mer Ihren Namen vergessen muss. "
558 1396 3028 1635 "Kühle," ergänste der Student, der sich vor Erstaunen
551 1600 1820 1791 gar nicht zu fassen wusste.
545 1708 3105 1909 Jetzt erstaunte aber die Frau, wusste sich aber gleich
548 1868 3114 2085 wieder zu fassen und sprach wetter. “Ach ja Kühle, Sie
564 2014 2910 2225 I lassen sich aber schon lange nicht bet uns sehen.
583 2190 2681 2381 „Schrulange, erwiderte Kühle mit Galgenhumor.
606 2333 2885 2531 "Nun ich bemerkte es gleich, Sie haben sich etwas
590 2524 2493 2697 verändert, seit den letzten fünf Jahren.
606 2639 2993 2872 "Ja etwas,“ entgegnete der achsehnjährige Kühle mit
593 2795 3044 3009 Fassung. "Auch Sie gnädige Frau Gräfin," fuhr er mit
596 2990 2885 3149 Todesverachtung fort, aber sehr zu Ihrem Vortetl
625 3092 3156 3283 „Oh, ich bitte,“ lächelte die Gräfth leutselig, “durch
612 3242 2929 3471 aus nScht. Aber wenn ich nicht irre, so hatten Sie
622 3449 2263 3659 vor fünf Jahren einen Backenbart.r“
