3544 4376
2535 429 2729 562 384
624 806 1232 997 Zwischenakt.
650 921 2124 1156 „Wobet?" fragte der Kanzleirat.
665 1053 2962 1277 "Nun, bet dem Plan mit den Irrfahrten. Sie müss -
2347 1182 2556 1318 G.F.P.
665 1227 2294 1432 ten ihn allein, unbewacht lassen."
691 1374 2924 1594 "Nun, ich will doch hoffen, dass Sie Ih-re Toch
679 1506 2488 1729 ter nicht mehr aus dem Hause lassen. "
688 1665 2982 1888 "Gewiß, gewiss, Herr Knazleirat - aber Du 1te -
688 1827 2977 2074 ber Gott, in einer grossen Stadt wie Wien, wo es
697 1944 3041 2232 am Abend dunkel wird — das geschteht zwar überall,
709 2127 3029 2327 ist aber hier besonders schädlich, in einer so
706 2262 3077 2509 grossen Stadt, sage ich - welchen Verführungen ist
724 2397 3071 2674 ein junger Bursch ausgesetzt.... A propos, Sie ha
724 2568 2932 2844 ben doch Ihlem Sprössling tüchtig die Leiten ge
724 2744 3015 2979 lesen, oder wie man in gutem Deutsch sagt, einen
2071 2915 2312 3018 M.M. de
724 2929 2012 3135 Spektakel gemacht?"
756 3041 3009 3271 "Mein, Herr Flock, toh will ihn auf frischer Tat
744 3277 1224 3418 ertappen.“
759 3329 3085 3582 "Was? Sie glauben, ich schicke meine Tochter noch
768 3500 3082 3730 einmal in den Volksgarten? ich habe sie so wie so
