3432 4312
2662 351 2853 494 254
721 660 2865 851 stand. Dies war der Glanzpunkt der geselligen
724 791 2983 1042 Abende. Wie mancher sehnte sich den ganzen Abend
709 1012 2877 1121 nach der Sekunde, da die Beleuchtung schwächer
715 1105 3017 1281 werden sollte und ein günstiges Geschick die Da -
709 1339 2902 1439 me an seinem Arm mit ihm in eines jener reizen
724 1451 3074 1605 den Gemächer filhrte, wie geschaffen zum Lieben und
715 1629 2926 1732 Küssen. Dieser Einrichtung verdankte die Link -
715 1723 2989 1890 maustana jedoch thren pikanten Ruf, obwohl diese
715 1869 2995 2050 Pikatenle, zur Ehre des Vereins und um Missver -
727 2069 2980 2193 ständnissen vorzubeugen sei es gestanden, nie in
400 2159 582 2372 18 / 7
718 2190 1714 2368 Frivolität ausartete.
706 2272 3023 2487 Der Moment war gekommen. Von der nächsten Turmuhr
718 2493 3035 2680 schlug es ###ölf und mit einem Mal war es halbdun
718 2629 1345 2823 kel geworden.
724 2720 3153 2941 War es Zufall oder Absicht, dass Talma ein zeitlang
727 2920 3035 3114 bei einer Türe wartete und sich nach allen Seiten
718 3074 3035 3241 umscht Aber der reiche Sonderling Kalt liess sich
724 3232 3071 3456 nicht erblicken. Der Salon war ganz leer geworden.
715 3404 3032 3677 Sie war die einzige, die noch zurückgeblieben war
