3528 4360
2989 578 3156 731 360
901 846 3239 1066 so schelmisch an....Er bemerkte es ganz deutlich,
913 1045 3215 1242 obwohl es so finster war, denn sie stand ganz nah
898 1248 3154 1401 an seiner Seite; und andre Autoren würden sagen:
907 1351 3195 1559 der warme Hauch ihres Atems berührte seine glüh -
901 1503 3233 1685 enden Wangen. Ja, sie glühten wirklich diese Wan -
896 1621 3104 1867 gen, die heilige Stirne glühte und seine Augen.
893 1815 3195 1961 Hier erlahmt die Feder des Autors. Ihr meine lie
890 1947 3162 2146 ben, teuern Leser und Lesertnnen. Ihr könnt zich
890 2088 3230 2328 vielleicht den unbeschreiblichen Blick vorstellen.
893 2237 3253 2461 der aus Magers Augen glänzte. Aber er ist eben un
890 2372 3236 2619 beschreiblich. Ein Blick, in dem sich alle Empfin
893 2516 3107 2763 dungen vereinigten und dann doch wieder nur als
887 2675 3209 2922 die einzige, ewig herrschende hervorstrahlte, ein
875 2869 3118 3071 Blick in dem alle Gefühle sich verbinden, um
890 2974 3136 3239 doch in dem einen, tiefen, weltregierenden unter
869 3168 3201 3377 zu gehen.... ist das ein Blick, den man schildern
872 3330 3201 3538 kann! Mager liebte, liebste, hebte. Mehr will ich
872 3497 3127 3711 nicht sagen. Wozu soll ich erwähnen, dass diese
878 3623 3198 3805 geheimnisvolle Mädchengestalt näher zu ihm getre
