3464 4312
2853 472 3034 662 113
754 820 2928 1013 mich gemeldet!" Er blickte zur Erde, als ob er
760 1045 3031 1154 nachdächts, dann fuhr er plötzlich auf und legte
757 1134 3037 1295 die Hand schnell auf die Stirn. "Ja richtig, Sie
754 1298 2985 1465 haben sohon recht, Herr Falke, ich habe nur für
763 1451 3080 1606 den Augenblick vergessen! Ja, ja..Sie haben schon
772 1615 1123 1785 recht. "
783 1742 2942 1911 "Also, falls Sie den Vortrag halten wollen, so
769 1900 2050 2093 bitte ich Sie zu beginnen."
777 2084 2985 2194 "Wissen Sie," erwiderte S Vielmater mit bäd be
772 2240 2948 2372 dächtiger Miene, "wissen Sie Herr Falke, tch
774 2355 3028 2510 habe mich anders besonnen, ich werde doch lieber
766 2548 3043 2663 nicht vortragen." Damit setzte er sich wieder in
780 2695 2291 2821 seine frühere bequeme Positur. “
783 2795 3000 3020 "Ja, Herr Vielmater," sagte der Präsident, "Sie
766 3003 2954 3141 haben sich ja gemeldet - wiese änderten Sie so
772 3146 2061 3288 plötzlich Ihre Gesinnung.?“
786 3279 2988 3431 "Hat ja nicht zu bedeuten," beschwichtigte Herr
774 3454 3034 3587 Viemater in sehr jovialem Ton. Wir sind unter
780 3570 2913 3797 uns," setzte er gemütlich hinzu, indem er ein
