3432 4328
2553 468 2696 673 97
629 754 2800 965 schon drei Fanni-Polkas und zwet Fannt-Sonaten
626 983 1186 1159 Kompontert.
634 1078 2877 1317 „Und ein Gedtoht hab ich auch schon an Dich ge-
646 1266 1886 1472 macht," sagte sie wieder.
673 1391 2913 1570 "Ein Gedicht? Ich hab minimum ein halbes Dutzend
661 1564 2410 1752 an Dich gemacht," warf er darauf hin.
658 1701 3020 1918 Sie blieben bei einer freien Stelle stehen. Es ist
670 1862 2958 2076 ein ziemlich unbebauter Stadttetl, der nach hin
682 2002 2985 2183 ten zu den Rathauspark begrenzt, auch ist es dort
685 2145 2815 2368 sehr menschenleer und wahrhaftig, Arthur wäre
682 2291 2916 2538 viel geschetter gewesen, wenn er den gescheiten
685 2425 3083 2690 Einfall, auf den er gekommen war, ausgeführt hätte.
688 2580 3053 2839 Er begann den Anfang zu machen. "Ich habe letzthin
709 2794 2457 2970 einen sehr komischen Traum gehabt...“
721 2949 1814 3143 "Was?" fragte sie.
712 3074 2988 3292 Wie gesagt, es war sehr menschenleer, auch nahte
724 3226 2991 3423 die Dämmerung, sie ging sehr nahe an ihn gelehnt
733 3372 3020 3601 und blickte sehr särtlich in seine Augen. Er hät
742 3530 3065 3741 te sie jetzt mit der grössten Letchtigkeit küssen
