<?xml version="1.0" encoding="UTF-8" standalone="yes"?>
<PcGts xmlns="http://schema.primaresearch.org/PAGE/gts/pagecontent/2013-07-15" xmlns:xsi="http://www.w3.org/2001/XMLSchema-instance" xsi:schemaLocation="http://schema.primaresearch.org/PAGE/gts/pagecontent/2013-07-15 http://schema.primaresearch.org/PAGE/gts/pagecontent/2013-07-15/pagecontent.xsd">
    <Metadata>
        <Creator>prov=READ-COOP:name=TrHtr:version=2.1.0:model_id=51170:date=14_08_2023_17:55</Creator>
        <Created>2023-05-10T14:32:04.273+02:00</Created>
        <LastChange>2023-08-14T17:55:17.810+02:00</LastChange>
        <TranskribusMetadata docId="1428639" pageId="55421255" pageNr="21" tsid="132819400" status="IN_PROGRESS" userId="64420" imgUrl="https://files.transkribus.eu/Get?id=WOGUVWINOVAYUFKRFZOWMLGS&amp;fileType=view" xmlUrl="https://files.transkribus.eu/Get?id=RNSIVWPHEHIJFDANZDZLQXXU" imageId="44695337"/>
    </Metadata>
    <Page imageFilename="1428639_0021.jpg" imageWidth="3384" imageHeight="4184">
        <ReadingOrder>
            <OrderedGroup id="ro_1711818643282" caption="Regions reading order">
                <RegionRefIndexed index="0" regionRef="tr_2"/>
                <RegionRefIndexed index="1" regionRef="tr_1"/>
            </OrderedGroup>
        </ReadingOrder>
        <TextRegion id="tr_2" custom="readingOrder {index:0;}">
            <Coords points="3014,334 3133,334 3133,397 3014,397"/>
            <TextLine id="tr_2_tl_1" custom="readingOrder {index:0;}">
                <Coords points="2996,445 3026,442 3033,435 3050,445 3060,439 3077,442 3094,432 3127,435 3131,287 3107,283 3063,317 3057,310 3040,321 3026,314 2999,317"/>
                <Baseline points="3014,387 3043,387 3088,387 3133,384"/>
                <TextEquiv>
                    <Unicode>18</Unicode>
                </TextEquiv>
            </TextLine>
        </TextRegion>
        <TextRegion id="tr_1" custom="readingOrder {index:1;}">
            <Coords points="474,505 3205,505 3205,2376 474,2376"/>
            <TextLine id="tr_1_tl_1" custom="readingOrder {index:0;}">
                <Coords points="459,702 1987,611 2331,685 2949,570 2952,425 466,584"/>
                <Baseline points="480,650 495,650 540,653 584,656 629,656 674,656 719,653 763,653 808,653 853,650 898,647 943,641 987,641 1032,638 1077,638 1122,638 1166,632 1211,629 1256,629 1301,629 1345,626 1390,623 1435,620 1480,620 1524,617 1569,614 1614,617 1659,614 1704,611 1748,611 1793,611 1838,605 1883,605 1927,599 1972,599 2017,596 2062,593 2106,593 2151,593 2196,590 2241,587 2285,584 2330,584 2375,581 2420,581 2465,578 2509,575 2554,572 2599,572 2644,570 2688,567 2733,564 2778,564 2823,561 2867,558 2912,555 2957,555"/>
                <TextEquiv>
                    <Unicode>"Sehr gut, wir nehmen es an. Der Kanzletrat Falke set</Unicode>
                </TextEquiv>
            </TextLine>
            <TextLine id="tr_1_tl_2" custom="readingOrder {index:1;}">
                <Coords points="459,833 577,847 735,830 759,850 857,833 911,857 948,830 995,837 1002,732 881,715 769,749 759,732 722,746 698,719 587,766 462,749"/>
                <Baseline points="477,817 516,817 561,817 605,814 650,814 695,811 740,808 784,808 829,805 874,802 919,799 963,799 1008,784"/>
                <TextEquiv>
                    <Unicode>Präsident."</Unicode>
                </TextEquiv>
            </TextLine>
            <TextLine id="tr_1_tl_3" custom="readingOrder {index:2;}">
                <Coords points="452,1039 2888,921 2972,908 2979,762 455,897"/>
                <Baseline points="474,969 519,969 564,969 608,966 653,966 698,963 743,960 787,960 832,957 877,954 922,954 966,951 1011,949 1056,949 1101,946 1145,943 1190,943 1235,940 1280,937 1325,937 1369,937 1414,934 1459,931 1504,928 1548,925 1593,928 1638,925 1683,922 1727,922 1772,919 1817,919 1862,916 1906,913 1951,913 1996,910 2041,907 2086,907 2130,904 2175,901 2220,898 2265,901 2309,901 2354,898 2399,895 2444,895 2488,892 2533,889 2578,886 2623,883 2667,883 2712,883 2757,880 2802,877 2847,877 2891,871 2936,868 2981,871"/>
                <TextEquiv>
                    <Unicode>Der Auserhorene verbeugte sich halt, als sei das ganz</Unicode>
                </TextEquiv>
            </TextLine>
            <TextLine id="tr_1_tl_4" custom="readingOrder {index:3;}">
                <Coords points="472,1191 3030,1080 3121,931 479,1053"/>
                <Baseline points="495,1125 531,1125 575,1122 620,1122 665,1119 710,1116 755,1116 799,1113 844,1110 889,1107 934,1107 978,1107 1023,1107 1068,1104 1113,1101 1157,1098 1202,1095 1247,1092 1292,1089 1336,1089 1381,1083 1426,1083 1471,1080 1516,1080 1560,1077 1605,1074 1650,1074 1695,1074 1739,1071 1784,1068 1829,1068 1874,1065 1918,1062 1963,1059 2008,1059 2053,1056 2097,1056 2142,1053 2187,1050 2232,1050 2277,1050 2321,1047 2366,1047 2411,1044 2456,1041 2500,1038 2545,1038 2590,1035 2635,1035 2679,1035 2724,1032 2769,1029 2814,1029 2858,1029 2903,1029 2948,1023 2993,1020 3038,1017 3082,1011 3127,1005"/>
                <TextEquiv>
                    <Unicode>sel bstverständlich und sprach dann: "Die Sitzung ist ge¬</Unicode>
                </TextEquiv>
            </TextLine>
            <TextLine id="tr_1_tl_5" custom="readingOrder {index:4;}">
                <Coords points="486,1312 2325,1316 3046,1191 3188,1265 3195,1096 489,1238"/>
                <Baseline points="507,1286 519,1283 564,1283 608,1280 653,1277 698,1274 743,1271 787,1271 832,1271 877,1268 922,1268 966,1265 1011,1262 1056,1262 1101,1259 1145,1256 1190,1256 1235,1250 1280,1250 1325,1247 1369,1244 1414,1244 1459,1241 1504,1238 1548,1238 1593,1235 1638,1235 1683,1235 1727,1232 1772,1232 1817,1229 1862,1229 1906,1226 1951,1226 1996,1223 2041,1220 2086,1217 2130,1217 2175,1214 2220,1211 2265,1211 2309,1208 2354,1205 2399,1202 2444,1205 2488,1202 2533,1202 2578,1196 2623,1193 2667,1193 2712,1190 2757,1190 2802,1187 2847,1187 2891,1187 2936,1184 2981,1184 3026,1181 3070,1178 3115,1175 3160,1175 3205,1175"/>
                <TextEquiv>
                    <Unicode>schlossen. Nächsten Mittwoch finden wir uns wieder hier zu</Unicode>
                </TextEquiv>
            </TextLine>
            <TextLine id="tr_1_tl_6" custom="readingOrder {index:5;}">
                <Coords points="493,1484 540,1508 580,1505 681,1444 806,1457 894,1424 935,1430 945,1326 827,1323 692,1346 617,1316 563,1339 509,1309"/>
                <Baseline points="516,1444 540,1441 584,1441 629,1438 674,1435 719,1432 763,1432 808,1429 853,1420 898,1405 943,1402"/>
                <TextEquiv>
                    <Unicode>sammen. "</Unicode>
                </TextEquiv>
            </TextLine>
            <TextLine id="tr_1_tl_7" custom="readingOrder {index:6;}">
                <Coords points="489,1619 1147,1579 1383,1663 1839,1545 2969,1545 3131,1522 3134,1417 493,1508"/>
                <Baseline points="507,1602 546,1596 590,1593 635,1590 680,1590 725,1584 769,1584 814,1581 859,1581 904,1578 949,1578 993,1575 1038,1575 1083,1572 1128,1569 1172,1569 1217,1566 1262,1566 1307,1563 1351,1560 1396,1554 1441,1554 1486,1551 1530,1551 1575,1548 1620,1548 1665,1548 1710,1545 1754,1542 1799,1542 1844,1539 1889,1539 1933,1536 1978,1533 2023,1533 2068,1530 2112,1527 2157,1527 2202,1524 2247,1521 2291,1521 2336,1519 2381,1519 2426,1516 2471,1516 2515,1513 2560,1510 2605,1507 2650,1507 2694,1507 2739,1504 2784,1501 2829,1501 2873,1498 2918,1498 2963,1495 3008,1492 3052,1489 3097,1483 3142,1474"/>
                <TextEquiv>
                    <Unicode>Bei diesen Worten der Erlösung erhoben sich alle, verab -</Unicode>
                </TextEquiv>
            </TextLine>
            <TextLine id="tr_1_tl_8" custom="readingOrder {index:7;}">
                <Coords points="499,1818 2615,1731 3111,1667 3114,1559 506,1684"/>
                <Baseline points="522,1751 567,1751 611,1748 656,1748 701,1742 746,1742 790,1739 835,1739 880,1736 925,1736 969,1733 1014,1733 1059,1730 1104,1730 1148,1724 1193,1721 1238,1718 1283,1715 1328,1715 1372,1712 1417,1710 1462,1707 1507,1704 1551,1707 1596,1704 1641,1701 1686,1698 1730,1695 1775,1692 1820,1692 1865,1689 1909,1689 1954,1689 1999,1686 2044,1683 2089,1683 2133,1680 2178,1680 2223,1677 2268,1677 2312,1674 2357,1671 2402,1671 2447,1668 2491,1665 2536,1665 2581,1662 2626,1662 2670,1659 2715,1659 2760,1656 2805,1653 2850,1650 2894,1650 2939,1650 2984,1647 3029,1644 3073,1644 3118,1644"/>
                <TextEquiv>
                    <Unicode>schiedete sich von einander und entfernten sich. Loser</Unicode>
                </TextEquiv>
            </TextLine>
            <TextLine id="tr_1_tl_9" custom="readingOrder {index:8;}">
                <Coords points="496,1906 3003,1856 3050,1721 499,1832"/>
                <Baseline points="513,1903 546,1903 590,1901 635,1901 680,1898 725,1895 769,1895 814,1892 859,1892 904,1889 949,1889 993,1886 1038,1886 1083,1883 1128,1880 1172,1880 1217,1880 1262,1877 1307,1871 1351,1871 1396,1868 1441,1868 1486,1865 1530,1862 1575,1859 1620,1859 1665,1856 1710,1856 1754,1853 1799,1850 1844,1847 1889,1847 1933,1847 1978,1844 2023,1844 2068,1841 2112,1838 2157,1835 2202,1835 2247,1832 2291,1832 2336,1832 2381,1829 2426,1826 2471,1826 2515,1823 2560,1823 2605,1820 2650,1817 2694,1814 2739,1811 2784,1808 2829,1808 2873,1808 2918,1805 2963,1805 3008,1802 3052,1799"/>
                <TextEquiv>
                    <Unicode>und Strohmüller, die beiden Freunde zusammen. Draussen</Unicode>
                </TextEquiv>
            </TextLine>
            <TextLine id="tr_1_tl_10" custom="readingOrder {index:9;}">
                <Coords points="496,2092 2837,2051 3080,2021 3084,1879 786,1920 499,2004"/>
                <Baseline points="516,2062 534,2062 578,2056 623,2053 668,2050 713,2050 758,2047 802,2044 847,2041 892,2041 937,2038 981,2038 1026,2038 1071,2035 1116,2038 1160,2035 1205,2035 1250,2032 1295,2029 1339,2026 1384,2026 1429,2023 1474,2020 1519,2020 1563,2017 1608,2014 1653,2014 1698,2011 1742,2008 1787,2005 1832,2002 1877,2002 1921,1999 1966,1999 2011,1996 2056,1996 2100,1993 2145,1993 2190,1990 2235,1987 2280,1987 2324,1984 2369,1984 2414,1981 2459,1981 2503,1978 2548,1978 2593,1975 2638,1975 2682,1972 2727,1969 2772,1969 2817,1969 2861,1966 2906,1966 2951,1960 2996,1954 3041,1951 3085,1948"/>
                <TextEquiv>
                    <Unicode>war der Mond aufgegangen und sah mitleidig auf die paar</Unicode>
                </TextEquiv>
            </TextLine>
            <TextLine id="tr_1_tl_11" custom="readingOrder {index:10;}">
                <Coords points="496,2257 2972,2183 2999,2038 503,2102"/>
                <Baseline points="516,2214 540,2211 584,2208 629,2205 674,2205 719,2202 763,2202 808,2199 853,2196 898,2193 943,2193 987,2190 1032,2187 1077,2184 1122,2181 1166,2181 1211,2181 1256,2178 1301,2178 1345,2175 1390,2172 1435,2169 1480,2169 1524,2166 1569,2163 1614,2160 1659,2160 1704,2157 1748,2154 1793,2151 1838,2151 1883,2148 1927,2148 1972,2145 2017,2142 2062,2142 2106,2139 2151,2139 2196,2136 2241,2136 2285,2133 2330,2133 2375,2130 2420,2127 2465,2127 2509,2127 2554,2124 2599,2124 2644,2121 2688,2118 2733,2118 2778,2115 2823,2112 2867,2112 2912,2109 2957,2106 3002,2100"/>
                <TextEquiv>
                    <Unicode>Menschlein hinab, die mit dem erhebenden Gefühl fort</Unicode>
                </TextEquiv>
            </TextLine>
            <TextLine id="tr_1_tl_12" custom="readingOrder {index:11;}">
                <Coords points="509,2422 1876,2318 2527,2382 2932,2321 2939,2196 516,2254"/>
                <Baseline points="531,2366 572,2360 617,2360 662,2357 707,2354 752,2354 796,2354 841,2348 886,2348 931,2348 975,2348 1020,2345 1065,2342 1110,2342 1154,2339 1199,2336 1244,2333 1289,2333 1333,2330 1378,2327 1423,2327 1468,2324 1513,2321 1557,2321 1602,2318 1647,2315 1692,2312 1736,2312 1781,2312 1826,2309 1871,2306 1915,2306 1960,2303 2005,2303 2050,2303 2094,2303 2139,2303 2184,2297 2229,2297 2274,2294 2318,2291 2363,2291 2408,2285 2453,2288 2497,2285 2542,2282 2587,2280 2632,2277 2676,2277 2721,2274 2766,2274 2811,2271 2855,2271 2900,2268 2945,2265"/>
                <TextEquiv>
                    <Unicode>stolzierten, der ganzen Menschheit genützt zu haben.</Unicode>
                </TextEquiv>
            </TextLine>
        </TextRegion>
    </Page>
</PcGts>
