3560 4424
2611 462 2776 645 401
630 829 2833 1089 Schritte vorwärts, um einem schwarzgekleideten,
660 953 2827 1246 jungen Mann, mit einem sehr genialen Rembrandt
657 1125 2791 1388 hute die Hand zu retchen. Dieser Jüngling sah
687 1291 2930 1536 ungemein vornehm aus, sein Gesicht und seine Ge¬
684 1421 2809 1723 stalt war sehr edel. Er sprach nur ganz kurze
687 1575 2990 1797 Zeit mit Fanni, reichte ihr dann zum Abschied die
696 1743 2907 1971 Hand, in der sie die ihre ziemlich lange liegen
710 1880 3016 2134 liess. Als er sich endlich von ihr entfernte, sah
716 2045 2889 2350 ste dem jungen Menschen mit einem sehr innigen
731 2312 1542 2478 Blick an und....
755 2338 3001 2608 "Arthur," sagte eine unangenehme Stimme und etne
752 2501 3034 2738 Hand legte sich schwer auf Falkes Schultern. Die¬
755 2685 3061 2901 ser drehte sich um und mit Schrecken sah er, dass
767 2774 3132 3087 der Inhaber sowohl der unangenehmen Stimme als der
778 2954 3158 3235 schweren Hand, sein Vater, der Kanzleirat, der Prä¬
787 3102 3141 3380 sident des Vereins Pudioitid sei. Sinnig hatte Ge¬
784 3265 3146 3531 legenheit, nachdem er mit den übrigen schleunigst
808 3428 3072 3653 die Flucht ergriffen, einige grossartige Phrasen
802 3590 3158 3848 von dem Ende der Freundschaft, entsetzlichen Stra¬
