3416 4216
2612 356 2752 522 79
689 635 2802 900 immer auf die untern Klassen Semmelbröselchen
680 816 2992 1015 wirft. Also das ist mal eine grosse Sünde und ich
686 953 2992 1211 wünsche, dass für die Betreffenden mal etne Hun
695 1090 2838 1297 gersnot hereinbricht. Dann würden Sie mal den
692 1265 2909 1467 Wert des Brotes schätzen lernen." Dann rief er:
712 1419 2794 1683 "Also Wetzen wollen Se mal auswendig sachen."
707 1570 2984 1769 Der Gerufene aber hörte nichts davon, da er eben
707 1725 2948 1909 mit der Lektüre eines anzichenden Büchleins be -
1452 1867 1903 2004 tatalee ma
715 1948 1380 2135 schäftigt war.
739 2045 2779 2203 "Also Weizen wollen Se mal aufsteichen!"
718 2191 3028 2425 Jetzt "stitch" der Betreffende auf. "Bitte ich ha
1288 2328 1458 2428 J.C.F.
2532 2322 2835 2470 serme m¬
1912 2328 2230 2470 O.U.S.W.
742 2348 1852 2598 be mich entschuldigt.“
751 2470 2877 2663 "Also das tst mal sehr übel von Ihnen. In den
742 2663 2918 2883 letzten Chompositionen haben Sie unehenüchende
751 2797 3067 3058 Chlassen. Also wollen Se mal in der nächsten Chom
754 2936 3052 3200 position auferstehen. Ich bemerche überhaupt, dass
748 3102 2909 3358 sich eher viele entschuldichen. Also Sinnich.“
754 3209 3144 3533 sinnes gegann: Mÿver Leide Dea, Stydgelden
1755 3408 2182 3592 wijeing in
2728 3554 2936 3699 P.F.P.
1478 3551 2277 3729 aiiter an seinem
