3544 4328
2688 529 2873 770 365
797 875 3112 1090 erste Mai vorüber ist," begann er wieder nach et -
794 1066 1281 1272 ner Pause.
2437 1105 2559 1296 G.F.P.
794 1212 2410 1410 "Ja, wir lieben uns noch Hermann."
779 1362 2114 1538 Sie stelen sich in die Arme.
794 1541 2870 1678 "Auf noch einen Monat," flüsterte Fiedel....
782 1604 3052 1804 Diese Mitternachtsstunde war wahrhaft eigentüm -
791 1768 3112 2007 lich. Zur selben Zeit küssten sich zwei andre We-
803 1938 3121 2090 sen in einem einsamen Coupé,.Ein heisser, ### glüh
809 2126 3124 2276 ender Kuss, tief in eine Ecke drüchten sich bei -
806 2234 3204 2467 de Gestalten, etne lange Umarmung, Estrellas Locken
809 2344 3064 2553 umbehten die Wangen Falkes und neugierig sah der
791 2538 3070 2723 Mond zum Fenster herein. Er muss sich wahrhaftig
821 2738 3061 2882 gewundert haben. Denn gerade hat er ja in einem
809 2882 3168 3016 andern, ebenso verlassenen Coupé dieselb Scene ge
818 3004 3073 3198 sehen — und jetzt — jetz t sieht er das drittemal
809 3165 1810 3363 wieder ganz dasselbe.
806 3306 3034 3491 Ein dunkles Coupé, ein Kuss, eine Umarmung, zwei
806 3491 1302 3682 Gestalten.
812 3569 2950 3858 Jetzt verrat ich aber nicht mehr, wer de zwei
