3400 4264
701 531 3088 751 er kurze Zeit, nachdem er dieser ungkücklichen Lie-
712 698 3022 914 be ade gesagt, sich von neuem in den Netzen eines
718 864 3034 1069 schönen Mädchene verstreckte. In einer Familie un
724 977 3052 1190 terrichtete Morts Sinntag soet Schwestern, die eine
724 1137 3082 1363 etwa dretzehn, die andre zehn Jahre alt. Wer konn
736 1297 3073 1511 te es ihn verdenken, dass die ältere sein Herz von
727 1481 3025 1665 neuem mit Liebesgluten erfüllte und er infolgedes
739 1639 2969 1814 sen manchmal seine Finger mit ihrer Wange in Be-
739 1775 2892 2007 rührung brachte, X sie vielleicht auch vor der
736 1897 3034 2146 Jüngern Schwester in andrer Feise bevorzugte. Ver
745 2066 2998 2345 konnte es ihn verdenken, wenn seine grauen Augen
754 2221 3040 2420 oft mit innigem Vergnügen auf den - übrigens noch
751 2402 2924 2562 nicht sehr entwickelten - Formen der Geliebten
754 2520 3064 2740 ruhten und die Liebesglut in ihm immer tiefre und
766 2639 3088 2883 tiefre Wunden brannten. Aber eines Tages sollte
778 2835 3070 3040 Ihm übel ausgehen, Als er seine zarten Finger auf
787 2969 2995 3194 hren langen Klavier spielen liess, denn er sah
775 3123 2856 3361 wie sie einen triumphierenden Blick auf die
778 3298 3090 3527 Schwester sohoss, der xxx zu sagen schien: stehst
775 3482 2716 3729 Du den Narren! was hab ich Dir gesagt....
