3464 4344
2459 433 2644 578 302
578 720 2828 1001 ständliches Zeug vor sich hinmurmeind, im Zimmer
575 904 2871 1146 herum. Seinem Sohn Arthur hatte er noch nicht ge¬
587 1035 2895 1277 sagt, was er von Mager über ihn gehört, er wollte
599 1204 2958 1416 ihn auf frischer Tat ertappen. Als jetzt zu so spä-
605 1367 2910 1576 ter Stunde Fritz heraufkam, konnte der Kanzletrat
602 1546 1975 1739 seinen Zorn' an ihm auslassen.
614 1682 2632 1869 “Wo warst Duf“ fuhr er den Eintretenden an.
617 1860 1246 2030 “Wo ich warf."
626 1984 2172 2172 "Ja, wo Du warst, frag ich Dich!“
617 2136 1806 2360 XGewtssxtxxNtsduertheater
635 2326 1519 2474 "Nun, im Theater...
647 2414 3079 2598 "Gewiss im Wiednertheater. Hast* Dich aber getäuscht.
614 2568 3025 2765 Die Lambert hat schon ein Kleid an, warst vergebens
629 2741 2834 2952 dort. Und wie kommst Du erst um zwei nach Haus?
620 2934 1116 3079 Antwortel"
669 3061 1579 3240 "Ich war soupteren!"
626 3179 2856 3382 Oh, bis zwei soupteren! Fritz, was wird aus Dir
641 3352 2856 3536 werden! Junge! Bis in xxx die Nacht herumrennen
653 3455 2810 3678 in der Stadt- oh, ich will Dich mores Lehren!"
