3560 4344
2595 492 2784 616 342.
737 852 938 1003 Ohr.
755 873 3123 1171 "Sprich mit Nelke, ich bitte Dich. Der ist so schöp
734 1067 2527 1300 so unendlich schön, findest Du nicht?"
764 1215 3090 1445 "Ich hatte ihn mir schon bestimmt So, itzt setzte
755 1395 1778 1589 ich mich zu Estrella.“
746 1522 3055 1740 Alles befand sich nun sehr behaglich, während ein
755 1669 3005 1881 ziemlich kühlender Wind durch die Zweige strich.
746 1846 3087 2038 Doch nein. Man hätte ein schlechtet Menschenkennen
767 2026 3087 2200 sein müssen, um die Blicke Estrellas nicht zu ver-
784 2156 3120 2350 stehen, die sie auf Nelke schoss. Denn dieser muss-
781 2327 2978 2492 te gegen Albertine, die gegonüber ihm sehr auf-
770 2474 3135 2660 merksam und freundlich war, ebenso galant sein und
776 2592 3028 2804 war schon auf dem besten Wege, alles andere über
793 2769 3031 2961 der Liebenswürdigkeit seiner Linken Nachbarin zu
787 2940 3078 3155 vergessen, als ihm die auf seiner Rechten ins Ohr
796 3090 1616 3285 flüsterte: "Berta!
784 3205 3099 3406 Nelke sah sich verdriesslich um und vereinigt— in
808 3367 3117 3600 einen ärgerlichen Blick alle Gedanken und Erinner-
805 3515 3005 3745 ungen, die plötzlich in ihm aufgestiegen varen.
