3560 4360
2496 394 2690 625 296
551 766 2914 945 Strasse sein-in Dunkelheit und Schneegestöber lauf
572 874 2761 1080 ich hinaus-nichts da, Trostlos renn ich zurück,
566 1031 2856 1243 schnell wieder die dunkle, schmale Treppe hinauf,
560 1197 3031 1388 plötzlich prall ich an etwas an, eine weisse, milcht
566 1329 2951 1542 ge Flüssigkeit ergiesst sich über mich und hinunter
572 1465 2988 1659 rolle ich über die Treppen, sammt dem Mädchen meiner
563 1643 2933 1803 Liebe. Eben kommt der Hausmeister, um das Gas anzu¬
563 1763 2951 1945 zünden, die interessante Scene wird beleuchtet—der
560 1917 2825 2127 Hausmeister lacht, sie schreit, ich kntrsche mit
575 2077 2825 2280 den Zähnen, vergesse ganz an den Kuss, und komme
572 2277 2927 2444 oben weiss Und durchnässt an. Die Dienstleute läch-
572 2388 2908 2597 eln, ich bekomme von meinem Vater ein Donnerwetter
566 2542 2825 2721 da haben Sie die Geschichte meiner ersten Liebe.
582 2754 2874 2921 "Sehr amüsante Geschichte, das. Hoffen wir, es
572 2847 2899 3081 wird Ihnen diesmal besser gehen. A propos, wie ha-
563 3019 2890 3265 ben Sie sich heut unterhalten? Wer war die Glück-
554 3148 2163 3327 liche, mit der Sie zusammenkamen?“
572 3268 2816 3521 „Gut, dass Sie mich daran erinnern/Hören Sie zu,
566 3490 2862 3684 Ich komme in ein kleines halbdunkles Kabinet, auf
