3528 4424
2449 406 2634 573 ̃ 403
644 743 2902 922 fiel vom Vorzimmer auf den glatten Parkettboden.
1181 862 1622 981 toutençine
632 871 2977 1112 Am Arme der ###olitanerin war der Graf Constatin
641 1035 3042 1226 Linkmaus hereingetreten und der Graf selbst schloss
659 1166 2780 1396 eben die Türe. Sie standen in der Dunkelheit.
713 1271 2974 1512 "So hat das Gerücht nicht gelogen," murmelte Con¬
680 1461 2890 1673 statin-"das so abenteuerlich von den Abäden der
680 1652 3048 1858 Linkmaustana munkelt. Lassen wir sie gewähren- ich
689 1766 3006 1974 tu am Ende auch, was mir gefällt." Er wandte sich
698 1915 2947 2147 gegen die Orientalin und nahm ihre Hand.“Fatine,
692 2082 2893 2320 liebst Du mich noch? Antworte nichts unbedacht¬
692 2270 2935 2487 Du weisst, dass Du offen sein kannst, wenn
695 2434 3057 2604 Du mich nicht mehr liebst, so sag ein aufrichtiges
704 2532 2935 2741 nein, ebenso wie ich es tu, wenn ich nicht mehr
716 2708 2380 2914 liebe. Liebst Du mich noch, Fattna!“
713 2890 3036 3063 Nach einer kleinen, stillen, bewegungslosen Pause
731 2994 3084 3209 schüttelte das Mädchen langsam den Kopf. Constatin
719 3117 3039 3364 war anfangs etwas bestürzt. Er fasste sich augen-
734 3325 2997 3525 blicklich wieder, trat mit ihr ruhtg zum Fenster
737 3501 1470 3716 und fragte ste:
