3416 4264
2846 391 2992 528 65
712 596 3024 824 rötete und die Baronin lächeln wollte, kann nicht
712 812 3012 946 als besondere Unterhaltung angesehen werden. End-
703 955 2900 1109 lich begann ste. "Wenn Sie vielleicht nächsten
700 1097 2980 1257 Sonntag Zett hätten, um neun Uhr beginnt xxxi mir
715 1260 2983 1420 eine kleine Soirée, nur Künstler... Sie werden be
2704 1397 2944 1533 G.C.F.P
715 1397 1210 1589 gretfen....
700 1560 2805 1711 Strohmüller, der übrigens nicht zu begreifen
2639 1693 3009 1847 e hinais
2185 1717 2333 1821 G.H.F.P.
709 1723 2123 1909 schien, lispelte trgend etwas.
729 1886 3057 2037 "Hier meine Visitharte und zugleich meine Adresse,
709 2025 2879 2164 mein Herr. Ich hoffe also bestimmt Sie bei mir
2295 2135 2553 2289 Latar.
700 2153 1892 2360 zu sehen. „
694 2298 3078 2494 Dem Dichter ging nach und nach ein Licht auf. "Ich
2384 2479 2583 2606 G.A.S.O
703 2476 2259 2660 werde mir das Vergnügen machen.“
688 2597 2879 2790 Der Tanz währte fort. Kilhle hatte ein xxx tes
697 2743 2938 2926 und ein drittesmal das Glück an Talmas Sette da
703 2953 2926 3122 hinaufliegen, der steifbeinige Leutnant desglet
709 3087 2826 3253 chen, sogar Strohmüller walzte einmal mit ihr
691 3238 2870 3425 herum, wobei sich seine Brust und sein Schnurr
697 3395 2980 3623 bart hoben. Manchmal sah er mit seinen mattleuch
