3448 4328
2480 603 2666 781 355
569 851 2841 1102 men kann, die bald verschwinden, bald wieder aus
585 1068 2841 1280 der Dunkelheit aufleuchten,- sie rühren offenbar
579 1218 2201 1433 von Zigarren und Zigaretten her- -
594 1362 2630 1567 "Ah, ist da wohl nicht Arthur darunter?"
588 1515 2856 1766 Sie drückt sich hinter einen vereinzelt dastehen
603 1702 2767 1904 den mächtigen Baum, lachend, singend, rauchend
585 1828 2896 2048 zieht die Schar an ihr vorüber, -Arthur ist nicht
597 1999 2969 2207 darunter. Wie nun alle vorbei sind, tritt Fanni aus
594 2118 2908 2339 dem Schatten des Baumes hervor. Sie sieht, wie die
591 2259 2945 2486 lustige Gesellschaft in den Gasthausgarten hinein-
594 2412 3006 2666 geht, steht, wie es drin heller und heler wird, Gar-
603 2611 2911 2783 télaternen werden auf den Tisch gestellt und alle
591 2725 2954 2945 die frohen Jungen lassen sich mit lautem Hurrah an
591 2871 2853 3070 dem Tische nieder. Funken fliegen in die Luft-es
591 3028 2945 3276 sind die Zigaretten und Zigarren, die weggeschleu-
588 3217 3052 3398 dert werden, einer erhebt sich, hell fällt der Glank
597 3349 1916 3566 des Laternenlichtes auf ihn.
603 3493 2942 3716 "Kollegen," ruft er mit lauter Stimme," ich forde¬
594 3664 2847 3879 re Euch auf, ein Hoch auf unsern Professor Mager
