3480 4344
2344 573 2544 770 281
557 930 3031 1106 Max und James Land, Popi Ritter u. s. u. Die interes
576 1072 2877 1238 sieren mich auch am wenigsten! Aber ich habe noch
570 1229 2886 1404 nie so viel geküsst wie heute. Besonders die klei-
573 1364 2969 1562 ne Fanni, die lässt es am liebsten tun, gerade weil
585 1534 2975 1709 sie sich am meisten sträubt. Ich schlug zuerst pro
582 1682 2975 1860 forma vor, Gedichte aufzusagen. Das ging aber nicht
585 1830 2960 1999 lange. Plötzlich fasste Pept Ritter die kleine Fan-
591 2002 2797 2153 ni von hinten um die Taille und hüsste sie.
601 2144 2932 2307 Wir folgten gleich seinem Beispiel. Bald war alles
604 2288 2997 2473 in wirrem Durcheinander. Als man die Lampe brachte,
601 2433 2904 2612 I tessen wir es zuerst gar nicht zu; es war gar zu
607 2615 2861 2803 schön im Dunkeln. Aber als sie doch endlichm auf
607 2757 3043 2935 den Tisch gestellt wurde, drehten wir den Docht weit
613 2877 2858 3065 hinunter. Das war dann ein retzendes Halbdunkel.
601 3062 3000 3249 Am liebsten küsse ich die Mattlde Liebmann. Sie ist
613 3228 2864 3443 auch offenbar in mich verliebt; die grosse Fannt
601 3366 3028 3542 Ritter scheint auch sehr auf mich versessen zu sein.
659 3520 2932 3724 's ist nachteinmal so unangenehm. Um mehr Regel in
628 3687 2941 3859 die Küsserei zu bringen, schlug ich vor, ein Pfän-
