3512 4312
2639 413 2838 564 280
1194 1092 1928 1277 Achtes Kapitel.
1107 1217 1919 1439 Die Linkmaustana.
2361 1477 2485 1621 G.F.P.
448 1685 587 1887 5 n
1416 1774 3087 2011 Strohmüller,..der auf so schmähliche
740 1905 3043 2217 Weise aus dem moralischen Verein Pudicitia hinaus
763 2124 3058 2364 geworfen worden, blieb zuerst einige Sekunden auf
769 2254 2985 2511 atmend vor der Türe stehen. Dann spielte ein ge
760 2381 2948 2673 wisses überlegenes Lächeln um seine Lippen und
777 2540 3104 2844 nach einigen schnellen Schritten war er im Freien,
775 2719 3032 2962 wo er die milde Abendluft mit Behagen einso g. Er
783 2852 3000 3127 machte sich auf den Weg der Ringstrasse zu, und
792 3006 2974 3295 war eben bei dem Opernhaus angekommen, alssich
818 3188 2977 3404 eine schwere Hand auf seine Schulter legte und
824 3315 2604 3569 eine Stimme hinter ihm sprach: "Kuno."
824 3462 3147 3725 Der Gerufene sah sich um, sein Freund Loser stand
