3400 4184
2892 333 3030 559 16
491 549 3198 730 "Nun, Sie verstehen mich ja, denke ich", sagte Falke. "Ich
478 720 3009 912 fordere Sie hiemit auf so viel als möglich dem Vereine
471 906 3114 1033 zu nützen, indem Sie sich bestreben neue Mitglieder dem
478 1020 3158 1212 selben zuzuführen,viel in den Zeitungen gegen Immoralität
478 1155 3121 1390 zu eifern „Aufsätze an den Versammlungsabenden.die jeden
475 1343 3144 1498 Mittwoch und Samstag von sechs Uhr an stattfinden sollen.
485 1495 3070 1690 vorzulesen und eventuell zu veröffentlichen.etc.,et.je -
491 1646 1771 1825 doch der Name des Vereins?"
502 1774 3110 1993 "Sei Pudicitia...“ ergänzte der fromme Professor. "Pudi -
293 1801 428 1966 2
491 1946 3036 2097 citia heisst nämlich zu deutsch die Schamhaftigkeit. "
502 2107 2784 2255 "Das ist ein ganz passender Name", gab Falke zu.
491 2245 3094 2387 "Ganz passend, ganz passend, ausserordentI ich passend..
505 2441 1818 2589 bestätigte Doktor Vollinger.
505 2568 3205 2770 "Nun handelt es sich nur mehr darum, wer die Statuten die-
505 2720 2138 2925 ses Vereins niederzuschretben hat.'
508 2882 3094 3026 "Ich stimme", begann Herr Vielmater, indem er behaglich
508 3077 3067 3222 die Füsse übereinander schlug,“ ich stimme für... nun...
505 3215 1283 3390 für den Herrn...
529 3329 1710 3531 „Nun, für wen.. für ven?"
518 3464 3161 3703 "Für wen anders, geehrte Versammlung, als für denjentgen,
