3464 4312
2558 392 2758 583 248
2749 542 2836 687 D'
734 667 3025 847 "Nun, und Sie zufrieden!" flüsterte die gefälli-
719 821 2329 1003 ge Balleteuse dem frohen Kühle zu.
737 1003 3002 1163 "Ich liebe Sie doppelt so sehr", war die Antwort.
728 1137 2952 1288 “Doch nun will Sie mein Freund Geyer noch um et¬
716 1299 2906 1491 was ersuchen! Ich fürchte schon, wir werden Ih-
722 1453 1276 1601 nen lästig.'
757 1595 2604 1778 "Sie sehen, ich bin heute sehr gefällig."
737 1775 2859 1928 „So möchte ich Sie also bitten, mein Fräulein,
713 1920 2822 2111 began in Falke,“ mich dem Herrn Hermann Fiedel
713 2059 1366 2239 vorzustellen.
734 2233 3065 2404 “Mit Vergnügen.“ Sie führte beide Freunde zu Herrn
710 2390 2970 2540 Fiedel und stellte sie einander vor. Als sie nun
710 2526 3004 2691 Fiedel und Falke alleinliess-denn auch Kühle hat-
716 2694 2877 2865 te sich in die wirbelnde Menge verloren- wurde
710 2842 2964 3007 ste augenblicklich von Herrn Adalbert Strohmüller
705 2972 2978 3158 angefallen, der ihr schon geraume Zeit nachgelau-
716 3144 3010 3329 fen war, nicht ohne sich verschiedene Male in die
702 3297 2949 3483 Sosleppen von verschiedenen Damen zu verwickeln.
728 3436 2990 3628 "Endlich finde ich Sie, mein geehrtestes Fräulein.
713 3579 2961 3782 toh fürchtete schon. Sie würden heute nicht mehr
