3352 4184
2798 373 2956 528 20
454 568 1042 767 lernt haben.
477 709 3100 891 "Was hast Du davon Fritz, sprechen wir nun von andern Din
481 857 2959 1049 gen," warf ärgerlich Kühle ein,. ein Fecht lustiger Ge
471 992 3094 1174 selle, der das Leben von der hettern Sette auffasste und
467 1150 3043 1348 nicht gewillt schien, Weiteres von der Entrüstung der al
491 1345 3094 1523 ten Herren zu erfahren. Ein anderer steckte die Hände in
471 1463 3080 1698 dte Tasche, streckte die Füsse weit von sich und schaute
477 1648 1221 1819 zum Mond hinauf.
481 1718 3083 1981 "Du scheinst Dich ja famos zu langweilen,Feld", bemerkte
471 1917 3144 2108 der junge Falke."Denn Deine Natur neigt sich ja sonst dem
467 2085 3046 2273 Sentimentalen nicht so sehr zu, während Du jetzt in den
2660 2216 2761 2424 be
461 2229 2529 2408 Anblick des Kindes geradezu versunken bist.
484 2394 3036 2589 "Nicht meine Schuld", erwiderte der junge Mann, indem er
481 2556 3046 2717 leicht mit den Achseln zuckte, aber sonst an seiner Lage
471 2673 3097 2878 nichts veränderte. "Aber wenn Du seit einer halben Stunde
481 2841 3181 3057 von nichts anderem sprichst, als immer von den moralischen
461 3030 2996 3198 Herrn, da darfst Du mirs wahrhaftig nicht übel nehmen,
467 3171 1806 3336 wehn ich sentimental werde.“
3073 3289 3174 3393 P.S.
481 3315 2952 3510 Gut denn, sprechen wir von etwas anderem. Vielleicht
474 3487 3013 3682 weiss uns Wahlmann etwas zu erzählen.Er ist doch setht
