<?xml version="1.0" encoding="UTF-8" standalone="yes"?>
<PcGts xmlns="http://schema.primaresearch.org/PAGE/gts/pagecontent/2013-07-15" xmlns:xsi="http://www.w3.org/2001/XMLSchema-instance" xsi:schemaLocation="http://schema.primaresearch.org/PAGE/gts/pagecontent/2013-07-15 http://schema.primaresearch.org/PAGE/gts/pagecontent/2013-07-15/pagecontent.xsd">
    <Metadata>
        <Creator>prov=READ-COOP:name=TrHtr:version=2.1.0:model_id=51170:date=14_08_2023_17:56</Creator>
        <Created>2023-05-10T14:32:52.963+02:00</Created>
        <LastChange>2023-08-14T17:56:46.295+02:00</LastChange>
        <TranskribusMetadata docId="1428639" pageId="55423572" pageNr="315" tsid="132819740" status="IN_PROGRESS" userId="64420" imgUrl="https://files.transkribus.eu/Get?id=GMVGRYLLFUXBEWPFGCGAQNEY&amp;fileType=view" xmlUrl="https://files.transkribus.eu/Get?id=NBFRBCRGXJBRSCWIMIVGDLZO" imageId="44697651"/>
    </Metadata>
    <Page imageFilename="1428639_0315.jpg" imageWidth="3480" imageHeight="4280">
        <ReadingOrder>
            <OrderedGroup id="ro_1711819219231" caption="Regions reading order">
                <RegionRefIndexed index="0" regionRef="tr_1"/>
                <RegionRefIndexed index="1" regionRef="tr_2"/>
            </OrderedGroup>
        </ReadingOrder>
        <TextRegion id="tr_1" custom="readingOrder {index:0;}">
            <Coords points="761,457 3071,457 3071,2687 761,2687"/>
            <TextLine id="tr_1_tl_1" custom="readingOrder {index:0;}">
                <Coords points="2639,640 2673,637 2699,617 2716,623 2744,606 2773,623 2801,620 2787,421 2767,421 2761,429 2727,421 2710,429 2684,415 2676,424 2650,421 2625,432"/>
                <Baseline points="2647,507 2692,510 2736,513 2781,516 2799,519"/>
                <TextEquiv>
                    <Unicode> s0s</Unicode>
                </TextEquiv>
            </TextLine>
            <TextLine id="tr_1_tl_2" custom="readingOrder {index:1;}">
                <Coords points="816,819 2940,884 2892,717 816,737"/>
                <Baseline points="831,808 877,808 922,811 967,811 1011,811 1056,811 1101,814 1146,814 1190,814 1235,814 1280,814 1325,814 1369,814 1414,817 1459,817 1504,817 1549,817 1593,817 1638,817 1683,817 1728,817 1772,817 1817,817 1862,817 1907,817 1951,820 1996,820 2041,820 2086,823 2131,823 2175,823 2220,826 2265,823 2310,823 2354,826 2399,826 2444,829 2489,826 2533,829 2578,829 2623,829 2668,832 2713,832 2757,829 2802,829 2847,826 2892,829 2936,829 2948,826"/>
                <TextEquiv>
                    <Unicode>Fenster, Hand in Hand und hielten sich x fest</Unicode>
                </TextEquiv>
            </TextLine>
            <TextLine id="tr_1_tl_3" custom="readingOrder {index:2;}">
                <Coords points="810,967 1644,984 1928,1069 2986,1012 2949,916 810,907"/>
                <Baseline points="826,964 871,964 916,964 961,964 1005,964 1050,967 1095,967 1140,970 1184,967 1229,967 1274,970 1319,970 1363,970 1408,970 1453,975 1498,972 1543,972 1587,972 1632,972 1677,972 1722,972 1766,972 1811,975 1856,972 1901,972 1945,975 1990,972 2035,975 2080,975 2125,978 2169,978 2214,981 2259,978 2304,978 2348,981 2393,984 2438,984 2483,981 2528,984 2572,981 2617,981 2662,984 2707,984 2751,984 2796,984 2841,981 2886,981 2930,981 2975,981 2993,978"/>
                <TextEquiv>
                    <Unicode>und der leise Wind trieb ihre Haare gegeneinan</Unicode>
                </TextEquiv>
            </TextLine>
            <TextLine id="tr_1_tl_4" custom="readingOrder {index:3;}">
                <Coords points="799,1129 1450,1143 1590,1234 2824,1223 2824,1081 2568,1024 799,1086"/>
                <Baseline points="814,1122 859,1119 904,1119 949,1119 993,1122 1038,1122 1083,1125 1128,1125 1172,1125 1217,1125 1262,1125 1307,1125 1352,1125 1396,1128 1441,1128 1486,1128 1531,1128 1575,1128 1620,1128 1665,1128 1710,1131 1754,1134 1799,1131 1844,1131 1889,1131 1934,1134 1978,1134 2023,1134 2068,1137 2113,1137 2157,1137 2202,1137 2247,1140 2292,1137 2336,1140 2381,1140 2426,1140 2471,1140 2516,1143 2560,1140 2605,1143 2650,1143 2695,1143 2739,1143 2784,1140 2829,1143 2832,1143"/>
                <TextEquiv>
                    <Unicode>der und draussen wars schweigsam und still.</Unicode>
                </TextEquiv>
            </TextLine>
            <TextLine id="tr_1_tl_5" custom="readingOrder {index:4;}">
                <Coords points="819,1288 2210,1388 3063,1320 2886,1226 819,1248"/>
                <Baseline points="835,1277 880,1277 925,1277 970,1280 1014,1280 1059,1283 1104,1283 1149,1283 1193,1283 1238,1283 1283,1283 1328,1283 1372,1283 1417,1283 1462,1283 1507,1283 1552,1286 1596,1286 1641,1286 1686,1286 1731,1286 1775,1286 1820,1289 1865,1289 1910,1292 1954,1292 1999,1292 2044,1295 2089,1298 2134,1295 2178,1295 2223,1295 2268,1298 2313,1298 2357,1301 2402,1298 2447,1298 2492,1301 2536,1298 2581,1301 2626,1301 2671,1301 2716,1298 2760,1304 2805,1301 2850,1304 2895,1304 2939,1304 2984,1301 3029,1301 3071,1304"/>
                <TextEquiv>
                    <Unicode>* * * *  *    =================................................. * *</Unicode>
                </TextEquiv>
            </TextLine>
            <TextLine id="tr_1_tl_6" custom="readingOrder {index:5;}">
                <Coords points="808,1442 1263,1442 1473,1538 1681,1490 1743,1527 1985,1493 1982,1385 1885,1413 1675,1345 1422,1405 1317,1356 1061,1371 907,1285 805,1300"/>
                <Baseline points="820,1426 865,1426 910,1426 955,1429 999,1429 1044,1429 1089,1429 1134,1429 1178,1432 1223,1429 1268,1429 1313,1432 1358,1432 1402,1435 1447,1435 1492,1435 1537,1438 1581,1438 1626,1438 1671,1438 1716,1435 1760,1438 1805,1441 1850,1444 1895,1444 1940,1444 1984,1450 1990,1450"/>
                <TextEquiv>
                    <Unicode>Und da wurde es ltoht....</Unicode>
                </TextEquiv>
            </TextLine>
            <TextLine id="tr_1_tl_7" custom="readingOrder {index:6;}">
                <Coords points="793,1607 1243,1590 1433,1678 2940,1652 2940,1536 2858,1504 793,1524"/>
                <Baseline points="808,1584 853,1581 898,1578 943,1581 987,1581 1032,1584 1077,1584 1122,1584 1167,1584 1211,1584 1256,1584 1301,1584 1346,1587 1390,1584 1435,1587 1480,1587 1525,1587 1569,1590 1614,1590 1659,1587 1704,1590 1749,1587 1793,1590 1838,1587 1883,1587 1928,1590 1972,1593 2017,1590 2062,1590 2107,1590 2151,1590 2196,1590 2241,1590 2286,1590 2331,1590 2375,1590 2420,1593 2465,1590 2510,1593 2554,1593 2599,1596 2644,1593 2689,1596 2733,1596 2778,1596 2823,1596 2868,1596 2913,1599 2948,1593"/>
                <TextEquiv>
                    <Unicode>Durch die Zimmer wogten die Herren und die Da</Unicode>
                </TextEquiv>
            </TextLine>
            <TextLine id="tr_1_tl_8" custom="readingOrder {index:7;}">
                <Coords points="796,1760 2906,1774 2906,1686 2693,1666 796,1666"/>
                <Baseline points="811,1737 856,1740 901,1740 946,1740 990,1740 1035,1740 1080,1740 1125,1740 1169,1743 1214,1743 1259,1743 1304,1746 1349,1746 1393,1746 1438,1746 1483,1746 1528,1746 1572,1746 1617,1749 1662,1749 1707,1749 1751,1749 1796,1751 1841,1751 1886,1751 1931,1751 1975,1751 2020,1754 2065,1751 2110,1754 2154,1751 2199,1751 2244,1754 2289,1754 2334,1754 2378,1754 2423,1754 2468,1754 2513,1757 2557,1757 2602,1757 2647,1757 2692,1757 2736,1757 2781,1757 2826,1760 2871,1760 2913,1760"/>
                <TextEquiv>
                    <Unicode>men durcheinander; Strohmüller sprach mit der</Unicode>
                </TextEquiv>
            </TextLine>
            <TextLine id="tr_1_tl_9" custom="readingOrder {index:8;}">
                <Coords points="788,1911 3034,1922 3000,1848 2574,1820 788,1823"/>
                <Baseline points="802,1889 847,1889 892,1889 937,1892 981,1892 1026,1892 1071,1895 1116,1895 1161,1895 1205,1895 1250,1895 1295,1895 1340,1898 1384,1895 1429,1898 1474,1898 1519,1898 1563,1901 1608,1901 1653,1901 1698,1901 1743,1901 1787,1904 1832,1904 1877,1904 1922,1904 1966,1904 2011,1904 2056,1904 2101,1904 2145,1907 2190,1907 2235,1907 2280,1907 2325,1907 2369,1907 2414,1907 2459,1907 2504,1907 2548,1910 2593,1910 2638,1910 2683,1910 2727,1910 2772,1910 2817,1910 2862,1910 2907,1910 2951,1910 2996,1913 3041,1916 3044,1913"/>
                <TextEquiv>
                    <Unicode>schönen Orientalin, die sagte ihm gerade heraus:</Unicode>
                </TextEquiv>
            </TextLine>
            <TextLine id="tr_1_tl_10" custom="readingOrder {index:9;}">
                <Coords points="808,2062 3066,2090 3003,1954 2827,2011 808,1974"/>
                <Baseline points="823,2029 868,2035 913,2038 958,2038 1002,2038 1047,2038 1092,2041 1137,2041 1181,2044 1226,2044 1271,2047 1316,2047 1361,2044 1405,2047 1450,2047 1495,2047 1540,2047 1584,2047 1629,2047 1674,2047 1719,2047 1763,2047 1808,2050 1853,2047 1898,2050 1943,2050 1987,2053 2032,2053 2077,2053 2122,2053 2166,2056 2211,2053 2256,2056 2301,2056 2345,2056 2390,2056 2435,2056 2480,2059 2525,2059 2569,2062 2614,2062 2659,2062 2704,2065 2748,2062 2793,2059 2838,2059 2883,2059 2927,2059 2972,2056 3017,2056 3062,2059 3071,2056"/>
                <TextEquiv>
                    <Unicode>"Ich bin in Dioh verliebt." Sie war so offen und</Unicode>
                </TextEquiv>
            </TextLine>
            <TextLine id="tr_1_tl_11" custom="readingOrder {index:10;}">
                <Coords points="776,2227 953,2227 981,2201 1055,2227 1075,2215 1126,2244 1174,2207 1226,2227 1302,2215 1300,2144 1228,2150 1177,2116 1081,2141 1021,2124 1001,2144 936,2127 853,2147 774,2127"/>
                <Baseline points="793,2193 838,2193 883,2193 928,2193 972,2193 1017,2196 1062,2196 1107,2196 1152,2199 1196,2199 1241,2202 1286,2202 1310,2205"/>
                <TextEquiv>
                    <Unicode>aufrichtig.</Unicode>
                </TextEquiv>
            </TextLine>
            <TextLine id="tr_1_tl_12" custom="readingOrder {index:11;}">
                <Coords points="776,2448 992,2349 2960,2397 2997,2278 774,2286"/>
                <Baseline points="793,2334 838,2336 883,2336 928,2336 972,2336 1017,2336 1062,2339 1107,2339 1152,2339 1196,2339 1241,2342 1286,2342 1331,2342 1375,2342 1420,2342 1465,2342 1510,2342 1555,2342 1599,2342 1644,2342 1689,2345 1734,2345 1778,2345 1823,2348 1868,2348 1913,2348 1957,2348 2002,2348 2047,2351 2092,2351 2137,2351 2181,2351 2226,2351 2271,2354 2316,2354 2360,2354 2405,2354 2450,2354 2495,2354 2539,2357 2584,2357 2629,2357 2674,2357 2719,2360 2763,2357 2808,2360 2853,2360 2898,2360 2942,2357 2987,2357 3005,2354"/>
                <TextEquiv>
                    <Unicode>Aber Loser litt an unglücklicher Liebe; das tst</Unicode>
                </TextEquiv>
            </TextLine>
            <TextLine id="tr_1_tl_13" custom="readingOrder {index:12;}">
                <Coords points="754,2494 842,2525 950,2494 1280,2565 1447,2528 1578,2565 1783,2531 1760,2426 1374,2448 1200,2406 1120,2446 850,2412 754,2471"/>
                <Baseline points="770,2489 814,2492 859,2492 904,2492 949,2495 993,2498 1038,2498 1083,2498 1128,2498 1172,2498 1217,2501 1262,2498 1307,2498 1352,2498 1396,2498 1441,2498 1486,2498 1531,2498 1575,2498 1620,2501 1665,2501 1710,2501 1754,2501 1790,2504"/>
                <TextEquiv>
                    <Unicode>ein trauriges Leiden!</Unicode>
                </TextEquiv>
            </TextLine>
            <TextLine id="tr_1_tl_14" custom="readingOrder {index:13;}">
                <Coords points="748,2699 3029,2704 3009,2511 2648,2599 1487,2611 745,2508"/>
                <Baseline points="761,2623 805,2629 850,2635 895,2641 940,2647 984,2650 1029,2650 1074,2650 1119,2650 1164,2650 1208,2650 1253,2650 1298,2653 1343,2650 1387,2650 1432,2650 1477,2656 1522,2656 1566,2656 1611,2656 1656,2656 1701,2656 1746,2659 1790,2656 1835,2659 1880,2659 1925,2662 1969,2662 2014,2662 2059,2665 2104,2665 2148,2665 2193,2665 2238,2668 2283,2665 2328,2665 2372,2665 2417,2665 2462,2668 2507,2668 2551,2668 2596,2668 2641,2668 2686,2668 2730,2668 2775,2671 2820,2668 2865,2668 2910,2668 2954,2671 2999,2674 3035,2677"/>
                <TextEquiv>
                    <Unicode>"Guten Abend," sagte die Gräfin zu ihrem Gemahl,</Unicode>
                </TextEquiv>
            </TextLine>
        </TextRegion>
        <TextRegion id="tr_2" custom="readingOrder {index:1;}">
            <Coords points="767,2746 3002,2746 3002,3603 767,3603"/>
            <TextLine id="tr_2_tl_1" custom="readingOrder {index:0;}">
                <Coords points="762,2815 1228,2810 1416,2858 1914,2832 1911,2716 1851,2702 1760,2753 762,2747"/>
                <Baseline points="778,2796 823,2796 868,2796 913,2796 958,2799 1002,2799 1047,2799 1092,2799 1137,2802 1181,2802 1226,2802 1271,2802 1316,2802 1361,2802 1405,2805 1450,2802 1495,2805 1540,2805 1584,2808 1629,2808 1674,2805 1719,2808 1763,2808 1808,2808 1853,2811 1898,2814 1919,2817"/>
                <TextEquiv>
                    <Unicode>sie bemerkte ihn gerade.</Unicode>
                </TextEquiv>
            </TextLine>
            <TextLine id="tr_2_tl_2" custom="readingOrder {index:1;}">
                <Coords points="765,2986 2997,3000 2994,2906 2605,2852 765,2875"/>
                <Baseline points="781,2945 826,2948 871,2948 916,2948 961,2948 1005,2951 1050,2951 1095,2951 1140,2951 1184,2951 1229,2954 1274,2954 1319,2951 1363,2954 1408,2954 1453,2954 1498,2957 1543,2957 1587,2957 1632,2957 1677,2957 1722,2957 1766,2957 1811,2957 1856,2960 1901,2963 1945,2963 1990,2966 2035,2966 2080,2966 2125,2966 2169,2966 2214,2963 2259,2963 2304,2966 2348,2963 2393,2966 2438,2966 2483,2966 2528,2969 2572,2969 2617,2969 2662,2969 2707,2972 2751,2972 2796,2972 2841,2972 2886,2972 2930,2969 2975,2969 3002,2969"/>
                <TextEquiv>
                    <Unicode>„Liebe Adelatde ich reise gleich wieder ab. Ich</Unicode>
                </TextEquiv>
            </TextLine>
            <TextLine id="tr_2_tl_3" custom="readingOrder {index:2;}">
                <Coords points="751,3162 1038,3105 1999,3188 2360,3120 2866,3159 2952,3037 748,3012"/>
                <Baseline points="767,3098 811,3101 856,3101 901,3101 946,3101 990,3101 1035,3104 1080,3104 1125,3104 1169,3104 1214,3104 1259,3104 1304,3104 1349,3104 1393,3104 1438,3104 1483,3107 1528,3107 1572,3107 1617,3107 1662,3107 1707,3107 1751,3110 1796,3112 1841,3112 1886,3112 1931,3112 1975,3115 2020,3115 2065,3115 2110,3115 2154,3115 2199,3115 2244,3118 2289,3118 2334,3118 2378,3118 2423,3118 2468,3118 2513,3118 2557,3118 2602,3118 2647,3118 2692,3118 2736,3121 2781,3118 2826,3121 2871,3121 2916,3115 2957,3104"/>
                <TextEquiv>
                    <Unicode>nehme nur Abschied von Dir. Die Konstantinopo</Unicode>
                </TextEquiv>
            </TextLine>
            <TextLine id="tr_2_tl_4" custom="readingOrder {index:3;}">
                <Coords points="754,3262 1072,3341 1300,3256 1450,3319 2264,3265 2889,3339 2889,3222 2667,3179 754,3185"/>
                <Baseline points="770,3250 814,3247 859,3250 904,3250 949,3250 993,3250 1038,3250 1083,3250 1128,3253 1172,3253 1217,3250 1262,3253 1307,3253 1352,3253 1396,3253 1441,3256 1486,3256 1531,3256 1575,3256 1620,3253 1665,3253 1710,3253 1754,3256 1799,3259 1844,3259 1889,3262 1934,3262 1978,3262 2023,3262 2068,3262 2113,3262 2157,3262 2202,3262 2247,3262 2292,3262 2336,3262 2381,3265 2426,3265 2471,3265 2516,3265 2560,3265 2605,3265 2650,3265 2695,3268 2739,3268 2784,3268 2829,3268 2874,3265 2895,3262"/>
                <TextEquiv>
                    <Unicode>litanerin lass ich da. Sie liebt den Menschen</Unicode>
                </TextEquiv>
            </TextLine>
            <TextLine id="tr_2_tl_5" custom="readingOrder {index:4;}">
                <Coords points="751,3412 1988,3424 1971,3347 1595,3333 1470,3387 1396,3327 751,3361"/>
                <Baseline points="767,3402 811,3402 856,3405 901,3405 946,3405 990,3408 1035,3408 1080,3408 1125,3408 1169,3405 1214,3408 1259,3408 1304,3408 1349,3408 1393,3411 1438,3414 1483,3414 1528,3414 1572,3414 1617,3411 1662,3411 1707,3414 1751,3414 1796,3414 1841,3414 1886,3414 1931,3414 1975,3408 1996,3402"/>
                <TextEquiv>
                    <Unicode>dort. Leb wohl, Adelatde."</Unicode>
                </TextEquiv>
            </TextLine>
            <TextLine id="tr_2_tl_6" custom="readingOrder {index:5;}">
                <Coords points="771,3580 2793,3623 2790,3523 2386,3484 768,3492"/>
                <Baseline points="787,3557 832,3566 877,3566 922,3569 967,3572 1011,3572 1056,3572 1101,3572 1146,3572 1190,3575 1235,3575 1280,3575 1325,3575 1369,3575 1414,3578 1459,3578 1504,3578 1549,3578 1593,3578 1638,3581 1683,3578 1728,3578 1772,3581 1817,3584 1862,3584 1907,3584 1951,3587 1996,3587 2041,3587 2086,3587 2131,3587 2175,3587 2220,3590 2265,3590 2310,3587 2354,3587 2399,3590 2444,3590 2489,3590 2533,3590 2578,3590 2623,3590 2668,3593 2713,3590 2757,3590 2799,3593"/>
                <TextEquiv>
                    <Unicode>"Leb wohl," sie reichten sich die Hände und</Unicode>
                </TextEquiv>
            </TextLine>
        </TextRegion>
    </Page>
</PcGts>
