3528 4360
2328 481 2520 651 291
639 877 2913 1099 wo er freilich das unverschämt höhnische Gesicht
654 1029 2310 1278 seines Schülers nicht sehen konnte.
679 1144 2889 1376 "Ich rate Ihnen," sagte der Professor, "trollen
676 1291 3035 1543 sie sich augenblicklich heim-oder ich mach aus mei-
688 1470 2889 1701 ner Drohung Ernst und bringe die Geschichte vor
697 1683 1397 1854 die Konferenz.
691 1771 3111 2030 Rahasseg blieb sehr gemütlich stehen, indem er sich
715 1936 2109 2164 eine neue Zigarette anzündete.
721 2045 3175 2328 "Unverschämter Mensch," wütete Waschlapskt, "toh werde
718 2258 2182 2472 auf Ausschliessung beantragen."
709 2411 2715 2596 Der Gymnastast trällerte:Estrellalalalala."
718 2532 3004 2764 Dann sagte er herablassend!" Ich sage Ihnen, Sie
3019 2605 3111 2822 be
746 2685 2672 2892 schaden nur Ihrem Freunde, Herr Nelke...
752 2861 2481 3102 Waschlapski biss sich auf die Lippen.
773 2937 3120 3226 "Ich will mich um einen solchen Menschen gar nicht
764 3156 3065 3372 bekümmern! Trollen Sie sich fort sammt Ihrer sau-
773 3357 1327 3549 bern Dirne.
776 3369 3132 3643 "Ich empfehle mich," sprach höflich Rahasseg, trat
773 3598 3178 3869 zu Fräulein Door, nahm thren Arm und versohwand mit
