3496 4392
2663 463 2854 586 390
721 727 2789 967 die Seide, die ihn nur schwach bedeckte bei
709 929 2048 1099 nahe ganz herabgesunken ist.
721 1069 3044 1245 Wie die Prinzessin leutselig ist, gegen einen ar-
715 1213 2909 1389 men, unterirdischen Stundenten. Nicht wahr, du
721 1395 2948 1582 nimmst ihn auch auf in Dein reiches Schloss, er
735 1521 2848 1699 soll die Universität Universitüt sein lassen,
727 1673 2868 1846 er soll dich lieben und das soll alles, alles
732 1863 987 2048 se in.
730 1995 3030 2151 Die Komödie ist, aus und der Vorhang ist gefallen.
718 2113 2962 2315 Auf der Stelle, wo die Prinzessin stand und ihr
732 2332 2962 2520 Geliebter, löscht eben ein Maschinist eine ganz
735 2455 2971 2640 matt flackernde Lampe aus, die letzte, die noch
741 2640 1374 2775 gebrannt hat.
727 2769 3076 2907 Auf der Strasse, Arm in Arm, schritten Sinnig und
721 2868 2974 3065 Arthur Falke. Plötzlich blieben sie stehen; die
741 3071 2886 3214 kleine Fanni am Arm des kleinen Kränzlein und
744 3197 2918 3425 die grosse Fanni am Arm des grossen Kränalein.
747 3346 3024 3566 kamen eben vorüber. Arthur presste die Zähne zu
