3448 4312
2740 572 2928 705 110
743 879 3008 1049 fester, scharfer Stimmæn, der die Gesetze dieses
746 1038 2913 1185 Vereines auf unverantwortliche Weise verachtet
743 1173 2890 1373 der die Frechheit hat dieses frivolste aller
740 1347 3058 1526 Bücher in der Tssche herumzutragen und dabei eine
737 1503 2980 1630 Schamhaftigkeit heuchelt, die der das Josef zum
746 1670 1902 1795 mindesten gleich kommt!"
763 1798 1957 1980 "Also Herr Präsident.
772 1962 3026 2098 "Schwetgen Sie.Es tst klar, dass Sie leugnen wer
749 2136 2945 2266 den; das liegt schon in der menschlichen Natur,
743 2272 3055 2422 doch sei es darum. Verteidigen Sie sich, ich will
740 2433 2904 2566 nicht ungerecht sein. Beginnen Sie, mein Herr.
734 2537 3017 2702 Damit setzte er sich und warf einen wegverfenden
734 2717 2997 2844 Blick auf Mager, der da stand, wie ein marmorner
734 2864 2919 3011 Koloss, ein Bild des Jammers und nun folgender
746 3046 3000 3170 massen zu sprechen begann. Also dieser Boccaccio
737 3193 2948 3324 gehört nicht mir, sondern einem meiner Schüler,
749 3344 2977 3468 dem ich ihn heute konfisziert habe. Also der Tä
743 3477 2959 3630 ter dieses Boccadoto ist ein Gymnastast und die
743 3647 3026 3783 Täter jenes Hackens sind ebenfalls chottverlasse
