3448 4328
2629 379 2822 557 276
746 659 3055 857 hüsst, spazieren geht, vierzehn Jahre alt ist und
749 828 1973 1000 küsst-- und verliebt ist!"
732 994 2804 1114 Madame Flock sank zurück und rang die Hände.
758 1105 1968 1288 "Nicht möglich!" rief sie,
740 1271 2941 1472 "Oh sehr möglich" schrie der "liebe Mann" "sehr
732 1402 3061 1600 möglich, wahr, sehr wah r, man hat es gesehen, wäh¬
740 1612 2959 1761 rend er auf die Uhr gesehen hat, haben sie sich
740 1764 1181 1892 geküsst!"
752 1871 1842 2052 “Aber erkläre mir doch!
746 2035 3020 2218 "Ah was, erklären--“ Er kehrte sich um.“Ah Du da,
735 2189 3075 2349 Fanni," schrie er seine Tochter an, die das Blonde
723 2367 2944 2519 Köpfchen durch die Türspalte gesteckt hatte und
723 2516 2935 2661 jetzt bis in die Zehenspitzen erbebt war.“Jetzt
720 2650 2979 2795 wirst Du mir Rede stehen," rief er, indem er sie
723 2795 2938 2997 beim Arm ins Zimmer zog,“jetzt wirst Du mir die
717 2956 2932 3107 Geschichte erzählen von Anfang bis zu Ende, wie
708 3104 2930 3265 Du thn kennen gelernt hast, den Monsteur Arthur
711 3276 2419 3431 Fulke und wie Du ihn geküsst hast...“
726 3399 3000 3615 "Papa das hab ich gar nicht getan," rief das Mäd¬
723 3574 1425 3784 chen entrüstet.
