3496 4280
2734 589 2915 706 gls
885 820 3006 1017 "Verloren," murmelte er. Dann lehnte er sich
870 993 3123 1201 in die Nische, kreuzte die Betne und sprach lang
870 1140 3085 1321 sam: "Eine Frage aufs Gewissen, Talma. Schwören
858 1286 3088 1442 Sie mir, dass Sie mich nicht lieben." Dabei sah
847 1418 3015 1629 er sie fest an, aber man konnte kaum bemerken,
850 1553 3021 1752 dass sich in Talmas bleichem Gesicht etwas reg
847 1749 2974 1913 te. Sie antwortete nichts und er forderte sie
838 1881 3141 2086 nicht mehr dazu auf. Jetzt öffnete er das Fenster
826 2069 2945 2239 und lehnte sich hinaus, als wenn nichts ge -
815 2209 3056 2397 schehen wäre. Eine träumerische Stille lag über
815 2362 2898 2537 den Strassen und in die Dunkelheit regte der
815 2502 3167 2699 gewaltige Stephansturm auf, von dem her die Glocke
812 2666 3059 2842 verkündete, dass eine halbe Stunde nach Mitter -
803 2833 2942 2962 nacht verflossen sei. Jetzt wandte sich Kühle
797 2977 3053 3123 wieder um. "Noch einmal, Talma, schwören Sie mir
791 3129 3035 3314 bei diesen Glockenschlägen, die dte Nacht durch
779 3276 3012 3460 beben, dass Sie mich nicht lieben. Schwören Sie
782 3413 2945 3598 es mir.-bet der Nacht selbst, bei der heiligen,
771 3572 2951 3794 die die Liebe beschützt — und wenn Sie mir das
