3432 4296
2796 375 2926 546 53
622 581 1520 784 das wäre unhöflich.
619 654 2812 908 Inzwischen meldete ein Livréedtener, das xxxx
622 905 1730 1076 Souper set aufgetragen.
654 1009 3098 1209 "Ich bitte Fräulein Talma, wenn Sie erlauben," sagte
632 1200 3082 1425 der Graf galant, während sie sohon seinen Arm genom
622 1393 1117 1539 mon hatte.
654 1412 3152 1695 "Meine Herren, meine Damen, wenn ich bitten darf, zum
644 1701 1098 1844 Souper. “
635 1793 3063 1949 Alles setzte sich in Bewegung und liess sich an der
651 1892 3158 2111 reichbesetzten Tafel nieder. Kühle ham an Talmas Sei -
660 2114 3145 2279 te zu sitzen, ob aus Zufall, oder in einer unschuldt
657 2257 2866 2479 gen Absicht, wollen wir hier nicht entscheiden.
651 2412 3202 2609 Das Gespräch drehte sich um nichtige Dinge. Kühle, der
651 2590 3012 2764 Talma mit den Augen verschlang, hörte wenig davon.
666 2720 3209 2907 besonders, als seine Nachbarin begann mehrere Mal ihre
666 2898 3082 3082 dunkeln Augen auf ihm ruhen zu lassen und dabet ein
660 3025 3012 3215 Lächeln, von dem man nicht uusste, obwes trontsch
673 3205 2977 3361 oder liebreich sein sollte, thren Mund umepielte.
571 3336 765 3434 du feuilleur avec les
663 3329 3136 3555 Manchmal ltess sie aber auch besagte Augen auf einen
447 3361 562 3590 X
682 3463 3113 3694 andern bis a vis sitzenden Mann blitzen, was in dem
