3496 4328
2716 496 2906 672 119
692 865 2870 1052 heit unserer Zeit, ein Ausdruck, dem nur Toren
698 981 2921 1194 Abgeschmacktheit vorwerfen können. O ich möchte
713 1141 2921 1340 ausspucken vor dieser Zeit und wenn Sie das mit
713 1281 3034 1489 mir tun, so sind meine schönsten Wünsche erfüllt.
1402 1444 3087 1628 Auf diese klassische Weise beendete
725 1610 2846 1809 der Präsident seine kurze, aber tnhaltsreibhe
716 1756 3102 1931 Rede, der endloser, lauter Betfall folgte. Nachdem
734 1878 2962 2095 sich der Sturm etwas gelegt und der Reder sich
758 2047 2971 2273 gemessen verbeugt hatte, sagte er: "Ich erl aube
749 2193 3072 2442 mir jetzt gleich für die nächste Sitzung das iro
764 2380 2959 2552 gramm zu entwerfen. "Sie, Herr Professor Mager,
764 2534 2466 2722 werden Ihren Vortrag halten. Nicht!"
802 2683 2855 2867 "Also, ich werde mal mein Manuschript suchm.'
778 2811 2796 2998 "Dann Sie, Herr Vielrater,." fuhr Falke fort.
814 2986 3132 3158 „Na,“ erwiderte jener, "es ist schon möglich, wenn
784 3120 3099 3319 ich nicht zu schläfrig bin." Dabet gähnte er, rieb
796 3277 3102 3479 sich die Augen, sah auf die Uhr und sagte: "###chon
799 3476 1723 3661 halb neun vorüber."
814 3577 2980 3759 "Ah schon halb neun," murmelte Strohmüller und
