3384 4232
2878 385 3016 560 12
469 520 3134 695 nommen ist, so bedarf es nur mehr der näheren Besprechung
469 685 2186 884 über dessen Wesen und Einrichtungs."
469 843 2999 1029 Der Sitz des Vereines ist natürlich hier und die Mit -
476 992 3053 1181 glieder haben sich an bestimmten Abenden in diesem Saal
469 1137 2679 1323 einzufinden," liess sich eine Stimme vernehmen.
496 1279 3168 1484 "Angenommen", sprach Herr Falke "dann muss selötsverständ -
462 1420 3097 1606 lich jedes der Mitglieder die grösste Reinheit und Ehren
469 1589 3181 1758 haftigkeit im Leben bewahren, widrigenfalls es mit Schimpf
472 1758 2409 1950 und Schande aus dem Verein gejagt wird. "
506 1910 3094 2095 "Ah, Sie haben vollständig Recht", sprach Mager, der sich
469 2061 1967 2260 jetzt in seinem Elemente befand.
466 2223 2115 2365 "Und werden auch Frauen in dem...."
469 2372 2996 2534 "Herr Vielmater wollen Sie mal schweigen! Das Wetb ist
455 2540 2908 2716 mal der Grundstein von allem Uebel. Wür mal das Weib
452 2679 2625 2858 nicht auf Erden, so gäb es keine Wüstlinge..."
482 2844 3043 3013 "Aber auch keine ordentlichen Menschen", sprach langsam
449 2969 1586 3175 und naiv Herr Vielmater.
462 3124 3158 3300 "Und über das verganene Leben wird nichts mehr gesprochent
476 3286 3104 3505 fragte ein noch nicht alter Mann, der ziemlich lustig ge
439 3434 1441 3620 lebt zu haben schien.
