3480 4376
2466 573 2647 757 333
727 828 3021 1068 "Ich bitte Dich, sprich nicht so laut, wir stehen
715 982 2973 1240 ja da mitten auf der Treppel." Er schritt schnell
718 1169 2911 1350 die Stiege hinauf,Estrella folgte ihm langsam.
697 1309 3080 1540 Kaum, dass sie im Waggon sassen, begann sie wieder.
718 1466 2962 1697 "Treuloser! Bedenke nur, was Du mir gestern erst
709 1614 2994 1813 geschrieben.“ Sie zog das zierliche Briefchen aus
712 1813 2870 1991 der Tasche und las: Süsse Estrella! Den ersten
697 1911 2968 2065 Mai Punkt neun Uhr auf dem Südbahnhof. Ewig Dein
700 2125 3077 2255 Ludwig. — Da hast Dus! Ewig Dein Ludwig, das schrxx
706 2214 2160 2430 schriebst Du mir noch gestern."
709 2356 2997 2585 "Du erlaubst, meine Teure, das steht nicht da. Ei¬
691 2516 3039 2674 nen Augenblick, ich bitte Dich.“ Er nahm ihr leise
691 2674 1766 2852 den Brief aus der Hand.
730 2846 3030 3042 "Siehst du," begann er dann von neuem, idem er auf
685 2976 2985 3172 die Buchstaben wies.“Hier steht: Ewig Ludwig. Von
691 3110 2932 3356 "Dein" keine Spur, Und da ich meinen Namen nicht
688 3312 3030 3469 zu ändern gedenke, demzufolge immer Ludwig heissen
674 3430 2959 3677 werde, so hat diese Unterschrift ihre vollständi-
685 3585 1522 3757 ge Berechtigung.“
