3592 4376
2401 436 2573 608 325
800 711 2907 963 etum Rendez-vous in Form von Annoncen stehen.
791 859 3056 1091 Nachdem er sich einmal höflich verbeugt, geht er
809 1061 3041 1233 aus dem Coupée, nicht ohne sich zu wiederholten
806 1188 2747 1411 Malen umsudrehen und zu flüstern: Morgen.
809 1354 3121 1538 Fanni errötet- und erinnert sich plötzlich wieder
842 1517 3180 1689 ihrer so nahen Verwandten.- Noch denkt sie an eine
827 1645 3150 1885 List, um zu entkommen, wenn das nicht möglich, an
842 1796 3106 1989 eine Ausrede, die sie gebrauchen könnte, da hält
854 1971 3121 2155 der Zug in Mödling. — Um Himmels Willen, der On¬
857 2119 3195 2324 kel und der Cousin stehen auf- welches Glück, dass
854 2273 3139 2463 sie auf der entgegengesetzten Seite hinusgehen.-
851 2421 3222 2623 Sie steht auf der Stiege, die ins Freie führt--sie
862 2578 3192 2765 springt hinab, da springt gerade auf der entgegen¬
886 2700 3269 2904 gesetzten Seite Papi Ritter heraus- es war ein Bild
886 2851 3216 3053 zum Malen.- Bevor aber Ritter sie bemerken konnte,
892 3023 3156 3198 hatte sie den Sonnenschirm aufgespannt und hielt
904 3150 3174 3343 ihn gerade vors Gesicht. Sie liess alle Passagte-
895 3322 3198 3497 re vorbeigehen, bevor sie hinausging. Endlich war
907 3474 3260 3696 sie draussen. Sie atmete auf und machte xxx sich nun
