2872 3528
163 1129 521 1271 1
616 547 2443 786 Die benge Frage, die Christus aufreuz zum Hin-
611 696 2377 893 mel stöhnte, ist allgemein bekannt geworden.
618 826 2495 1046 hexiderkxhad
632 973 2401 1162 "Gott, mein Gott, warum hast du mich verlassen?
762 1129 985 1207 kerht
620 1125 2524 1278 Aber XX Ihr auch die Entwort, die Gott ihm ge-
630 1295 2408 1420 geben? Es gibtdarüber verschiedene Versionen:
625 1380 2417 1574 Die eine: Wie, du fragst mich und hattest doch
625 1539 2417 1671 die Kühnheit dich für den Messias auszugeben?
634 1667 2453 1844 -ine zweite :ft Wenn du doch immer hofttest, dass
632 1816 2363 1972 ich dicht im letzten Augenblick vom Kreuzes-
639 1915 2500 2081 tod erretten würdes, warum gäbst du dich für den
625 2048 2493 2221 Heldenaus, der durch seinen Opfertod die Mensch-
627 2221 1444 2351 heit erlösen wollte?
658 2301 2436 2488 Die dritie: Warum ich dich verliese? weil ich
642 2434 2439 2661 von allem Enbeginn musste, dass du nich fragen
646 2585 978 2746 mürdest.
644 2687 2429 2850 Eine vierte: Meil du die Verwegenheit hettest
644 2805 1911 2988 dich für meinen Sohn auszugeben.
644 2912 2500 3087 Eine fünfte: die an meisten Mahrscheinlichkeit
715 3073 2524 3196 für sich hat: Warum ich dich verliess? Weil es
708 3142 2439 3277 nacht meines Amtes ist mich um das Schicksal
698 3234 1546 3362 jedes Haun zu lümmern.
