2904 3528
611 450 2446 634 Unserem Verhältnis zur Mahrheit liest der Irr-
604 591 2551 795 die Fiktion, ja man könnte sagen die Lüge zugründe
601 727 2562 903 dass wir sie ldie Wahrheit) an sich für wünschens-
601 868 2514 1052 wert, als einen Ausdruck ethischer Vollkommenheit
1032 999 1988 1165 gar nicht der Fall ist.
805 1127 2577 1313 seit, insofere sie nichts ist als Richtigkeit,
596 1273 1920 1442 hat keinerlei ethische Bedeutung.
601 1394 2416 1588 Etwas, was wir als Mahrheit erkannt haben oder
2101 1502 2426 1593 besrieud
604 1540 2629 1709 auch nur erkannt zu haben gläuben, zu vertrsen unter-
604 1678 2564 1857 Gefahren für unseren Vorteil oder für unser Leben
601 1799 2614 2005 selbst, das ist ein beweis persönlichen Mutee,nichts
599 1917 2486 2129 anderes, keinesfalle kann es als einen Beweis für
594 2104 1812 2232 die Wahrheit als solche gelten.
