2824 3400
537 482 1656 609 Der Glaube hat viele Stufen.
612 594 1813 669 Es gibt Wenschen, die glauben.
495 652 2080 734 “Menechen, die sich einbilden, zu glauben.
2235 699 2560 814 glauben.
197 702 2205 794 Mude, Die anderen Menchen vorspiegeln, dass sie
549 789 2458 872 Schon der Glaube an sich hat seine verschiedenen
557 849 782 937 Grade.
557 864 2433 1019 Der einfachete: das Gefühl, dass irgend etwas Un-
547 977 2385 1074 fassbares, vonuns völlig Unabhängiges existiert.
562 1046 2375 1154 das aber, von uns absolut nicht zu beeinflussen.
357 1074 549 1161 ean
799 1101 989 1176 aint
549 1106 702 1186 ist.
544 1156 1484 1236 Der Glaube, dass dieses
1521 1139 2368 1241 Unfasebare an unserem
542 1229 2440 1311 Schicksal teilnimmt, ja seger zu beeinflussen ist
534 1304 2325 1406 durch Andacht, Gebet, gute Werke, ja sogar durch
544 1361 1616 1446 Einhaltung gewisser Fgrmen.
547 1401 2433 1501 Der Dogmenglauben. Ase der Glaube an die Often-
542 1479 2515 1603 barungen einer bestimmten Religion (aleo der Juden
539 1556 2510 1638 an den Bergjnaif, der Christen an die unbefleckte
534 1613 2510 1703 Empfängnis, der Grlechen an die Geburt Minervas aus
529 1688 1376 1786 der Stirne Jupiters).
534 1798 2483 1931 Die Gründe des Vorspiegelns: Feigheit, Bequemlich-
517 1881 1121 1986 keit, Snobismus.
