2840 3496
668 482 2331 650 Menschen hausen meistens nur im mittleren
556 594 2461 740 Stockwerk ihrer Lebensvilla, dort, wo sie sich be-
543 724 2479 910 häglich mit guten Oefey und sonstigen Bequemlich-
553 844 2598 992 keiten eingerichtet haben. Selten steigenie in die
2331 959 2614 1061 recill
551 972 2524 1153 unteren Räume hinab, wo vielteiht Tespenster unge-
541 1112 2527 1288 hen, vor denen ihnen scheudern könrte; selten klim-
533 1244 2435 1436 men sie zum Türme auf, wo der Blick ins Tiefe und
543 1354 2453 1522 weite sie schwindeln macht. Mlanche Leute Freilich
548 1494 2476 1673 gibte, die sich just im Keller aufzuhalten lieben.
538 1624 2468 1808 weil ihnen im Dämmern und Gruseln wolley ist, als
541 1765 2507 1910 in Licht und Verentworturg und Indere wieder klet-
533 1890 2496 2027 tern gerne auf den Turm, um den Blick in unergründ-
525 2035 2504 2185 liche Fernen zu verlieren,die ihnen ewig unerreich
543 2157 2466 2285 bar bleiben ien. Die unseligsten Subjekte aber
525 2308 2468 2430 sind diejenigen, die zwischen Keller und Turm ruhe
528 2400 2530 2573 los treppauf und treppeb rennen und die ihren eo
553 2512 1229 2598 in cipullet seilen
536 2560 2581 2718 zur Hohnung bestimmten Räume verstauben und verwahr-
528 2690 1079 2838 losen lassen.
