2936 3576
544 437 2482 613 Wenn der heilige Franziskus von Asissi vom Bruder
562 544 2506 760 Vogel und vom Bruder Schmetterling spricht, Eu ver-
544 714 2303 922 mögen wir ihm nachzufuhlen, menn sich der gut
557 822 2529 998 schmack vielleicht weniger gegen die Sentimentali-
564 939 2484 1158 tat dieser Auedrucksweise als das Gerührt-Delbst-
569 1106 2443 1288 gefällige Nachbeten und die Uebertreibungen sei-
571 1226 2511 1425 ner Jünger wehrt. Uber inmerhin hat er es vernie-
579 1359 2438 1557 den Bruder Floh zu sagen und auch seine talent-
579 1472 2497 1692 volisten und edelsten Bewunderer dürften für den
591 1594 2479 1812 Bruder Festbarlllus keine besondere Zärtlichkeit
638 1768 844 1847 aufte
601 1798 1013 1955 empfinden.
