2888 3496
568 385 2482 575 Nichts auf der Weit ist unmöglicher als Gleiches
565 553 2551 703 mit Gleichem zu vergelten. Denn selbst wenn irgend
577 679 2396 849 eine Handlung von aussen betrachtet mit irgend
572 817 2475 977 einer anderen ein Gleiches zu bedeuten scheint,-
2369 938 2687 1024 e
572 925 2403 1073 es ist ja doch nicht der gleiche Augenblick, in
565 1059 2470 1219 dem sie geschieht,du bist der Gleiche nicht mehr
1076 1170 1212 1244 de
555 1199 2435 1330 so wenig wie der Andereg und du stehst auf einem
560 1328 2475 1476 neuen Punkt, der sich kreuzenden unendlich vielen
553 1441 2505 1596 Kausalitätsketten, also in einer neuen Melt. Darum
565 1594 2393 1747 ist jede Art von Rache genau besehen immer ein
558 1717 1014 1836 Denkfehler.
