<?xml version="1.0" encoding="UTF-8" standalone="yes"?>
<PcGts xmlns="http://schema.primaresearch.org/PAGE/gts/pagecontent/2013-07-15" xmlns:xsi="http://www.w3.org/2001/XMLSchema-instance" xsi:schemaLocation="http://schema.primaresearch.org/PAGE/gts/pagecontent/2013-07-15 http://schema.primaresearch.org/PAGE/gts/pagecontent/2013-07-15/pagecontent.xsd">
    <Metadata>
        <Creator>prov=READ-COOP:name=PyLaia@TranskribusPlatform:version=2.7.0:model_id=50870:lm=none:date=22_01_2024_21:46</Creator>
        <Created>2023-09-27T14:42:18.335+02:00</Created>
        <LastChange>2024-01-22T21:46:57.875+01:00</LastChange>
        <TranskribusMetadata docId="1589069" pageId="60127324" pageNr="137" tsid="145643803" status="IN_PROGRESS" userId="40391" imgUrl="https://files.transkribus.eu/Get?id=RHTXDRHIDNVNDGKKPFLULUQR&amp;fileType=view" xmlUrl="https://files.transkribus.eu/Get?id=LMSJTYMLZCTICEPMDPVUZOLK" imageId="48552401"/>
    </Metadata>
    <Page imageFilename="1589069_0137.jpg" imageWidth="2856" imageHeight="3496">
        <ReadingOrder>
            <OrderedGroup id="ro_1711787430720" caption="Regions reading order">
                <RegionRefIndexed index="0" regionRef="tr_1"/>
            </OrderedGroup>
        </ReadingOrder>
        <TextRegion orientation="0.0" id="tr_1" custom="readingOrder {index:0;}">
            <Coords points="612,560 612,1878 2674,1878 2674,560"/>
            <TextLine id="tr_1_tl_1" custom="readingOrder {index:0;}">
                <Coords points="602,617 1479,617 1724,659 2246,602 2554,643 2554,522 2107,527 1960,473 1569,538 1297,502 975,561 787,512 602,527"/>
                <Baseline points="615,615 712,617 809,615 906,615 1003,615 1100,612 1197,612 1295,607 1392,609 1489,609 1586,607 1683,603 1780,603 1877,601 1975,600 2072,598 2169,598 2266,594 2363,596 2460,594 2558,591"/>
                <TextEquiv>
                    <Unicode>Es ist nicht mehr ein physiologisches, es ist bei-</Unicode>
                </TextEquiv>
            </TextLine>
            <TextLine id="tr_1_tl_2" custom="readingOrder {index:1;}">
                <Coords points="602,725 952,679 1276,764 1340,725 1523,764 1721,671 2315,689 2318,615 602,641"/>
                <Baseline points="615,683 700,681 785,682 871,680 956,680 1041,680 1127,679 1212,678 1297,677 1383,674 1468,677 1553,675 1639,671 1724,668 1809,667 1895,667 1980,665 2065,662 2151,661 2236,659 2322,662"/>
                <TextEquiv>
                    <Unicode>he schon ein physikalisches besetz, dass die</Unicode>
                </TextEquiv>
            </TextLine>
            <TextLine id="tr_1_tl_3" custom="readingOrder {index:2;}">
                <Coords points="607,821 2477,797 2477,725 2382,715 1963,759 1628,715 1255,772 1181,738 733,772 607,731"/>
                <Baseline points="620,812 713,812 806,812 899,809 992,809 1085,807 1178,806 1272,806 1365,803 1458,803 1551,800 1644,798 1737,800 1830,797 1924,797 2017,794 2110,792 2203,791 2296,791 2389,788 2483,788"/>
                <TextEquiv>
                    <Unicode>Schwäche an sich auf den Starken herausfordernd</Unicode>
                </TextEquiv>
            </TextLine>
            <TextLine id="tr_1_tl_4" custom="readingOrder {index:3;}">
                <Coords points="599,985 859,944 1114,978 1525,936 2670,947 2670,864 2493,839 1695,893 1590,854 1415,898 1178,859 1019,888 952,857 846,906 602,870"/>
                <Baseline points="617,946 719,942 822,940 925,937 1028,937 1131,937 1234,937 1336,937 1439,934 1542,931 1645,928 1748,928 1851,928 1954,925 2056,921 2159,921 2262,919 2365,916 2468,918 2571,914 2674,922"/>
                <TextEquiv>
                    <Unicode>wirkt und dieveer, auch ohne dringende Notwendigkeit,</Unicode>
                </TextEquiv>
            </TextLine>
            <TextLine id="tr_1_tl_5" custom="readingOrder {index:4;}">
                <Coords points="602,1098 1502,1098 1567,1065 1672,1109 1919,1060 2241,1114 2346,1057 2549,1104 2575,970 1114,1032 602,990"/>
                <Baseline points="615,1068 713,1070 811,1068 909,1068 1007,1068 1106,1065 1204,1066 1302,1062 1400,1060 1498,1059 1597,1059 1695,1057 1793,1056 1891,1056 1989,1054 2088,1047 2186,1047 2284,1047 2382,1045 2480,1044 2579,1044"/>
                <TextEquiv>
                    <Unicode>den Drang in sich fühlt den geringeren Widerstand-</Unicode>
                </TextEquiv>
            </TextLine>
            <TextLine id="tr_1_tl_6" custom="readingOrder {index:5;}">
                <Coords points="607,1219 2382,1191 2382,1106 610,1158"/>
                <Baseline points="620,1200 708,1200 796,1198 884,1199 973,1197 1061,1197 1149,1196 1237,1194 1326,1191 1414,1191 1502,1191 1590,1188 1679,1188 1767,1184 1855,1182 1943,1182 2032,1179 2120,1179 2208,1176 2296,1173 2385,1176"/>
                <TextEquiv>
                    <Unicode>wenn schon nicht zu eigenem Vorteil oder zum</Unicode>
                </TextEquiv>
            </TextLine>
            <TextLine id="tr_1_tl_7" custom="readingOrder {index:6;}">
                <Coords points="594,1376 1299,1325 2248,1309 2485,1343 2485,1219 2336,1201 2058,1268 1862,1212 1718,1271 1628,1240 1363,1284 597,1273"/>
                <Baseline points="612,1331 705,1331 799,1328 893,1328 987,1328 1081,1325 1175,1322 1268,1320 1362,1322 1456,1319 1550,1319 1644,1316 1738,1315 1832,1315 1925,1312 2019,1310 2113,1311 2207,1307 2301,1305 2395,1304 2489,1295"/>
                <TextEquiv>
                    <Unicode>Schaden des Andern, so doch wenigstens zur Erhö-</Unicode>
                </TextEquiv>
            </TextLine>
            <TextLine id="tr_1_tl_8" custom="readingOrder {index:7;}">
                <Coords points="599,1497 1266,1459 1338,1507 1423,1461 1968,1446 2094,1482 2207,1443 2452,1482 2452,1379 602,1405"/>
                <Baseline points="617,1459 709,1459 801,1459 893,1456 985,1453 1077,1453 1169,1453 1261,1450 1353,1450 1445,1449 1537,1446 1629,1445 1721,1442 1813,1441 1905,1440 1997,1441 2089,1439 2181,1436 2273,1436 2365,1433 2457,1439"/>
                <TextEquiv>
                    <Unicode>hung seines Selbstgefühls auszunützen. Es sind</Unicode>
                </TextEquiv>
            </TextLine>
            <TextLine id="tr_1_tl_9" custom="readingOrder {index:8;}">
                <Coords points="607,1618 2223,1564 2508,1590 2562,1525 2439,1482 2089,1528 1724,1502 1613,1541 610,1520"/>
                <Baseline points="620,1588 717,1588 814,1585 912,1585 1009,1585 1106,1582 1204,1582 1301,1580 1398,1582 1496,1579 1593,1576 1690,1572 1788,1573 1885,1570 1982,1570 2080,1570 2177,1564 2274,1563 2372,1561 2469,1561 2567,1558"/>
                <TextEquiv>
                    <Unicode>nicht immer die edelsten,oft sind es nur die sen-</Unicode>
                </TextEquiv>
            </TextLine>
            <TextLine id="tr_1_tl_10" custom="readingOrder {index:9;}">
                <Coords points="612,1754 1248,1724 1348,1778 1847,1706 2048,1749 2323,1698 2560,1718 2560,1646 2467,1639 612,1662"/>
                <Baseline points="626,1713 723,1716 820,1716 917,1713 1014,1713 1111,1713 1208,1712 1305,1713 1402,1713 1499,1710 1596,1704 1693,1706 1790,1702 1887,1701 1984,1701 2081,1700 2178,1696 2275,1695 2372,1695 2469,1693 2567,1689"/>
                <TextEquiv>
                    <Unicode>timentalen Menschen,die diesem Drang zu widerste-</Unicode>
                </TextEquiv>
            </TextLine>
            <TextLine id="tr_1_tl_11" custom="readingOrder {index:10;}">
                <Coords points="610,1914 700,1904 828,1947 990,1909 1137,1942 1137,1793 1119,1788 1078,1801 1003,1775 939,1803 872,1783 772,1803 679,1783 610,1803"/>
                <Baseline points="623,1850 649,1848 675,1848 701,1848 727,1848 753,1848 779,1848 805,1848 831,1848 857,1846 883,1845 909,1845 935,1845 961,1845 987,1847 1013,1847 1039,1844 1065,1842 1091,1842 1117,1843 1143,1845"/>
                <TextEquiv>
                    <Unicode>hen vermögen.</Unicode>
                </TextEquiv>
            </TextLine>
            <TextEquiv>
                <Unicode></Unicode>
            </TextEquiv>
        </TextRegion>
    </Page>
</PcGts>
