2856 3448
326 2734 478 3002 4er
568 488 2444 613 Welche Ueberschätzung der „Tat, an sich gegenübe
2024 654 2374 773 sind Ge-
577 654 1787 821 dem Gedanken. Um wieviel frucht
563 775 2449 920 danken als Taten. Die Tat an sich hat immer nur
613 906 2420 1072 nruhe, der Gedanke, wenn er wirklich einer war,
592 1029 2507 1181 immer einen Wert in die Welt gebracht. Charskte-
575 1179 2519 1335 ristisch genug, dass es gerade die Literaten sind,
577 1307 2461 1471 die immer wieder die Tat gegenüber dem Gedanken
1203 1459 1389 1579 ben.
