2888 3528
721 426 2416 631 Verlöschende, Flachernde, stetig brennende Ma-
725 598 968 699 turen.
721 669 2473 855 Das hängt nicht immer von der Flamne an sich
711 822 2421 987 ab, sondern von unserer eigenen Beziehung zu
711 956 1316 1114 diesen Naturen.
718 1088 2520 1248 Die Verschiedenkeit ist nicht in ihnen selbst.
716 1234 2492 1420 sondern in unserem persönlichen Verhältnie zu
718 1411 958 1526 ihnen.
716 1507 2449 1665 Es handelt sich hier also nicht um immanente
704 1656 2595 1799 Eigenschaften,sondern um Eigenschaften,die eint
711 1769 2510 1943 durch die Beziehung abe solche gegeben werden.
709 1926 2562 2061 Natürlich gibt es aber auch Naturen, die an sich
706 2072 2452 2216 eine Heigung haben zu verlöschen,zu flackern
699 2202 1616 2362 oder stetig zu brennen.
