2888 3528
637 412 2491 608 Philosöphie ist auch Glaube, ja ih jetzten Sinne
625 603 2438 776 Dogma; auch dort, wo sie in Zweifel ausläuft,—
622 731 1857 878 und dort vielleicht an meisten.
610 856 2484 1003 Denn wenn die Linien des Denkene nicht ewig un-
625 996 2402 1153 verbunden in hofinungsioser Parallele weiter-
625 1124 2457 1309 gehen sollen,kommt einmal der Schnittpunkt, in
622 1261 2556 1440 dem sie einander treften - und wir wollten so tö-
625 1415 2443 1579 richt sein in diesem Schnittpunkt den Schluss-
627 1526 1239 1681 punkt zu sehen.?
620 1673 1587 1808 Schluss ist imner Willkür
2054 1657 2513 1830 sig von ane-
622 1794 2472 1960 rem Willen laufen jene Linien weiter bis in die
622 1936 2399 2095 Fnendlichkeit, wo sie einander doch treften, so
620 2066 2356 2216 sehr sie scheinbar in verschiedenen oder gar
625 2226 2274 2377 entgegengesetzten Richtungengegangen sind.
612 2373 2459 2520 ob die Philosophie den freien Willen behauptet
612 2488 2510 2650 oder den Determiniemue; ob sie ein allerhöchstes
603 2631 2472 2799 Wesen annimmt, das allwissend und allmächtig ist
608 2778 2486 2922 oder ein ewiges Gesetz, nach dem alles sich voll-
612 2913 2377 3021 zieht, oder ob sie das ganze Weltgeschehen als
600 3021 2517 3188 einnloses Spiel des Zufalls ansieht, das in jedem
