2936 3576
550 490 2296 691 Manche Menschen erscheinen uns so widerspruch
550 611 2503 828 weil wir in ihrer Betrachtung und Beurteilung das
601 784 2528 983 Mement des Komödieneniels zum Zetl oder gänz ver
568 924 2534 1066 nachlässigen,welches doch bei jedem Menschen,nicht
580 1011 2583 1226 nur bei den sogenannten Komödianten, Lügnern, Posen-
588 1166 2518 1362 ren u,s,w, in irgend einem, wenn auch bescheidenen
802 1326 1649 1502 vorhanden ist. -
756 1471 2655 1651 st sozusagen eine physiologische Beimischung des
924 1553 2544 1757 Lüge auch in dem wehreten Insätveden und
1133 1723 2425 1876 nur als Geltungs-öder Epieltrieb.
880 1757 1086 1922 auch
686 1873 2727 2018 ch die zwangshafte Lüge ist häufiger als man glaubt.
604 1992 2660 2170 Immer wieder erleben wir es, dass uns ganz kluge Men-
606 2141 2590 2335 schen eine Jüge auftischen,von der sie wissen,dass
611 2296 1922 2461 wir sie unmöglich glauben können.
614 2386 2688 2606 Nicht jedes Lügen ist eben auch ein Anlügen. Es kann
650 2544 2203 2750 Iffektation, Pose, auch Höflichkeit sein.
