3000 3608
855 543 2454 727 Das Ernstnehmen gewisser Probleme, die in
865 710 2568 870 Wirklichkeit keine sind,bedeutet einen Zeit-
858 831 2714 1008 verlust, der in der Entwicklung der Kultur eine
667 955 2566 1125 ommmBedeutungsvollere Kolle spielt als man
862 1084 2530 1244 gemeiniglich zugesteht. Es geht wahrhaftig
865 1272 2540 1375 nicht an, dase mun sich vor der- Betrachtung
860 1358 2642 1522 neuer Erkenntnisse, vor der Behandlung wesent-
1148 1491 1315 1570 neu
862 1484 2652 1665 licher Fragen imner wieder mit den törichtent
855 1637 2606 1811 Bogmen, mit Vorurteilen,mit sogenannten reli-
872 1782 2602 1913 glösen Bedenken mit dem wahnwitzigsten Aber-
877 1887 2652 2054 glauben auseinanderzusetzen hat,dass man sich
1451 2068 1606 2128 10171
874 2018 2714 2194 xax einer Verbeufung vor den Leuten verpflich-
853 2159 2561 2316 tet fühlt, denen man zumindest ihr ehrliche
1477 2285 2740 2461 zubilligen möchte, auch wenn man
865 2280 1368 2466 Ueberzeugung
865 2421 2585 2595 weiss, dass es mit der Ueberzeugung und auch
865 2568 2413 2697 mit der Ehrlichkeit nicht weit her ist.
2104 2652 2311 2735 alte
865 2685 2783 2849 Es igt genau so, als wenn man imbriechenland vor
874 2807 2671 2971 jeder naturmissenschaftlichen oder philosophi-
867 2921 2666 3073 schen Diekuscion duaulareAnbeh undnommen
908 3059 1713 3145 genolis peecerine
867 3097 2628 3262 hatie den Gläubigen zu beweisen,dass Minerva-
