2952 3592
611 475 2612 698 Wer Materie sagt, sagt beist, ob er will oder nicht.
621 649 2453 824 Denn sie wäre überhaupt nicht vorstellbar ohne
618 801 2351 944 Weist. Undwer leist sagt, sagt Materie, denn
626 893 2695 1065 ohne Materie könngeer es nicht sagen, wittr
2202 1032 2764 1193 .
657 1026 1758 1201 emldeit
624 1173 2592 1342 Wer Grenze sagt, sagt Unendlichkeit und wer Unend-
636 1316 2648 1473 lichkeit sagt, sagt Grenze. Denn es lässt sich eben-
631 1447 2546 1594 sowenig leugnen,dass jenseits der Grenze wieder-
626 1573 2464 1740 das Etwas ist und wäre es selbst das Nichts,so
636 1709 2469 1902 ware es ein Etwas mit Hinsicht auf. die Grenze.
