3016 3608
633 566 1416 755 Hypochondrie beruht
1735 592 2523 763 zwangshaft falschen?
633 742 2454 870 Einschätzung der Zahl von Wahrscheinlichkeiten
638 865 2526 1010 gegenüber dexentgen der Zahl von Möglichkeiten.
625 1003 2526 1156 Wo Gewissheit vorliegt kann man von Hypochondrie
623 1135 1814 1273 überhaupt nicht mehr sprechen.
638 1232 2490 1403 In der Vorstellung des Hypochonders spielen die
617 1393 2538 1515 Möglichkeiten eine grössere Rolle als die Wahr-
630 1523 2656 1686 scheinlichkeiten. Und auch eine geringe Mahrschein-
607 1676 2658 1824 lichkeit wandelt sich bei ihm ohneweitere zur fizen
628 1788 842 1898 Idee.
