3000 3592
751 487 2734 729 nicht wirklich aus dem Haupte fupiters entsprungen
1354 647 1857 771 dieser Aufhen
751 701 2633 862 sein könné, dass des eigentlich nur einen symbol-
746 805 2433 973 schen Sinn habe. In jener Zeit aber hat me
1487 921 1890 1010 rnt et
736 946 2334 1070 den Menschén kaum noch als eine Tugend a
1709 1055 2401 1116 e n
1228 1037 1418 1129 lold
2361 1104 2559 1228 mmene
743 1087 2391 1237 angerechnet, das sie entweder eine vollkon
2302 1188 2510 1346 en
743 1208 2361 1366 Unsinnigkeit tatsächlich glauken, oder ihn
711 1319 2302 1487 das Recht eingeräumt sich über die ander
739 1452 2332 1630 erhaben zu fühlen,die zwischen Allegorie
729 1581 2065 1754 tealität zu unterscheiden wissen.
