3032 3592
698 617 2661 791 Bei jedem Unglück, das uns betrifft,geben wir, wenn
708 773 2570 914 auch unbewugst, einem letzten Anlass die Schuld
2412 851 2578 929 nin
700 881 2535 1054 und können kaum anders. Denn wenn wir auch (den
866 969 1012 1064 tels
836 1032 966 1114 oe
1024 1001 2568 1175 berücksichtigten, so müssten wir bis zum
331 1037 1032 1185 a
705 1152 2500 1290 gilerersten zurückgehen. Und um den zu finden
708 1275 2502 1431 verlören wir uns allzuweit in die Regionen, wo
700 1360 2713 1546 es keine Schuld und keine Vorwürfe mehr gtbt, - die
703 1491 2610 1692 auch keine Setbetvorwürke mehr sund dies ist eine
690 1637 2570 1800 Atmosphäre) in der weder unsere Seele noch unser
690 1767 2246 1953 Geist weiteratmen könnte. vumvhlen
