<?xml version="1.0" encoding="UTF-8" standalone="yes"?>
<PcGts xmlns="http://schema.primaresearch.org/PAGE/gts/pagecontent/2013-07-15" xmlns:xsi="http://www.w3.org/2001/XMLSchema-instance" xsi:schemaLocation="http://schema.primaresearch.org/PAGE/gts/pagecontent/2013-07-15 http://schema.primaresearch.org/PAGE/gts/pagecontent/2013-07-15/pagecontent.xsd">
    <Metadata>
        <Creator>prov=READ-COOP:name=PyLaia@TranskribusPlatform:version=2.7.0:model_id=50870:lm=none:date=22_01_2024_21:46</Creator>
        <Created>2023-09-27T14:42:11.215+02:00</Created>
        <LastChange>2024-01-22T21:46:44.637+01:00</LastChange>
        <TranskribusMetadata docId="1589069" pageId="60127049" pageNr="62" tsid="145643726" status="IN_PROGRESS" userId="40391" imgUrl="https://files.transkribus.eu/Get?id=OJZDZRLVNXUUANKKINADJWBX&amp;fileType=view" xmlUrl="https://files.transkribus.eu/Get?id=RYYSKNECMPIWZCVRFDHZYMOL" imageId="48552126"/>
    </Metadata>
    <Page imageFilename="1589069_0062.jpg" imageWidth="2936" imageHeight="3576">
        <ReadingOrder>
            <OrderedGroup id="ro_1711787321975" caption="Regions reading order">
                <RegionRefIndexed index="0" regionRef="tr_1"/>
            </OrderedGroup>
        </ReadingOrder>
        <TextRegion orientation="0.0" id="tr_1" custom="readingOrder {index:0;}">
            <Coords points="644,508 644,1392 2659,1392 2659,508"/>
            <TextLine id="tr_1_tl_1" custom="readingOrder {index:0;}">
                <Coords points="632,600 1124,582 1355,647 2301,587 2303,489 1543,519 1234,464 1064,532 635,477"/>
                <Baseline points="647,570 730,573 813,576 896,576 979,576 1062,576 1145,576 1228,576 1311,576 1394,576 1477,575 1560,576 1643,575 1726,573 1809,573 1892,573 1975,570 2058,573 2141,571 2224,573 2307,573"/>
                <TextEquiv>
                    <Unicode>Wir m체ssen uns entscheiden, ob wir Vorg채nger</Unicode>
                </TextEquiv>
            </TextLine>
            <TextLine id="tr_1_tl_2" custom="readingOrder {index:1;}">
                <Coords points="640,720 1146,790 1801,718 2652,715 2652,627 2403,605 1836,670 1606,635 640,660"/>
                <Baseline points="653,707 753,706 853,706 953,707 1054,707 1154,708 1254,706 1355,707 1455,702 1555,707 1656,704 1756,704 1856,698 1956,701 2057,699 2157,698 2257,698 2358,695 2458,695 2558,695 2659,695"/>
                <TextEquiv>
                    <Unicode>oder Nachfolger sein-wollen, so sehr wir tats채chlich</Unicode>
                </TextEquiv>
            </TextLine>
            <TextLine id="tr_1_tl_3" custom="readingOrder {index:2;}">
                <Coords points="637,853 903,838 1134,903 1706,886 1786,840 1917,891 2205,835 2358,888 2534,861 2534,765 2396,785 2346,750 1734,793 1525,740 1016,813 637,733"/>
                <Baseline points="650,832 744,838 839,835 933,838 1028,838 1122,838 1217,835 1311,836 1406,836 1500,830 1595,835 1689,835 1784,832 1878,831 1973,829 2067,831 2162,826 2256,826 2351,826 2445,826 2540,826"/>
                <TextEquiv>
                    <Unicode>beides in einem sind. Aber wir sind es sozudagen.</Unicode>
                </TextEquiv>
            </TextLine>
            <TextLine id="tr_1_tl_4" custom="readingOrder {index:3;}">
                <Coords points="627,971 956,981 1029,1041 1274,1009 1478,1049 2554,968 2554,871 2519,866 2398,906 2208,876 2125,908 1989,861 1734,908 1420,876 630,913"/>
                <Baseline points="644,967 739,967 835,966 931,968 1027,970 1123,970 1219,967 1314,967 1410,963 1506,965 1602,964 1698,962 1794,961 1890,964 1985,958 2081,960 2177,958 2273,956 2369,956 2465,952 2561,946"/>
                <TextEquiv>
                    <Unicode>nur in materiellem Sinn. Im Geist pr채valiert ent-</Unicode>
                </TextEquiv>
            </TextLine>
            <TextLine id="tr_1_tl_5" custom="readingOrder {index:4;}">
                <Coords points="637,1172 2494,1109 2494,1014 640,1054"/>
                <Baseline points="653,1101 745,1101 837,1098 930,1101 1022,1098 1115,1101 1207,1098 1299,1098 1392,1095 1484,1098 1577,1095 1669,1097 1761,1094 1854,1092 1946,1092 2039,1092 2131,1089 2223,1089 2316,1089 2408,1086 2501,1089"/>
                <TextEquiv>
                    <Unicode>weder das eine oder das andere und oft wechselt</Unicode>
                </TextEquiv>
            </TextLine>
            <TextLine id="tr_1_tl_6" custom="readingOrder {index:5;}">
                <Coords points="637,1242 926,1242 1154,1307 1287,1269 1380,1300 2569,1229 2569,1157 2449,1139 1987,1184 1734,1141 1631,1177 637,1182"/>
                <Baseline points="650,1232 746,1229 842,1232 938,1231 1035,1229 1131,1229 1227,1229 1324,1229 1420,1226 1516,1223 1613,1226 1709,1223 1805,1223 1901,1223 1998,1220 2094,1222 2190,1218 2287,1219 2383,1218 2479,1217 2576,1211"/>
                <TextEquiv>
                    <Unicode>es auch im einzelnen Individuum in einem Zeitraum</Unicode>
                </TextEquiv>
            </TextLine>
            <TextLine id="tr_1_tl_7" custom="readingOrder {index:6;}">
                <Coords points="632,1448 1698,1415 1698,1289 1199,1284 1034,1327 632,1295"/>
                <Baseline points="647,1361 699,1360 752,1361 805,1358 858,1361 911,1358 964,1359 1016,1361 1069,1359 1122,1361 1175,1361 1228,1360 1281,1358 1334,1356 1386,1355 1439,1355 1492,1355 1545,1355 1598,1355 1651,1355 1704,1355"/>
                <TextEquiv>
                    <Unicode>von Tagen oder gar Stunden.</Unicode>
                </TextEquiv>
            </TextLine>
            <TextEquiv>
                <Unicode></Unicode>
            </TextEquiv>
        </TextRegion>
    </Page>
</PcGts>
