2936 3592
1008 487 2265 673 üssen es hinnehmen, dass alle ihr
631 592 1016 796 Gmanziati.
1239 634 2341 801 1ie ihre läppischen Kunststü
623 783 2582 932 alle ihre törichten oder unrichtigen Mitteilungen
631 901 1254 1066 irgend einen ver
1503 903 2430 1006 en Sinn haben, der uns ne
623 1027 1511 1171 nicht aufgegangen ist.
634 1126 2407 1315 Zum Schlusse aber Finde ich: Selbst die Reali
628 1275 2414 1438 aller dieser Geistererscheinungen bis zu den
610 1414 2412 1566 Materialisationen, bis zur verständigung durch
1718 1514 1854 1595 EaI
628 1540 2655 1700 Fischklopfen als möglich oder als wahr zugegeben; -
623 1663 2695 1841 innerhalb der ungeheuren Tatsachen der une bekann-“
621 1789 2621 1977 ten erklärlichen Naturgesetze (erklärlich, d.h. re-
623 1946 2545 2095 gelmässig wiederkehrend) und unerklärlicher, je-
608 2098 2564 2229 doch beglaubigter Erscheinungeen - versinken alle
602 2189 2616 2352 diese Enunziationen und Materialisationen zu völli-
626 2299 2490 2480 ger Bedeutungslosigkeit; sie sind auch, wenn sie
610 2446 2713 2590 existieren, für die ungeheure Mehrzahl der Menschen,
608 2600 2477 2760 axx auch für solche, die an sie glauben, ohne
602 2708 2441 2847 jede Beziehung,ohne jede Folge,ohne jeden Ein-
1527 2807 1946 2891 merilet
2121 2813 2414 2904 wen de
945 2807 1364 2896 werteid
600 2854 2655 2998 fluss auf ihre Moral, auf ihr Denken, auf ihre Tätig-
597 2978 2640 3129 keit. Das Einzige, was positiv ausgesagt werden kann.
597 3088 2634 3292 ist nur, dass es einige Menschen gibt, die an Geister
