2808 3400
442 538 2462 671 Nichte schwererals jung und alt zugleich zu sein-
569 630 849 713 land
1942 630 2302 728 cimint
450 669 2428 803 und das ist das los des Künstlers iGadet spache
424 756 1176 846 ardemt inma secae
448 790 2516 967 Darum iet in der Jugend das Leben so unheimlich, bei
448 898 2434 1098 aller ttex selbetverständlichkeit, und das Aiter
1068 1016 1515 1109 jeglictende
442 1044 2356 1204 bei aller eeit so tragisch. Wie ist es ihm
448 1163 2040 1315 beschieden. in den besten Jahren zu sein.
