3032 3592
1244 622 1917 812 rössere Anfällev
1838 671 2542 840 von Ejtelkeit hat
681 684 1272 820 kleinere und gr-
1781 797 2639 917 ,man darf sagen, jeder
691 822 1375 966 jeder Mensch zu be
2184 887 2400 966 eiber
1727 943 2601 1067 niger unter diesen An-
684 933 1545 1064 Mensch leidet mehr oder
699 1015 2601 1205 fallen. Denn wo die Eitelkeit nicht (allumfassend-
684 1180 2598 1352 und Junabldesig wirkend vorhanden ist, erleichtert
686 1300 2601 1447 sie nicht, sondern erschwert das Leben. Die wahre
699 1431 2603 1578 Eitelkeit aber ist das schlimmste von allen Las-
694 1557 2758 1735 tern, weil Sie die einzige (unter allen) ist, denen dem
686 1699 2678 1845 Kontinuität zukommt. Jedes andere, Hochmut,Bosheit,
686 1822 2570 1966 Diebsgelüste, Vollerei - vielleicht weniger dank
702 1945 2606 2136 einem Vorzug als dank einer Schwäche der mensch-
696 2053 2614 2231 lichen Natur - vermag sich immer nur von Fall zu
696 2241 2524 2372 Fall kundzutun. Die wehre Eitelkeit jedoch ist
699 2318 2693 2544 imner da. Sie ist in aliem, was dieser Litie Heneet
707 2480 2616 2637 sagt undauch in dem, was er verschweigt, in allem,
699 2609 2573 2781 was er tut und auch in allem,was er unterldsst.
704 2722 2722 2914 Und sie verbreitet einen Seelenduft von sojcher Pe-
1264 2827 2066 2922 der troteeirt keine
702 2845 2655 3045 netranz, dass er durch keinen andern zu übertäuben.
707 3058 876 3174 ist.
