2856 3496
251 216 464 381 Stt
2446 163 2597 251 Let
527 464 1430 667 Gott an die Menschleit.
532 625 1417 765 Ihr mis-verstelt mich.
532 723 2290 868 Ehr ikann nicht für Euch Alle sorgen,nielt m
532 863 2313 1026 Ihr Menschen, auch die wilden Tiere und ebenso
532 998 1897 1152 die Bazillen sind meine Geschöpfe.
534 1114 2391 1287 Ich weise nicht, warum Ihr das Recht der Bazil-
542 1242 2248 1417 len auf ihr Dasein als weniger im Sinne der
539 1387 1774 1515 Schöpfung anseht als das Euere.
534 1470 2361 1673 Vor mir sind alle lebendigen Geschöpfe gleich.
542 1601 2418 1796 Ihr tut Euch zuviel auf Euer Bemisstsein zugute.
562 1771 697 1859 oder
557 1746 2454 1944 pnd auf das, was Ihr so nennt. Ihr wiest nicht, ob
2245 1856 2524 1969 seilet
1555 1892 1718 1954 auit
547 1894 790 1962 nicht,
557 1899 2378 2060 auch die anderen Geschöpfe) eines haben, des dem
554 2020 2504 2203 euern nicht gleicht. Ist aber nicht Euch Menschen
549 2158 2519 2313 des Leid der anderen Geschöpfe geradeso gleichgül-
557 2283 2571 2451 tig wie das Euere jenen zu sein scheint) du mihs
524 2393 1726 2594 Thirln erget werde Bacillen
