2856 3496
581 436 2489 623 welch müssige Frage, ob die Materie früher da wär-
586 589 2491 743 oder der Geist oder ob sie zugleich da war, da es
576 691 2534 883 doch in der Ewigkeit kein Früker, kein Später, kein
576 850 2539 1015 Anfang und kein Ende gibt.Materie ist geradeso ge-
566 973 2489 1140 heimnisvoll oder so göttlich wie der Geist. Vor-
561 1102 2566 1269 stellber ist für uns freilich nur die Materie, aber
569 1249 2549 1382 dass wir die Fähigkeit besitzen sie uns vorzustel-
1329 1339 1484 1421 ert
2272 1339 2451 1446 later
571 1349 2414 1539 len, hierin schon wirkt der Geistetel mich
