2840 3496
572 442 2306 668 Das Glaubensproblen ist im Grunde so einfach
560 621 2304 769 man durchaus aus einer Charakterfrage, besser
567 754 2390 931 aus einer Seelenmettenrage eine geietige zu
562 901 2387 1078 machen sucht, die sie doch niemals werden kann
572 1056 946 1150 und darf.
811 1083 1243 1228 ii seidligen
572 1167 2478 1351 Als geisterfrage kommt das Glaubensproblem über-
567 1304 2520 1457 haupt xete nicht in Betracht. Hier gibt es nur
577 1454 2554 1599 Tautologie, Wortstreitigkeiten und völtigkindliche
567 1609 1376 1710 Missverständnisse.
572 1690 2402 1852 Die frage ist immer wieder die: Kommt für Gott
575 1823 2402 1972 oder das Schicksal das Ixdividuum überhaupt in
585 1970 2346 2103 Betracht, so dass Er oder Ee persönlich lenkt,
1437 2076 1574 2159 das,
572 2103 2451 2270 eingreift und fallweise Kausalitätsgesetz auf-
585 2250 1432 2407 zuheben imstande ist?
575 2360 2363 2491 Uebrigens geht auch der Gläubigste in seinem
565 2518 2505 2655 Glauben nicht weiter, als dass er eine solche Auf-
2144 2606 2491 2719 so conit
572 2682 2449 2807 hebung des Kausalitätsgesetzes, nie aber (dass er-
575 2758 2442 2925 auch die Kategorien von Raum und Zeit aus der
577 2891 1582 3048 Welt zu denken vermöchte.
