2952 3576
643 482 2349 645 igenden, die Ihre ihnen durch die menschliche
569 543 2521 698 Natur gesetzten Grenzen nicht respektieren können
582 625 2392 757 bedenklich, gefährlich, ja zu lätsern werden. So
569 708 2344 813 Foleranz, Verständnis und Allliebe, die sich in
569 776 2108 900 der Theorie gern zu übernehmen pflegen.
562 815 2419 971 Dieschrankenlose Toleranz (Duldsamkeit) wird ge-
574 900 2380 1044 radezu zum Verprechen, Santernurkrgeg wenn sie
582 974 1979 1098 gegenüber der Intoleranz geübt wird.
737 983 2560 1137 Verstehen wird zur Gefahr, wenn es in ein plat-
711 1112 1677 1212 Hngeheklasren ausartet.
608 1137 2512 1287 nd die Allliebe in ihre letzten Konsequenzen ge-
577 1246 1925 1397 trieben wirkt geradezu mörderisch.
