2952 3576
304 2180 434 2282 Der
314 2251 587 2362 Glaube,
600 530 2360 738 Das Richtigete und leerste Wort in gerade in
663 668 2297 850 seiner Vieldeutigkeit ist das Wort Glaube.
837 800 2526 998 mir überhaupt verstehen wollen, was darunter
626 941 2609 1133 gemeint ist, so müssen wir drei Stufen des Glaubens
637 1052 2477 1253 oder der Gläubigkeft unterschätden.
647 1177 2492 1364 Die erste: der Glaube, dass alles, also auch Qual
626 1279 2484 1440 und Schmerz und Unglück, dessen Sinn wir absolut
639 1312 2729 1492 nicht zu erfassen vermögen, (Krankheit eines unschul-
642 1411 2635 1559 digen Kindes, mörderische Elementarereignisse,offen-
647 1476 2664 1611 bar an einem Wehrlosen verübtes Unrecht) doch einen
647 1528 2583 1679 Sinn haben muss; dass also Gott seine uns verbor-
657 1590 2575 1749 genen Zwecke nicht anders erreichen kann oder er-
650 1655 2630 1806 reichen will, als dadurch, dass er auch unschul- -
670 1749 2032 1871 dige Menschen grausam leiden lässt.
657 1775 2581 1944 Die zweite Stufe, dass Gott jedes einzelne Schick-
657 1856 2575 2009 sal, das grösste wie das kleinste,nach seinen Wün-
655 1944 2549 2076 schen und beichten zu irgend einem Guten lenkt,
668 1991 2586 2128 wenn dieses Gute sich auch erst in einem jensei-
668 2082 2032 2196 tigen Leben zu entfalten vermöchte.
707 2089 2643 2261 die dritte Stufe:/ Dass es Offenbarungen gibt, durch
660 2175 2630 2334 die sich die Gottheilt densterblichen kundgibt und
676 2235 2523 2383 zwar- je nach den Konfessionen in verschiedener
709 2331 2360 2474 Ert, in ethnologisch wechselnder Maskierung.
707 2367 2690 2516 711 diese verschiedenen Axten von Gläubigkeit haben
668 2438 2609 2583 mit unserer uns gleichfalls von Gott eingegebener
676 2500 2617 2638 Logik nichts zu tun,denn auch unter den weisesten
676 2555 2614 2718 Menschen ist diese Gläubigkeit in alleh ihren Er-
681 2607 2700 2770 scheinungsformen zu finden und so bleibt uns nichts
676 2687 2620 2833 übrig als hier entweder krankhafte partielle Sty-
681 2770 2661 2911 rungen des Denkvermögens oder angeborene Seelenzu-
668 2872 1398 3007 stände anzunehnen.
