2872 3528
658 462 2572 641 Glaube kann nichts anderesbedeuten als die Ueber-
656 605 2524 751 zeugung davon, dass das Leben als solches mit-all
639 761 2538 900 seinen Unbegreiflichkeiten,mit all seinen Grauen
636 866 2459 1062 und mit all seinen Wundern in jedem Pahl einen
639 1012 2562 1182 Sinn hat. Je-denfalls ist der Glaube eine Sache,
634 1168 2455 1340 die mit dem Geist absolut nichte zu tun hat,er
644 1290 2450 1459 ist nur eine Angelegenheit des Gemütes, das mit
639 1400 2524 1584 dem Charekter zwar verwandt ist, aber doch wieder
627 1565 2440 1720 davon geschieden sein muss. Dieser Glaube gibt
634 1689 2416 1857 dem Leben nicht immallgemeinen,keineswegs dem
632 1811 2493 1983 Leben an sich, aber doch dem Leben des Gläubigen
632 1950 1096 2120 einen Sinn.
