3016 3592
1773 500 2679 668 Menschen zu bestimmen?
733 512 1739 613 Wonach ist der Wert eines
1014 644 1984 709 denfell uns dir weiben
771 603 2705 798 Nach setneneigenen Erkenntnissen? Seneg Aube
819 740 2145 829 ru reine lskeut su ctu
735 750 2652 951 Nach dem Maass des Glücke, das, ex zu geben vermag.
750 882 1977 1067 (geistigen oder körperlichen)?
735 999 2621 1182 Nach dem Wert der jenigen, Menschen,denen er Glüch
750 1194 1040 1302 bringt?
738 1264 2604 1405 Nach dem Wert der neuen Weisheiten oder Wahrhei
747 1410 1708 1557 ten, wie er entdeckt hat?
747 1530 2669 1708 Nach der Fülle der Tatsachen,die er gefunden,die
752 1708 1473 1838 er vermitielt hat?
762 1836 1514 1987 weiter zu führen. -
