2808 3384
614 459 2453 723 Mir beurtellen die Menschen al lzusehr nach der
616 696 2521 842 Art, wie sie sich gerade uns gegenüber benehmen.
614 815 2431 924 Selbst in den Fallen, wo wir unterrichtet sind,
619 958 2487 1080 wie ihr Benehmen gegenüber Anderen ist.So haben
614 1041 2560 1233 wir eigentlich immer nur eine ganz geringe Apzahl
614 1213 2475 1351 von seelischen Elementen, aus denen wir das Cha-
607 1334 2400 1514 rakterbild eines Menschen beurteilen. Und wie
607 1465 2344 1611 verschieden ist doch das Benehmen selbst der
607 1596 2361 1764 reinsten und ursprünglich wahreten Menschen
747 1730 2395 1905 mühex je nach der Beziehung, in der sie zu
604 1868 2460 2007 den verschiedenen Menschen stehen. Auch hieraus
592 1987 2497 2142 ist die ungeheure Dunkelheit oder Vielfältigkeit
723 2130 2341 2286 Begriftes Wahrheit zu erkennen oder weni,
641 2239 1308 2414 tene zu vermuten.
