2856 3496
584 412 1795 613 Wurden die Menschen immer nur
1909 446 2454 603 das Esse sich
584 586 2444 768 rachen (für das Unrecht das man ihnen etwa ange-
2219 676 2607 785 ben wendtes
584 724 1672 855 tan. Aber sie rächen sich ar
1960 749 2490 889 das Gutg, des-
574 848 2522 1010 sen sie sich nicht würdig fühlen oder für das sie
574 969 2507 1129 sich den Dank ersparen wollen und am schlimmsten.
581 1117 2408 1277 (we1l beinahe unbewusst, rächen sie sich für ihr
567 1243 2473 1400 eigenes schlechtes Gewissen, (an dem sie sogar mit
574 1349 2248 1555 einigem Recht dem Andern die Schuld geben.
