2952 3576
418 2099 559 2303 der
657 490 2579 710 Was man den heiligen Geist nennt hat wenig mit
622 662 2634 842 dem Geist zu tun. Der Ausdruck heilige Seeie würde
627 789 2375 966 dem, was gemeint ist, eigentlich näher kommen.
630 905 2581 1096 Andererseits denkt man bei Heiligkeit immer mehr
638 1051 2539 1215 an die Seele als an den Geist und vergisst, dass
622 1189 2536 1353 die Heiligkeit des Geistes etwas gerade so Hohes
630 1324 2144 1472 bedeutet, wie die Heiligkeit der Seele.
622 1422 2661 1615 Mit dem aber, was wir im Gegensatz oder in Ergänzung
635 1557 2555 1758 zu Seele Geist nennen, hat die Religign,vor allem
630 1673 2544 1874 aber die Kirche wenig zu tun und will auch nicht
635 1832 2626 2017 viel mit ihm zu tun haben. Der Geist ist im kirch-
638 1943 2764 2134 lichen Sinn überheblich, zweiflerisch, revglutionär, ind
641 2060 2661 2269 ein Geist, der nicht selbständig denkt, ist überhaupt
643 2203 2589 2401 ein Unding. Und, jedes Depken wird aufgehoben,wenn
1906 2309 2576 2449 der Creileenken
627 2380 2425 2534 man ihm nicht unbeschränkte Rechtp) zugesteht.
635 2460 2626 2642 Der Geist kann nicht nur rezeptiv gedacht werden.
620 2616 2610 2777 Das Wesen des Geistis ist Fortschritt,nicht im 1i-
654 2738 2706 2891 beral-politischen,sondern einfach im logischen Sinn.
657 2875 2470 2994 Wer nicht weiter denkt, denkt überhaupt nicht..
