3000 3592
761 476 2684 681 Was für armselige Leute, die dieser Krieg tatsäch-
759 615 2616 769 lich etwas Neuks gelehrt hat. Sie wissen so we-
744 742 2518 886 nig von den Menschen als sie jemals wirklich.
1210 854 1481 944 wielend
781 886 2579 1013 Geschichte geteen haben: Und technische Fort-
749 1000 2479 1147 schritte, sowie die Notwendigkeit mit höheren
759 1176 2623 1296 Ziffern zu rechnen,verwirren ihre Köpfe so sehr,
732 1276 2540 1418 dass sie nicht wiedererkennen,was seit Beginn.
732 1386 2689 1564 des Menschengeschlechtes sich immer wiederhölt ket
734 1545 2318 1723 und sich doch immer gleichgeblieben ist.
