2888 3544
1213 399 1817 532 einer bendde
809 416 962 541 Ac
739 466 2119 677 Einen Wesenszug) als die Eigenschaft
1513 621 1677 710 dan
730 660 2356 788 schen zu bezeichnen,haben wir erst dann d.
1157 744 1445 826 ret er
725 773 2080 933 Recht, wenn er, auf eine ernsthafte:
715 880 2624 1097 stellt, sich bewährtsen wahrhaft Hochmütigen er-
722 1024 2665 1225 kennen wir erst in der Erniedrigung, den Demütigen
725 1174 2501 1334 in seiner Erhöhung: den Frommen im Unglück,den
718 1271 2520 1435 Zmeifler, in Slücke eenn d. Sctickel hn
742 1394 1713 1612 es holt ihn seignet
