2808 3384
611 442 2384 653 Ich hatte nichte gegen Gläubigkeit einzunende
604 613 2441 770 wenn der Gläubige sich nicht so gern über die-
615 704 2452 887 jenigen erhaben fühlte, denen es an Gläubigkeit
613 866 2492 1041 mengelt. Dieser Stolz widerspricht geradezu den
1980 964 2251 1067 gereder
613 1002 2473 1191 Einn jeder Gläubigkeit, ja hebt ihn alpfach wie-
618 1137 2478 1317 der auf. Und doch ist ee beinahe leichter seine
613 1278 2368 1444 Feinde zu lieben, ale die, die anderer Ansicht
620 1430 833 1572 sind.
