<?xml version="1.0" encoding="UTF-8" standalone="yes"?>
<PcGts xmlns="http://schema.primaresearch.org/PAGE/gts/pagecontent/2013-07-15" xmlns:xsi="http://www.w3.org/2001/XMLSchema-instance" xsi:schemaLocation="http://schema.primaresearch.org/PAGE/gts/pagecontent/2013-07-15 http://schema.primaresearch.org/PAGE/gts/pagecontent/2013-07-15/pagecontent.xsd">
    <Metadata>
        <Creator>prov=READ-COOP:name=PyLaia@TranskribusPlatform:version=2.7.0:model_id=50870:lm=none:date=22_01_2024_21:46</Creator>
        <Created>2023-09-27T14:42:13.088+02:00</Created>
        <LastChange>2024-01-22T21:46:48.579+01:00</LastChange>
        <TranskribusMetadata docId="1589069" pageId="60127129" pageNr="82" tsid="145643747" status="IN_PROGRESS" userId="40391" imgUrl="https://files.transkribus.eu/Get?id=XTJHDGYNHCMHCJFHDUJKVVBP&amp;fileType=view" xmlUrl="https://files.transkribus.eu/Get?id=EEMBDAZWZZKZWXQQNLXKREHU" imageId="48552206"/>
    </Metadata>
    <Page imageFilename="1589069_0082.jpg" imageWidth="2904" imageHeight="3544">
        <ReadingOrder>
            <OrderedGroup id="ro_1711787351347" caption="Regions reading order">
                <RegionRefIndexed index="0" regionRef="tr_1"/>
            </OrderedGroup>
        </ReadingOrder>
        <TextRegion orientation="0.0" id="tr_1" custom="readingOrder {index:0;}">
            <Coords points="704,631 704,2408 2597,2408 2597,631"/>
            <TextLine id="tr_1_tl_1" custom="readingOrder {index:0;}">
                <Coords points="692,718 854,670 1106,743 1308,713 1482,753 1571,689 2247,713 2482,680 2482,562 1964,536 1628,633 692,623"/>
                <Baseline points="704,674 793,680 882,686 971,683 1060,683 1149,686 1238,689 1328,689 1417,686 1506,686 1595,683 1684,683 1773,680 1862,683 1952,683 2041,680 2130,680 2219,681 2308,677 2397,675 2487,674"/>
                <TextEquiv>
                    <Unicode>Wir verurteilen eine Tat des Jähzorns, der Ra-</Unicode>
                </TextEquiv>
            </TextLine>
            <TextLine id="tr_1_tl_2" custom="readingOrder {index:1;}">
                <Coords points="694,849 1484,892 1753,821 2482,814 2482,739 1134,767 993,682 802,772 694,769"/>
                <Baseline points="707,815 796,815 885,817 974,815 1063,812 1152,813 1241,815 1330,815 1419,815 1508,815 1597,815 1686,818 1775,815 1864,812 1953,812 2042,809 2131,809 2220,809 2309,806 2398,806 2487,806"/>
                <TextEquiv>
                    <Unicode>cheifden, der sie beging,nennen wir manchmal</Unicode>
                </TextEquiv>
            </TextLine>
            <TextLine id="tr_1_tl_3" custom="readingOrder {index:2;}">
                <Coords points="703,1016 819,988 922,1021 986,981 1666,1019 1764,953 2407,948 2407,887 2320,861 1974,906 1586,870 703,894"/>
                <Baseline points="716,949 800,946 885,946 970,946 1055,946 1140,946 1224,946 1309,945 1394,946 1479,946 1564,943 1648,949 1733,949 1818,949 1903,949 1988,948 2072,945 2157,937 2242,939 2327,937 2412,937"/>
                <TextEquiv>
                    <Unicode>entschulddgend einen Sylaven seiner Leiden-</Unicode>
                </TextEquiv>
            </TextLine>
            <TextLine id="tr_1_tl_4" custom="readingOrder {index:3;}">
                <Coords points="701,1106 922,1146 1169,1106 1320,1153 1536,1075 2543,1096 2560,1009 1569,1005 1426,1040 1346,1009 1247,1042 1132,993 701,1052"/>
                <Baseline points="713,1077 805,1074 897,1074 990,1074 1082,1071 1175,1071 1267,1074 1359,1071 1452,1071 1544,1071 1637,1071 1729,1068 1821,1068 1914,1068 2006,1068 2099,1068 2191,1066 2283,1065 2376,1065 2468,1065 2561,1065"/>
                <TextEquiv>
                    <Unicode>schaft. Warum nennen wir nicht ximenenxhanz</Unicode>
                </TextEquiv>
            </TextLine>
            <TextLine id="tr_1_tl_5" custom="readingOrder {index:4;}">
                <Coords points="692,1228 1176,1270 1553,1207 1656,1242 2138,1197 2508,1233 2508,1157 2287,1129 1696,1164 1002,1120 692,1162"/>
                <Baseline points="704,1200 794,1206 884,1206 975,1206 1065,1209 1156,1212 1246,1209 1337,1208 1427,1203 1518,1202 1608,1203 1698,1203 1789,1203 1879,1206 1970,1205 2060,1202 2151,1197 2241,1197 2332,1196 2422,1195 2513,1200"/>
                <TextEquiv>
                    <Unicode>den xX einen Splaven seines Phlegmas,</Unicode>
                </TextEquiv>
            </TextLine>
            <TextLine id="tr_1_tl_6" custom="readingOrder {index:5;}">
                <Coords points="2105,1280 2117,1280 2148,1256 2193,1277 2240,1268 2251,1277 2291,1277 2289,1212 2261,1207 2223,1221 2193,1202 2157,1214 2138,1197 2117,1216 2103,1216"/>
                <Baseline points="2116,1256 2141,1256 2167,1256 2192,1256 2218,1257 2243,1258 2269,1259 2295,1259"/>
                <TextEquiv>
                    <Unicode>Hond</Unicode>
                </TextEquiv>
            </TextLine>
            <TextLine id="tr_1_tl_7" custom="readingOrder {index:6;}">
                <Coords points="696,1357 1202,1386 1254,1350 1797,1332 1882,1388 2044,1388 2207,1329 2388,1339 2388,1273 2145,1259 1675,1292 1614,1259 1433,1301 1268,1249 993,1292 696,1266"/>
                <Baseline points="710,1331 794,1334 878,1334 962,1334 1046,1334 1131,1332 1215,1333 1299,1331 1383,1331 1467,1331 1552,1330 1636,1331 1720,1325 1804,1324 1888,1325 1973,1327 2057,1328 2141,1325 2225,1322 2309,1325 2394,1328"/>
                <TextEquiv>
                    <Unicode>der eine gute oder sogar notwendige Pat- aus</Unicode>
                </TextEquiv>
            </TextLine>
            <TextLine id="tr_1_tl_8" custom="readingOrder {index:7;}">
                <Coords points="1590,1397 1626,1388 1635,1395 1663,1379 1687,1388 1729,1386 1736,1395 1753,1383 1767,1383 1769,1341 1736,1346 1734,1339 1715,1339 1699,1350 1684,1350 1668,1332 1647,1329 1619,1343 1607,1332 1593,1332"/>
                <Baseline points="1603,1379 1631,1379 1659,1378 1688,1376 1716,1376 1744,1375 1773,1373"/>
                <TextEquiv>
                    <Unicode>tt war</Unicode>
                </TextEquiv>
            </TextLine>
            <TextLine id="tr_1_tl_9" custom="readingOrder {index:8;}">
                <Coords points="703,1475 816,1513 903,1466 1357,1468 1484,1524 1715,1456 2590,1463 2590,1412 2430,1381 2049,1419 1673,1383 1527,1430 1334,1383 1061,1421 703,1390"/>
                <Baseline points="716,1462 810,1459 904,1459 998,1459 1092,1458 1186,1458 1280,1459 1374,1459 1468,1457 1562,1457 1656,1454 1750,1454 1844,1451 1938,1451 2032,1451 2126,1455 2220,1455 2314,1456 2408,1459 2502,1457 2597,1454"/>
                <TextEquiv>
                    <Unicode>Trägheit unterliess? Jeder ist der Sylave seines</Unicode>
                </TextEquiv>
            </TextLine>
            <TextLine id="tr_1_tl_10" custom="readingOrder {index:9;}">
                <Coords points="1875,1529 1929,1536 1957,1527 2004,1548 2075,1513 2155,1531 2178,1524 2181,1475 2073,1482 2028,1461 1953,1484 1910,1449 1877,1454"/>
                <Baseline points="1889,1516 1915,1516 1942,1516 1968,1516 1995,1516 2022,1515 2048,1513 2075,1511 2102,1510 2128,1510 2155,1510 2182,1510"/>
                <TextEquiv>
                    <Unicode>Nicht in</Unicode>
                </TextEquiv>
            </TextLine>
            <TextLine id="tr_1_tl_11" custom="readingOrder {index:10;}">
                <Coords points="847,1541 870,1534 899,1550 929,1536 993,1555 1089,1527 1162,1541 1174,1531 1202,1562 1228,1562 1228,1480 1183,1470 1127,1491 1066,1456 1005,1489 906,1468 847,1484"/>
                <Baseline points="859,1525 885,1524 912,1522 939,1522 965,1522 992,1522 1019,1522 1046,1522 1072,1521 1099,1519 1126,1519 1152,1519 1179,1519 1206,1519 1233,1519"/>
                <TextEquiv>
                    <Unicode>Engebernen</Unicode>
                </TextEquiv>
            </TextLine>
            <TextLine id="tr_1_tl_12" custom="readingOrder {index:11;}">
                <Coords points="696,1609 2472,1614 2472,1527 2218,1515 1649,1555 1409,1510 1209,1564 1174,1531 696,1531"/>
                <Baseline points="710,1585 798,1591 886,1588 975,1590 1063,1591 1152,1588 1240,1585 1328,1585 1417,1583 1505,1578 1594,1579 1682,1579 1770,1579 1859,1578 1947,1579 2036,1579 2124,1582 2212,1579 2301,1579 2389,1582 2478,1582"/>
                <TextEquiv>
                    <Unicode>Temperaments. Wir sehene oft Gegensätze, wo</Unicode>
                </TextEquiv>
            </TextLine>
            <TextLine id="tr_1_tl_13" custom="readingOrder {index:12;}">
                <Coords points="1539,1666 2030,1661 2089,1649 2091,1597 1967,1623 1866,1590 1757,1593 1699,1626 1607,1595 1539,1611"/>
                <Baseline points="1552,1648 1579,1648 1606,1648 1633,1650 1660,1651 1687,1651 1714,1651 1742,1651 1769,1651 1796,1652 1823,1654 1850,1654 1877,1654 1904,1652 1932,1649 1959,1645 1986,1645 2013,1645 2040,1643 2067,1642 2095,1642"/>
                <TextEquiv>
                    <Unicode>hondell en in</Unicode>
                </TextEquiv>
            </TextLine>
            <TextLine id="tr_1_tl_14" custom="readingOrder {index:13;}">
                <Coords points="694,1741 2510,1717 2510,1637 2458,1616 2134,1668 1226,1677 1019,1630 694,1680"/>
                <Baseline points="707,1722 797,1719 887,1719 978,1717 1068,1716 1159,1716 1249,1718 1340,1716 1430,1716 1521,1715 1611,1713 1701,1710 1792,1712 1882,1710 1973,1713 2063,1710 2154,1707 2244,1707 2335,1707 2425,1704 2516,1704"/>
                <TextEquiv>
                    <Unicode>nux Gradunterschiede vorhanden sind. Kälte und</Unicode>
                </TextEquiv>
            </TextLine>
            <TextLine id="tr_1_tl_15" custom="readingOrder {index:14;}">
                <Coords points="699,1884 988,1915 1543,1842 1934,1861 1990,1910 2178,1842 2447,1906 2527,1880 2529,1797 2388,1755 2084,1793 1955,1760 1889,1802 1795,1764 882,1811 701,1771"/>
                <Baseline points="713,1830 804,1845 895,1848 986,1851 1077,1848 1168,1848 1259,1845 1350,1845 1441,1844 1532,1842 1623,1841 1714,1842 1805,1841 1896,1838 1987,1836 2078,1835 2169,1833 2260,1836 2351,1836 2442,1834 2534,1833"/>
                <TextEquiv>
                    <Unicode>titze sind im wierenschaftliehenEinn auch kei-</Unicode>
                </TextEquiv>
            </TextLine>
            <TextLine id="tr_1_tl_16" custom="readingOrder {index:15;}">
                <Coords points="696,1983 1334,2011 1466,1978 1534,2011 1694,1978 1771,2011 2115,1971 2440,2021 2442,1898 1402,1941 1275,1887 696,1955"/>
                <Baseline points="710,1979 796,1982 883,1979 970,1976 1057,1976 1143,1976 1230,1976 1317,1973 1404,1972 1490,1968 1577,1970 1664,1972 1751,1970 1837,1967 1924,1967 2011,1967 2098,1964 2184,1964 2271,1964 2358,1964 2445,1964"/>
                <TextEquiv>
                    <Unicode>ne Gegensätze.Wir sellen den Nullpunkt nicht</Unicode>
                </TextEquiv>
            </TextLine>
            <TextLine id="tr_1_tl_17" custom="readingOrder {index:16;}">
                <Coords points="694,2115 1136,2160 1484,2103 1804,2143 1889,2103 2374,2117 2407,2058 1473,2018 901,2061 753,2004 696,2037"/>
                <Baseline points="707,2107 792,2107 877,2107 962,2106 1047,2109 1132,2110 1217,2109 1302,2104 1387,2104 1472,2101 1558,2101 1643,2101 1728,2099 1813,2098 1898,2098 1983,2095 2068,2097 2153,2095 2238,2095 2323,2095 2409,2095"/>
                <TextEquiv>
                    <Unicode>übersckützen, den wir selbst erfunden haben.</Unicode>
                </TextEquiv>
            </TextLine>
            <TextLine id="tr_1_tl_18" custom="readingOrder {index:17;}">
                <Coords points="769,2258 1254,2235 1444,2322 1960,2233 2178,2254 2178,2143 2068,2129 1680,2195 1491,2103 1195,2204 965,2127 769,2157"/>
                <Baseline points="782,2227 852,2229 922,2227 992,2230 1062,2233 1132,2230 1202,2233 1272,2231 1342,2231 1412,2233 1482,2234 1552,2224 1622,2229 1692,2227 1762,2224 1832,2226 1902,2219 1972,2218 2042,2215 2112,2216 2182,2221"/>
                <TextEquiv>
                    <Unicode>heben wie nach erzum Millen</Unicode>
                </TextEquiv>
            </TextLine>
            <TextLine id="tr_1_tl_19" custom="readingOrder {index:18;}">
                <Coords points="760,2395 800,2374 1007,2418 1259,2416 1320,2385 1395,2407 1393,2296 1329,2261 1296,2275 1235,2230 1037,2313 915,2273 758,2329"/>
                <Baseline points="773,2367 804,2365 835,2365 867,2368 898,2372 929,2373 961,2374 992,2378 1023,2381 1055,2382 1086,2382 1117,2384 1149,2385 1180,2385 1211,2387 1243,2384 1274,2378 1305,2374 1337,2371 1368,2370 1400,2370"/>
                <TextEquiv>
                    <Unicode>tiriht</Unicode>
                </TextEquiv>
            </TextLine>
            <TextEquiv>
                <Unicode></Unicode>
            </TextEquiv>
        </TextRegion>
    </Page>
</PcGts>
