3016 3592
2229 510 2550 737 ie Begne
1617 593 2064 718 lugen Mensch
800 604 1622 756 Wie auch von sönst k.
2255 718 2583 841 die törig
1726 706 2064 881 aus Feigt
805 732 1681 888 lichkeit und wohl auch
1679 857 2694 1011 replappert werden, wie sie
808 855 1743 1022 testen Schlägnorte nache
2002 989 2519 1105 ere gewisser
1395 1001 1608 1067 gi 4
812 1004 2125 1155 vor allem in der Trüben Atmosphal
2510 1072 2706 1228 ete
874 1129 2597 1282 . .   Entt
789 1242 2607 1405 haft erschütternd. Eines der dümmsten, von die
805 1370 2564 1525 sen Schlagwörtern, deren sich die Tageskritik
791 1504 2597 1669 mit besonderer Freude bemächtigt hat, ist die-
796 1627 2477 1771 ses ivon der Verpflichtung des Dichters nur
800 1740 2555 1868 aus seiner Zeit heraus und für seine Zeit zu
805 1887 2597 2005 dichten, wobei es wieder charakteristisch ist,
808 2017 2701 2139 dass diese Forderung an keinen anderen Künstler,
812 2135 2668 2305 weder an den Maler noch an den Musiker gestellt
810 2257 1034 2342 wnd
808 2279 2597 2427 wurte, sondern eben nur an den Dichter allein.
791 2390 2562 2536 Man verlangte vom Musiker nicht ausschliess-
796 2529 2685 2678 lich Mititarmärsche, vom Maler nicht ausschliess-
796 2666 2553 2822 lich Kriegsbilder;während des Weltkriegs und
798 2800 2645 2937 sogar jetzt während der Revolutions-oder Frie-
786 2914 2593 3032 denszeit verlangt man vom Musiker keine roten
789 3020 2630 3148 Symphonien und vom Maler nicht, ausschliesslich
746 3124 2040 3254 Iiiustrationen zum Klassenkampl.
