2952 3592
599 515 2395 677 glauben und einige, die an sie glauben möchten
599 654 2630 803 und einige, die so tun, als wenn sie an sie glaubten;
594 768 2519 935 weder das Heligiöse, noch das Philosophische, noch
609 907 2554 1069 das Wissenschaftliche, noch das Alltagsgebiet wird
606 1038 2521 1185 von den Geistern, auch wenn sie existieren, im ge-
1890 1122 2362 1220 gegart
1129 1137 1690 1243 era ze berahle
604 1185 2498 1344 ringsten berührt, Ihre Existenz) ist im wehrsten
614 1309 2559 1432 Sinne irrelevant. Und so wahr der Geist: als etwas
621 1412 2486 1589 Unfassbares, doch Unleugbares da ist und so wahr
2056 1506 2372 1584 weden
624 1528 2554 1688 es Dinge zwischen Himiel und Erde gibt)die unsere
614 1660 2584 1819 Schulweisheit nicht träumt,ich kann nicht glauben
624 1804 2612 1955 dass Geister Verstorbener darunter sind und so hat
619 1940 2582 2084 nicht einmal die Schulweisheit nötig von ihnen zu
627 2122 957 2261 träumen.
