2888 3496
2284 404 2627 594 keinen
570 502 1381 678 Wir reden um unsère
1798 510 2447 673 rum, weil wirdie
560 634 1510 776 Gedanken in Worten dach
1626 649 2513 808 sit völlig auszudrücken.
568 760 2561 911 vermögen. Donst wäre auch längst die Verständigung
528 853 1133 940 miederlei zele
560 863 2579 1056 aller Verständigen unter Shander erfolgt. Aber wir
562 1035 2556 1185 denken auch um die Worte herum, und aas ist das Be-
1661 1122 2268 1233 eo dia Reyleiste
531 1146 2656 1315 denkliche. Hätten wir die Kraft oder den Mut, von den
560 1299 2421 1431 Worten vollstänaig wegzudenken,wir wären weiter
554 1418 1082 1579 als wir siya.
