2856 3512
601 486 2530 660 Seelische Haltung und geistige Haltung sind wohl
626 667 1804 795 von einander zu unterscheiden.
621 766 2574 974 Geistige, Haltung ist pahl ohne seelische Haltung
1428 883 1629 964 nicht
618 910 2140 1099 möglichsungekehrt ist er kann wögttch.
628 1040 2500 1227 Zur geistigen Haltung gehört natürlich auch die
618 1170 2589 1362 seelische. Sie darf aber nicht verwechselt werden.
618 1310 2422 1497 mit Posg, die im wesentlichen darauf ausgeht
631 1450 1543 1592 Haltung vorzutäuschen.
628 1563 2584 1750 Eixe seelische Haltung ist bis zu einem gewissen
628 1720 2535 1877 Grade dem Wyilen unterworfen. Man kann seelische
626 1853 2500 2017 Haltung lerndh. Sie ist zuweilen nur eine Form-
636 1970 2417 2164 frage. Sie kann auch bei ungeistigen Menschen
628 2142 1016 2307 bestehen.
631 2260 2508 2434 Geistige Haltung gehört unbedingt zum Wesen des
638 2385 2545 2581 Geistesmenschen. Der geistige Mensch als solcher
1769 2515 1956 2608 nicht
631 2547 2152 2729 kann der geistigen Haltung (entbehren.
