2904 3576
647 471 2531 632 Man muss den Mut haben auch Selbetverständlich-
663 608 2594 774 keiten auszusprechen, wenn es not tut. Eine Platt-
661 736 2538 880 heit ist nicht schon dadurch widerlegt, dass man
1536 822 2296 921 ueiorcu et de
673 846 2536 1010 sie als Plattheit erkennt, und die meisten Wahr
2084 959 2226 1031 n
671 1000 2522 1125 heiten sind nun einmal Plattheiten. Und man be-
1022 1086 1921 1175 praser biedet nih
671 1137 2541 1281 schimpft (sie doch meistene nieht darum, weil sie
675 1260 2526 1385 Tlattheften,sondern weil sie unbequeme Wahrhei-
683 1423 1036 1524 ten sind.
