2920 3528
787 526 2456 718 Du magst deinen neuen Glauben ebenso hoch
771 681 2516 854 haften, wie du deinen früheren gehalten hast,
780 813 2607 968 du bist indess in jedem Falle ein schlechterer
949 907 1458 1000 als de cant
1465 924 1776 1009 beit und
780 956 2248 1118 geworden, denn du wurdest ein kenegat.
778 1081 2489 1250 Und wenn du zu deinem neuen Gott ebenso an-
771 1208 2632 1396 dächtig betest als zu jenem, den du verlieseest,
771 1347 2558 1514 der neue Vott ist darum kein besserer als der
778 1479 2528 1660 frühere war, du bist aber ein schlechterer ge-
771 1614 1067 1769 worden.
