2952 3576
85 988 521 1169 e
588 498 2516 725 Alle die Leute, die so bereit sind bei den Andern
609 650 2477 836 Trönnigkeit und Schicksalsergebung zu erwarten.
611 771 2441 970 ja zu fordern, sind sofort dabei an ihrem Gott-
611 918 2552 1115 irre zu werden, sobald ein Unglück, wie sie es tage
619 1029 2691 1213 lich dükzende Male in einiger Ertfernung beabach-
627 1164 2495 1354 ten können, ohne dass sid pereönlich darunter zu
635 1298 2513 1486 leiden haben, fenn ein solches Unglück) sich in
699 1447 857 1533 ihre
627 1437 2503 1610 unserer nächsten Nähe oder gar an ihnen selbst
635 1527 2539 1736 zuträgt. Und was noch sonderbarer ist, es besteht
632 1662 2546 1873 eine gewisse Neigung bei den Fronnen auch dieses
637 1803 2433 1984 Irrewerden an Gokt und am Glauben verzeihlich
645 1945 2521 2136 zu finden, ja geradezu wieder als eine religiöse
637 2103 1522 2309 Erscheinung zu denten.
