2936 3576
670 486 2495 712 Dass plötzlich der Kollektivismus, die kollekti
2226 600 2450 677 einen
685 645 2470 814 vistische Weltanschauung in der Kunst höheren
682 752 2510 959 Rang besitzen soll als der Individualismus, ist
2042 862 2266 944 duret
680 872 2525 1096 eine jener albernen Phrasen, welche die moderne
1872 984 2348 1081 indie lree
695 1041 2515 1235 literarisch-politische Mode mitsich gebracht
695 1210 1422 1350 det. hersenem
710 1247 2530 1467 Der Kollektivismus ist naturgemässbeschränkter
720 1414 2507 1596 und unfruchtbarer als der Individualismus. Es
725 1516 2585 1743 wird auch nur das jenige Werk des Kollektivismus
735 1646 2737 1843 als Kunsstwerk in Frage kommen, das individuellAnuhel
740 1850 1312 1992 gestaltet ist.
745 1935 2587 2102 Der Kollektivismus bedeutet natürlich eine gros
745 2057 2445 2261 se Erleichterung für unzählige Dilettanten.
742 2164 2664 2385 Das Individuum vergewaltigt am Ende nur sich sel-
752 2288 2647 2515 ber; der Kollektivismus versucht wenigstens Alle
759 2443 2590 2624 zu vergemältigen, er ist dem Wesen nach diktato-
757 2652 1023 2781 risch.
769 2689 2515 2898 Das Individuum lässt auch dem Kollektivismus
772 2868 1310 3005 seine Rechte.
