2936 3576
718 532 2015 687 Das Bewuest-sein tritt in verschi
710 652 2311 838 auf: einfach als Begetung begleitender
735 818 2366 973 ei mänchen Menschen ist diese Begleitung
682 938 2694 1104 een abituell, ohne besondere Betanng22-
723 1086 2566 1254 weilen aber wirkt dieses ununterbröchehe sogens
720 1204 2602 1390 te Wachsein des Bewuestseins störend, quälend, in
707 1345 2004 1483 seltèneren Fyllen als steigernd.
718 1468 2524 1648 Es gibt auch eine Erziehung des Bewusstseins.
723 1586 2519 1779 Dazu gehört auch die Fähigkeit es von Fall zu
723 1754 2250 1922 Fall, wenigstens relativ, auszuschalten.
