3368 4312
1256 1251 3116 1389 prift fügt sich ja auch in die religiöse Ideglo-
1277 1341 2992 1418 ie - so müsste sie doch von aller Zeiten An-
1253 1408 2981 1499 fang an feststehen. Denn dass solche histori-
1227 1468 3059 1558 sche Notwendigkeiten mit historischen Unnotwen-
1217 1532 2969 1630 digkeiten abwechseln,lässt sich weder mit hi-
1222 1594 2940 1687 storischer noch mit religiöser,noch auch mit
1217 1649 3109 1763 einfach lögischer Anschauung im allgergeringsten.
1217 1725 2969 1825 vereinigen. Historische Notwendigkeit, das ist
1208 1765 3102 1896 nichts anderes als Al;Fresko-Kausalität; und kein
1217 1854 1749 1937 Geschehnis, sane
1808 1863 2945 1951 des grerebewicht eht i
1217 1911 2313 2006 nen Lygennlicktung fest,ehe
2447 1939 3076 2025 wirklich gesche-
1208 1987 3047 2066 hen ist, und Gott selber könnte es nicht voraus-
1201 2056 3116 2178 sehen und umso weniger je mehr er eben Gett wäre.
858 2151 2571 2352 Vist mit Melkemalssche Veherheiterrherzinge
