2936 3576
1688 522 2531 715 erklärlich, sobald sie
1001 512 1575 766 rten nennen stw
1475 686 2495 850 andern früheren bekennten
989 740 1411 894 melogien mi
1024 804 2497 1004 die dock in Kirklichkeit nicht winder
1114 943 2554 1135 sind, als diese neuen, an die wir
984 1122 1573 1270 gewöhnt haben.
643 1194 2615 1365 So heisst es irgendwo z.B. (Lippmann, Weltschöpfung
651 1329 2477 1524 und Weltanschauungl:..."Dass die mit negativer
686 1473 2566 1655 lektrizität geladene Flektrone, deren Masse etwa
666 1560 2605 1754 1800 Mal kleiner ist als ein Wasserstoffatom sich
653 1698 2607 1895 nicht mit dem positiven Kern verbinden, ist ebenso
681 1836 2648 2039 erklärlich wie der uns schon bekannte Umstand, dass
668 1936 2566 2136 die Erde nicht in die Sonne hineinfällt, Bei der
676 2082 2531 2292 Erde entstehen durch ihre Rotation Bentrifugal-
679 2205 2735 2433 krafte, die der Anziehungskraft der Sonne das Gleich-
694 2359 2602 2569 gericht halten und beim Verhältnis vom Monde zur
684 2472 2638 2664 Erde ist das Gleiche der Fall..... Ebenso ist ein
694 2600 2674 2797 atom ... ein Kianetensysten im Kleinen. Die Eebe-
702 2689 2571 2879 ten kreisen wie die Fektrone un den positiv ge-
707 2769 2723 2984 Jedenen Kern des Atons- Ebenso erklärlich? Das eine
709 2899 2653 3073 ist so wenig erklärlich wie das andere. Wir sehen
712 2925 2758 3112 zwer das gleiche Gesetz im Mikrokosmos wile im Mekro-
717 3033 2735 3176 krokosmos, erklärlich ist keines. Wir sehen die Ein-
735 3079 2651 3243 heit der rhythwischen Gesetze und finden den glet
720 3145 2602 3330 chen Geist und den gleichen Willen in dtom wie 1
756 3281 1365 3419 jeneren walten.
