2888 3480
623 494 2506 689 Hass, Meid, Rachsucht verbinden zwei Menschen oft
623 640 2464 808 unlöslicher miteinander als Liebe oder Freund-
615 769 2570 944 schaft es jemals zu tun vermögen. Denn Gemeinsam-
623 895 2607 1073 keit innerer und Äusserer Interessen und die Freu-
180 993 1369 1070 amieon  aen    zu Kh zuit Sherz v. brd ideer. erder
1601 1016 1883 1090 an nar eu errermin
610 1060 2533 1203 de an dieser Gemeinsamkeit – worin vor ällem das
610 1157 2405 1352 Wesen der positiven menschlichen Beziehungen,
608 1307 2521 1463 Liebe und Freundschaft,beschlossen ist, ist immer
603 1418 2521 1587 nur relativer Natur und in keinem Falle ein kon-
605 1559 2508 1713 tinuirlicher Seelenzustand; die negativen. Bezie-
588 1690 2474 1861 hungen aber sind meist absolut und dauernd. Der
586 1841 2536 1977 Hass, der Neid, und die Rachsucht,so könnte man sa-
596 1972 2422 2081 gen,haben einen leiseren Schlaf als die Liebe.
578 2088 2456 2199 Der geringste Hauch weckt sie auf,während Liebe
1330 2170 1527 2254 acuis
583 2194 2429 2333 und Freundschaft manchmal bei Donner und Blitz
581 2340 1473 2493 ruhig weiter schlafen.
