2856 3512
532 501 2610 640 Das Schlimme ist, dass nicht nur Leute kritiksche Al-
2016 625 2142 702 ihe
570 612 906 710 dimbeel
555 632 2419 818 bernkeiten niederschreiben, die diese Dummheiten
1670 764 1853 844 rolit
537 795 2437 940 selber glauben,sondern dass diese Dummheiten oft
1858 885 2153 963 etliite
934 888 1211 976 Kleigen
547 929 2561 1079 genug von besderen und begabteren Kritikern wieder-
1149 1025 1657 1123 vand prosagus
1758 1027 2215 1123 Maic deule
534 1069 2579 1242 holt und bekräftigt werden, ven Leuten, die es eygent-
552 1213 2403 1368 lich besser wiesen, die aber sehr froh sind mit
684 1322 2463 1489 ihnvon den Dummen gelieferten Material, mit
754 1479 2450 1637 billigen Phrasen,manchmal auch mit den ge-
689 1618 2501 1786 ferten unbemussten oder bewussten Verleumdungen
527 1714 2403 1913 alles mögliche Veble anfichten, Merchen Tschadi-
599 1889 2473 2042 en undtdte alterschtimmten Dummheiten mit Elan
589 1982 1869 2189 pamtt Tatent vertrotten komnen.
573 2135 2034 2331 als die kimme vetet mwelte
