2936 3576
629 599 2500 761 Reinlichkeit steht zur Reinheit in einem ähnli-
632 733 2593 887 chem Verhältnis wie Gutmütigkeit zur Güte. Beides
645 857 2512 1008 - Güte wie Reinheit - liegen schon auf dem Wege
642 988 2591 1137 zur Heiligkeit. Beide sind ohne Selbstüberwindung
637 1125 2485 1256 nicht denkbar. Selbstüberwindung, auch ohne er-
629 1259 2548 1410 sichtlichen augenblicklichen Zweck geübt, ist die
639 1375 2667 1529 Tugend an sich. Und sie vermag die Widerstandskraft
639 1524 2545 1650 für eine nächste Prüfung zu stärken,wo Wesentli-
632 1663 2495 1787 cheres auf dem Spiel stehen mag,sowie auch das
637 1767 2664 1934 hohe sportliche Bemühen über Rekord und Sieg hinaus
637 1901 1898 2032 seine sittliche Bedeutung hat.
