3016 3592
637 506 2515 657 Ob wir einen Menschen, von dem wir uns abgewandt
640 637 2598 808 haben, einfach allein zurücklassen oder einsam, das
640 791 2488 929 ist eine Sache unseres Herzens. Wir müssen ihm
652 881 2542 1034 zum Abschied mindestens die Fähigkeit hinterlas-
654 1048 2454 1216 sen sich andern Menschen anzuschliessen,ja in
654 1163 2557 1299 ihrer Gesellschaft Trost zu finden - und wäre es
662 1289 2535 1442 selost auf Kosten der guten- Meinung,die er von
662 1413 2535 1584 uns genabt oder des Getünls, das er für uus ge-
654 1591 1068 1717 hegt hat.
