2952 3576
655 421 2485 613 Einlgermaesen schenatisch ausgedrückt, gabe es
664 557 2555 745 zweierlei Methoden, um die Zufriedenheit der Men-
669 752 2446 898 schen zu erhöhen: entweder indem man versucht
667 837 2482 1010 die Zahl oder das Maass ihrer Bedürfnisse ein-
681 998 2638 1139 zuschränken oder indem man ihre Bedürfnissege
677 1149 2468 1280 weit als möglich zu befriedigen trachtet.. Nun
681 1229 2516 1424 ist das erstere xxxxxxExEximmer
679 1380 2548 1553 nur von Fall zu Fall möglich, umso mehr als Zahl
689 1492 2572 1699 und Maass und sogar Art der Bedürfnisse zu wech-
691 1645 2558 1818 seln pflegen; das letztere aber, die Befriedigung
694 1784 2548 1945 der Bedürfnisse, ist in beschränkter Frist über-
698 1881 2536 2074 haupt kaum durchführbar, ohne dass man zugleich-
689 2027 2570 2212 oder noch vorher die Lebenslage einer Reihe von
698 2171 2607 2334 anderen Menschen, die bisher besser gestellt wa-
706 2278 2599 2463 ren, ungünstiger gestaltet. Aus dieser Erkenntnis
713 2424 2534 2594 oder diesem Gesetz entwickelt sich leicht eine
701 2541 2534 2740 Neigung vor allem einmal diesen andern Leuten
713 2677 2456 2852 Uebles zuzufügen, als wären diese allein oder
730 2806 2536 2952 doch vorwiegend Schuld an der schlechteren be-
733 2896 2602 3025 benslage der AndernM6 hat die Feindseligkeit ge
725 2959 2551 3103 genüber der Gegenpartei immer das stärkere und
728 3006 2590 3159 echtere seelische Element bedeutet als das Soli
720 3101 2224 3251 daritätsgefühl mit der eigenen Partei.
