2856 3528
532 439 2275 653 Ee gibt Laeter, die ihren Lohn gewissermassen
527 603 2442 778 sich selbst tragen und in diesen sel betlosen las-
532 761 2418 930 tern gibt eich der Tharakter noch verräterischer
525 890 2392 1037 kund als in den selbstlosen Eugenden, wobei noch
525 1016 2180 1176 zu bemerken ist, dass eine Engend ohne Sell
532 1145 1712 1300 keit überhaupt keine mehr ist.
1455 1190 1960 1328 Byzentiniemus
537 1290 2330 1467 Zu jenen Lastern gehört Krteckerei, für die in
549 1421 2354 1593 jeder Form, auch eine gewisse Art von Feigheit,
544 1555 2409 1715 auch Verleumdung einer gewiesen Art, von der der
551 1677 2437 1875 Verleumder wissen kann, dass sie in keinem Falle
549 1825 1109 1987 geglaubt wird.
