2920 3576
656 651 2431 812 Feigheut dort, wo auch der Mut noch lange kein
656 784 2391 952 Eisiko bedeutete, ist eine höchst verbreitete
661 909 2476 1099 mengchliche Eigenschaft: sie reicht von einfa-
658 1070 2552 1210 chen,pathologischen Angetzständen über den Sno-
653 1170 2519 1345 bismius zur freiwilligen Kriecherei, zum Byzanti-
658 1326 2557 1484 nismus. Patriotismus und Frömmigkeit wachsen auf
661 1487 1191 1615 diesem Boden.
668 1565 2486 1719 Die Leute wollen ein Gefühl der Sicherheit auf
672 1716 2379 1832 Vorrat sozusagen. Auch für die entfernteste
661 1856 1660 2010 Möglichkeit einer Gefahr.
