2824 3400
600 469 2519 663 Weiche Ueberschätzung der, Tat an sich gegenüber
598 615 2391 753 dem Gedanken. Um wieviel fruchtbarer sind Ge-
605 750 2471 908 danken als Taten. Die Tat an sich hat immer nur
624 859 2422 1045 nruhe, der Gedanke, wenn er wirklich einer war,
593 1009 2495 1176 immer einen Wert in die Weit gebracht. Charakte-
586 1133 2531 1307 ristisch genug, dass es gerade die Literaten sind,
581 1295 2459 1457 die immer wieder die Tat gegenüber dem Gedanken
547 1379 1399 1566 auszuspielen lieben.
