2888 3496
532 510 2568 700 Mir träumte von seltsanen Begegnungen unsterblicher
1534 646 1800 788 NX
532 667 1503 839 Seelen in der Unendlichk
1653 697 2578 839 Napoleoy und Friedrich
532 814 2522 943 der Grosse lachten einander schallend ins Gesicht,
2401 930 2745 1042 A 1 4 Me.
431 905 654 1049 9
700 930 2545 1075 ags der garaeetraum davon erzitterte.- Plato
525 1032 2558 1227 und Näétzsche wandelten einander in guter Haltung
520 1174 2358 1331 vorbei, doch um ihre Lippen schwebte ein leises
510 1311 2474 1491 Augurenlächeln.- Christus und Mohammed aber sahen
507 1437 2502 1597 einander fest ins Aug,blieben ernst und das Lachen
507 1587 1980 1739 aller Unsterblichen tönte ihnen nach.
