2888 3528
703 563 2558 747 Wenn-Ihr den Knaben züchtigt, den den Schnetter-
701 731 2419 890 ling aufspiesst und ihn dann zappeln lässt,-
713 856 2544 1031 fürchtet Ihr denn nicht, dass er sich auf Euern
710 982 2530 1132 Gott berufen könnte, von dem Ihr allen Ernstes
2417 1093 2765 1250 .
703 1100 2424 1280 annehmt, dass er efnen Metschef zuerst aufs
743 1250 2509 1414 rausamste foltert,um (erst nachgeraumer Zeit,
694 1386 2491 1571 wie Ehr selbst sagt, durch den Tod zu erlösen?
