2936 3576
706 556 2525 696 is die Gläubigen glauben oder zu glauben vorge-
641 641 2382 764 ben oder zu glauben sich einbilden ist an und
634 684 2520 839 für sich in keiner Weise wunderbarer als was der
634 769 2375 897 relativ Wissende glaubt oder zu glauben pfleg
634 824 2510 964 Es ist nur minder wahrscheinlich und unbewiesen.
639 909 2320 1030 Der Gläubige beruft sich auf die Offenbarun
639 989 2425 1110 die ihm keineswegs von Gott übermittelt wurde,
1901 1032 2442 1127 Heiliger oder
669 1065 1816 1152 es sei denn, es wäre selbst ein
641 1090 2412 1212 Prophet,- sondern doch wieder nur von solchen
1728 1167 2340 1263 rung wieder von
636 1185 1696 1293 Menschen, denen diese Offenb
654 1252 1623 1343 Andern übermittelt wurde.
651 1278 2495 1420 Es ist durchaus nicht einzusehen,warum uns sol-
656 1345 2492 1480 che Offenbarungen a priori glaubhafter oder gar
656 1418 2405 1536 verehrungswürdiger erscheinen sollen als jene
654 1468 2497 1606 anderen Offenbarungen,die uns durch unsere Sin-
654 1541 2502 1663 ne, durch unser Denken geworden sind und die wir
656 1646 1455 1743 Erkenntniese nennen.
654 1668 2560 1804 Um diesen zu misstrauen wie es die Gläubigen ger-
654 1723 2560 1859 ne tun, besteht gerade für diesefkeinerlei Anlass,
651 1814 2608 1914 da doch sie vor allem annehmen müssen,dass uns un-
654 1879 2497 1994 sere Dinne und unsere Denkfähigkeit gleichfalls
659 1931 2530 2049 von Gott kommen und sie doch nicht annehmen dür-
661 1984 2635 2129 fen, dass Gott mit den Leuten, denen er solche Gaben.
671 2099 2032 2187 verliehen,nur seinen Spasrs treibt.
664 2089 2633 2244 Gerade die Gläubigen müssten in dem, was wir Wiesen
666 2187 2528 2315 nennen, (alle Unzulänglichkeit, alle Irrtümer, alle
671 2254 2578 2405 Ueberheblichkeit zugegeben) eine Offenbarung Got-
679 2327 2550 2450 tes geddeso erblicken, wie in all dem andern, was
664 2390 2563 2518 sie im Besondern göttliche Offenbarung zu nennen.
671 2422 2605 2585 pflegen und für die es überhaupt keinen andern Be-
679 2528 1914 2643 weis gibt-als den Glauben daran.
671 2588 2653 2713 Wissenschaftliche Entdeckungen lassen sich nachprü-
679 2628 2608 2776 fen und wollen nachgeprüft werden und kein Gelehr-
909 2743 1288 2828 in Forsche
679 2688 2688 2883 ne alheelie erordenen Errdultaiel8881 Jat ppfiset.
676 2793 2540 2976 liche Offenberungen zu berufen, an denen zu zwei-
681 2898 2645 3039 feln Sünde wäre. Die Gläubigen aber wagen es jeden
691 2951 2640 3101 Versuch einer Nachprüfung als lästerlich zu schms-
684 3026 2613 3176 hen, wenn sie auf Brscheirungen- und Dognen bezogen
684 3119 2249 3251 wird, die sie als Offenberung bezeichnen.
