2872 3528
2142 402 2328 515 Fuch-
720 465 2498 652 die heutigen menschlichen Existenzenseo wenig
542 632 2505 770 wert sind, dass Ihr sie unbedenklich für eine künf-
548 758 2352 940 tige Generationen hinzuopfern bereit seid, -wie
535 890 2500 1062 dürft Ihr uns übel nehmen, dass wir, diese fkünfti-
535 1040 2548 1198 ge Generation, xinzuepfern gene von der wirp noch
548 1180 2508 1335 gar nichte wiesen und deren Wünsche wir-nicht ken-
540 1312 2430 1432 nen,a hinopfern für die heutige, von der wir zu-
1415 1408 2415 1490 eon Riclilit berule
532 1458 1870 1620 mindest wiesen, dass sie reell jet.
552 1572 2505 1722 Und nehmen wir nun an,es wäre fuch tatsächlich ge-
535 1698 2438 1848 lungen diese nächetel Generation um den Preis der
532 1848 2470 1970 unsern zu beglücken;wenn nun das Schicksal irgend
542 1972 2435 2145 ein Elementarereignis oder gar den Weltuntergang
540 2088 2528 2260 schickte, -wer irt dan gescheken? und denk- hit
2075 2225 2270 2338 glich
540 2230 2048 2400 Gemitin der ihr beshet
515 2362 1442 2520 nicht erleble-
1505 2365 2195 2580 c sec.
