2888 3544
724 444 2593 603 Augenblick (ohne Eingreifen einer höheren Macht
733 577 2519 733 oder eines vorgefassten Plans oder durch die
733 702 2668 890 Laune einer höheren MachtI geändert werden kann)-
724 825 2519 1013 ob der Philosoph die pereönliche Unsterblich-
721 972 2540 1107 keit der Seele annimmt oder einen ewigen Weit-
724 1131 2550 1276 geist, in dem die Individualität wieder aufgeht
733 1269 2509 1394 oder ein absolutes Hinschwinden der Seele mit
2379 1373 2562 1445 Was
724 1390 2497 1571 der Materiw, in die dae Individuum gehüllt ist
724 1522 2458 1660 oder als die, die bei Lebzeiten auftritt,-all
733 1616 2516 1812 das hat mit Wisten nicht das Geringete zu tun,
724 1776 2543 1961 all dies ist nur Glaube und je überzeugter der
724 1903 2502 2036 Philosoph von dem seinen ist, umso mehr nähert
724 2051 2010 2207 sich eben sein Glaube dem Dogina.
