2920 3576
719 552 2492 676 gibt Eigenschaften,insbesondere des Charakter
768 668 2505 748 an sich überhaupt nichts Positives bedeuten,
1508 732 2546 814 chaft Geltung und Sinn ha-
748 724 1480 814 nur als Hilfseiger
619 791 2558 871 ben und die manchmal nur als negativeg Vorzeichen
616 866 2533 935 gedeutet werden können. Dazu gehören: Intensität,
611 922 2582 999 Rhythmus, Tempo und noch etliche andere,-vielleicht
601 989 2553 1079 kann man auch den Verstand als solchen dazu rech-
758 1056 902 1123 pfi.
614 1051 2163 1200 ven. Eftigkeit. Jedesfalls.
105 1058 619 1218 221
604 1141 2664 1279 Nur ästhetiech haben diese Eigenschaften ihren unbe-
606 1251 2587 1343 dingt positiven Wert,daher rührt unser. Gefallen an
604 1315 2515 1403 Bösewichtern, worin mehr Bewunderung als Gefallen
599 1377 889 1490 steckt.
