2904 3544
660 575 2408 767 Es ist nicht so sehr ein psychologisches als
670 731 2425 898 beinahe schon physikalisches Gesetz, dass die
668 859 2539 1071 Schmäche an sich auf den Stärkeft herausfordernd
680 971 2590 1182 Wirkt, und xxrehegadAtMegkait
670 1124 2585 1318 dieserfich gedrungen fühlt den geringeren Wider-
689 1233 2554 1440 stand, wenn schon nicht zum eigenen Vorteil oder
692 1384 2629 1571 gar zum Schaden des Andern - so doch zur Erhöhung
694 1510 2612 1702 seines Selbstgefühles auszunützen. Es sind nicht
709 1617 2561 1823 immek die edelsten - oft sind es nur aie senti-
697 1745 2646 1971 mentäleren Menschen, die diesen Drang nicht uater-
709 1886 2032 2088 Regen juniterleti vereere
