2936 3576
431 1036 577 1225 14
673 504 2583 731 Man spricht so oft von Freigeistern, niemals aber
680 620 2528 814 von Freiseelen. Und dabei ist freier Geist und
680 761 2709 958 freie Seele keineswege dasselbe. Die freien Geister
690 930 2485 1099 bringen die Welt vorw채rts,-die freien Seelen
597 1089 960 1187 n
703 1063 2026 1230 reinigerte Atmosph채re der Welt.
696 1177 2515 1348 Ob man 체berhaupt das Recht hat sich eine freie
690 1326 2714 1520 Seele zu nennen, wenn man nucht vor allem ein freier
711 1507 1210 1643 Geist ist-.1
713 1603 2215 1756 Ist eines die Vorbedingung des andern?
706 1709 2339 1925 Ist Freiheit in beidenf채rlen das Gleiche?
