2920 3528
720 497 2430 738 Ein fünfjähriges Kind will zur Mutter immer
743 654 2536 836 Mutti" sagen. Die Mutier besoften schlägt, sie
736 808 2387 997 tot. Das hat sich neulich hier zugetregen.
728 928 2407 1123 Wenn mir nun einer sagen kann, wie sich ein
2218 1056 2623 1156 allmächti-
713 1074 2774 1277 Eekit Re. Geriff. eine
741 1220 2561 1423 gen, allgütigen, allwissenden Gottes in Finklang
743 1359 2410 1479 bringen lässt,so will ich ein frommer Mann
751 1528 1043 1672 werden.
754 1582 2612 1810 aber ich fürchte, man wird mir höchstens entmor-
754 1746 2451 1892 ten, dass wir armen Menschen eben zu nichtig
754 1825 2584 2041 seien, um Goti zuxxxxxEEXx und die Gründersei-
759 1995 2528 2179 nes Handelns zu verstehen und dass seine Ali-
1759 2156 2515 2246 eine Allwissenheit
767 2169 1208 2328 güte, seine
769 2282 2541 2474 überhaupt etwas ganz anderes bedeutet,als wir
1277 2407 1954 2548 Worten begreifen.
777 2454 1200 2582 unter diese
1605 2530 2561 2666 vorschlagen, zur Vermei-
785 2559 1387 2710 kun gut. So mür
2102 2602 2441 2723 bisheit
779 2674 2561 2838 dung von Missverstandnissengandere) zu wählen.
785 2797 2492 2974 Umeomehr, als ja diese drei Norte und Eigen-
782 2938 2541 3097 schaften in unserem Dinn auf den Gott, zu dem
787 3082 2223 3243 wir beten, in keiner Meise zutreften.
