3032 3592
660 548 2596 760 Bestechlichkeit im weitesten Sinn ist eine allge-
1981 643 2371 732 meenklict
660 689 2601 870 mein menschliche Eigenschaft; jaßBeziehungen sind
668 829 2499 983 überhaupt nur dadurch möglich, dass wir alle in
671 937 2491 1132 einem geringeren oder höheren Gräd bestechlich
2204 1088 2642 1175 zur Löflich-
686 1098 2212 1252 sind. Wo wir Liebe, Gunst, Sympathie.ia n
684 1229 2506 1370 keit spüren, sind wir im Grunde schon bestochen.
678 1344 2565 1472 und unser Urteil ist daher niemals völlig objek-
1907 1431 2099 1521 unel
1344 1454 1533 1539 2i e
696 1482 2609 1695 tir und ist es nach weniger, kenn wir uns bemühen.
686 1615 1684 1746 unbestechlich zu bleiben.
686 1725 2596 1900 Die Bestechlichkeit gibt sich keineswegs im rein-
704 1892 2442 2045 Persönlichen aus, auch ein Werk,eine Tat,eine
694 1997 2519 2135 Geste kann uns schmeicheln, sei es indem unsere
691 2107 2568 2286 Eigenliebe, unsere Ansichts oder unser Weltgefühl
704 2296 1114 2432 bestätigt.
699 2368 2565 2555 Erst dort, wo wir die Bestechlichkeit der Andern
704 2476 2606 2665 wissentlich zu unserem persönlichen Vorteil oder
709 2637 2604 2806 gar zum Nachteil eines Andern ausnützen, ist sie
717 2778 2655 2941 von Uebel, aber die Schuld liegt dabei mehr an uns
719 2880 2772 3057 als an dem, von dessen Bestechlichkeit wir profitier,
724 3098 904 3195 ten.
668 3180 840 3287 uneg
