<?xml version="1.0" encoding="UTF-8" standalone="yes"?>
<PcGts xmlns="http://schema.primaresearch.org/PAGE/gts/pagecontent/2013-07-15" xmlns:xsi="http://www.w3.org/2001/XMLSchema-instance" xsi:schemaLocation="http://schema.primaresearch.org/PAGE/gts/pagecontent/2013-07-15 http://schema.primaresearch.org/PAGE/gts/pagecontent/2013-07-15/pagecontent.xsd">
    <Metadata>
        <Creator>prov=READ-COOP:name=PyLaia@TranskribusPlatform:version=2.7.0:model_id=50870:lm=none:date=22_01_2024_21:46</Creator>
        <Created>2023-09-27T14:42:11.306+02:00</Created>
        <LastChange>2024-01-22T21:46:44.786+01:00</LastChange>
        <TranskribusMetadata docId="1589069" pageId="60127055" pageNr="63" tsid="145643727" status="IN_PROGRESS" userId="40391" imgUrl="https://files.transkribus.eu/Get?id=IJIIYLFQMTOLKZSIUNKWWEEN&amp;fileType=view" xmlUrl="https://files.transkribus.eu/Get?id=SRQXTKVFOMBBAPIYKUWNYIJV" imageId="48552132"/>
    </Metadata>
    <Page imageFilename="1589069_0063.jpg" imageWidth="2952" imageHeight="3576">
        <ReadingOrder>
            <OrderedGroup id="ro_1711787323418" caption="Regions reading order">
                <RegionRefIndexed index="0" regionRef="tr_1"/>
            </OrderedGroup>
        </ReadingOrder>
        <TextRegion orientation="0.0" id="tr_1" custom="readingOrder {index:0;}">
            <Coords points="588,484 588,2905 2614,2905 2614,484"/>
            <TextLine id="tr_1_tl_1" custom="readingOrder {index:0;}">
                <Coords points="1903,596 1980,611 2092,572 2172,574 2218,606 2290,582 2320,608 2402,611 2501,570 2494,470 2400,504 2305,444 2249,465 2193,448 2024,475 1912,465"/>
                <Baseline points="1919,582 1948,580 1977,579 2007,576 2036,576 2066,576 2095,574 2124,572 2154,570 2183,568 2213,564 2242,561 2271,561 2301,559 2330,555 2360,555 2389,554 2418,552 2448,552 2477,550 2507,546"/>
                <TextEquiv>
                    <Unicode>zu sagen, dass</Unicode>
                </TextEquiv>
            </TextLine>
            <TextLine id="tr_1_tl_2" custom="readingOrder {index:1;}">
                <Coords points="574,686 984,688 1415,601 1706,611 1711,538 1583,494 1432,536 582,538"/>
                <Baseline points="591,641 647,643 703,641 759,639 815,635 871,633 927,635 983,633 1039,626 1095,625 1152,622 1208,620 1264,617 1320,616 1376,611 1432,608 1488,605 1544,601 1600,599 1656,597 1713,594"/>
                <TextEquiv>
                    <Unicode>Es ist etwas anderes von eine</Unicode>
                </TextEquiv>
            </TextLine>
            <TextLine id="tr_1_tl_3" custom="readingOrder {index:2;}">
                <Coords points="1755,773 1995,713 2450,696 2458,589 2242,635 2101,633 2070,599 1903,635 1764,596"/>
                <Baseline points="1770,719 1804,716 1838,716 1873,713 1907,713 1942,710 1976,707 2011,707 2045,705 2080,701 2114,698 2148,698 2183,695 2217,691 2252,688 2286,686 2321,686 2355,684 2390,683 2424,682 2459,680"/>
                <TextEquiv>
                    <Unicode>ein grosses Kunst-</Unicode>
                </TextEquiv>
            </TextLine>
            <TextLine id="tr_1_tl_4" custom="readingOrder {index:3;}">
                <Coords points="574,807 1716,759 1721,671 579,683"/>
                <Baseline points="588,779 644,776 701,773 758,773 815,771 872,767 929,766 985,760 1042,758 1099,755 1156,752 1213,750 1270,746 1327,746 1383,744 1440,738 1497,737 1554,733 1611,727 1668,725 1725,725"/>
                <TextEquiv>
                    <Unicode>es eine hohe Leistung, dass es</Unicode>
                </TextEquiv>
            </TextLine>
            <TextLine id="tr_1_tl_5" custom="readingOrder {index:4;}">
                <Coords points="587,936 1260,933 1394,887 2244,824 2385,848 2431,761 1612,766 1277,817 1071,780 591,831"/>
                <Baseline points="599,904 690,904 782,898 873,895 965,892 1057,888 1148,881 1240,876 1332,873 1423,867 1515,862 1607,857 1698,852 1790,845 1882,842 1973,836 2065,827 2157,826 2248,820 2340,814 2432,814"/>
                <TextEquiv>
                    <Unicode>werk bedeutet; etwas anderes von einem Werk au</Unicode>
                </TextEquiv>
            </TextLine>
            <TextLine id="tr_1_tl_6" custom="readingOrder {index:5;}">
                <Coords points="591,1040 671,1079 1430,1003 1626,1052 2026,996 2121,1020 2293,957 2298,890 1585,868 1263,936 754,928 596,967"/>
                <Baseline points="608,1035 692,1035 777,1032 861,1029 946,1024 1030,1020 1115,1015 1199,1010 1284,1007 1368,1004 1453,999 1537,993 1622,991 1706,982 1791,980 1875,973 1960,969 2044,964 2129,960 2213,955 2298,946"/>
                <TextEquiv>
                    <Unicode>behaupten, dass es das Maass des Glückes auf</Unicode>
                </TextEquiv>
            </TextLine>
            <TextLine id="tr_1_tl_7" custom="readingOrder {index:6;}">
                <Coords points="589,1173 725,1197 848,1156 986,1159 1057,1197 1173,1149 1338,1173 1343,1064 1200,1033 1028,1047 986,1079 863,1054 669,1115 591,1098"/>
                <Baseline points="602,1164 639,1161 676,1161 713,1161 750,1159 788,1158 825,1157 862,1155 899,1155 936,1152 974,1152 1011,1149 1048,1145 1085,1143 1122,1143 1160,1140 1197,1138 1234,1137 1271,1136 1308,1134 1346,1134"/>
                <TextEquiv>
                    <Unicode>Erden vermehrt hat.</Unicode>
                </TextEquiv>
            </TextLine>
            <TextLine id="tr_1_tl_8" custom="readingOrder {index:7;}">
                <Coords points="594,1311 1200,1285 1270,1321 1476,1258 1648,1287 1946,1229 2172,1256 2385,1214 2390,1146 1685,1146 1365,1197 1134,1161 1008,1207 599,1226"/>
                <Baseline points="608,1298 697,1294 786,1292 875,1286 964,1280 1053,1277 1142,1271 1231,1265 1320,1262 1409,1256 1499,1250 1588,1247 1677,1238 1766,1238 1855,1232 1944,1226 2033,1223 2122,1217 2211,1211 2300,1208 2390,1202"/>
                <TextEquiv>
                    <Unicode>Es erhebt sich im Anschluss daran auch, gleich</Unicode>
                </TextEquiv>
            </TextLine>
            <TextLine id="tr_1_tl_9" custom="readingOrder {index:8;}">
                <Coords points="604,1440 1272,1442 1813,1362 1883,1413 2160,1406 2385,1355 2390,1277 608,1335"/>
                <Baseline points="617,1426 705,1428 794,1422 882,1420 971,1415 1060,1404 1148,1402 1237,1395 1326,1392 1414,1387 1503,1381 1592,1376 1680,1372 1769,1366 1858,1361 1946,1358 2035,1352 2124,1346 2212,1340 2301,1337 2390,1331"/>
                <TextEquiv>
                    <Unicode>die Frage, ob es darauf ankommt bei wie vielen</Unicode>
                </TextEquiv>
            </TextLine>
            <TextLine id="tr_1_tl_10" custom="readingOrder {index:9;}">
                <Coords points="606,1571 710,1597 1173,1532 1234,1583 1612,1537 1714,1571 1849,1510 2550,1476 2555,1389 611,1464"/>
                <Baseline points="620,1555 716,1555 813,1549 910,1545 1007,1539 1103,1535 1200,1529 1297,1523 1394,1519 1490,1513 1587,1508 1684,1501 1781,1494 1877,1487 1974,1483 2071,1476 2168,1473 2264,1466 2361,1462 2458,1456 2555,1456"/>
                <TextEquiv>
                    <Unicode>Menschen oder bei welcher Art von Menschen es das</Unicode>
                </TextEquiv>
            </TextLine>
            <TextLine id="tr_1_tl_11" custom="readingOrder {index:10;}">
                <Coords points="625,1704 873,1733 1076,1670 1289,1721 1454,1655 1794,1677 1905,1621 2295,1653 2535,1617 2540,1525 2450,1512 2198,1556 1811,1522 1714,1573 948,1607 633,1580"/>
                <Baseline points="638,1689 733,1686 828,1684 923,1680 1019,1671 1114,1668 1209,1661 1304,1653 1400,1652 1495,1644 1590,1639 1685,1633 1781,1629 1876,1625 1971,1619 2066,1611 2162,1607 2257,1603 2352,1597 2447,1589 2543,1588"/>
                <TextEquiv>
                    <Unicode>Glück, die Freude, oder selbst nur den Genuss ge-</Unicode>
                </TextEquiv>
            </TextLine>
            <TextLine id="tr_1_tl_12" custom="readingOrder {index:11;}">
                <Coords points="628,1849 967,1813 1125,1820 1129,1721 1040,1716 1003,1692 938,1714 921,1701 873,1733 633,1735"/>
                <Baseline points="644,1823 669,1823 694,1822 720,1820 745,1820 771,1820 796,1818 822,1816 847,1815 873,1813 898,1811 924,1810 949,1808 975,1806 1000,1805 1026,1805 1051,1805 1077,1805 1102,1805 1128,1805"/>
                <TextEquiv>
                    <Unicode>fördert hat.</Unicode>
                </TextEquiv>
            </TextLine>
            <TextLine id="tr_1_tl_13" custom="readingOrder {index:12;}">
                <Coords points="628,2000 1377,1927 1515,1992 1680,1907 2501,1886 2574,1874 2579,1769 2109,1820 1905,1764 1655,1842 1500,1772 1352,1830 635,1847"/>
                <Baseline points="644,1952 740,1952 837,1949 934,1942 1031,1937 1128,1932 1225,1926 1322,1922 1419,1913 1516,1909 1613,1903 1709,1898 1806,1895 1903,1887 2000,1883 2097,1873 2194,1869 2291,1865 2388,1859 2485,1853 2582,1853"/>
                <TextEquiv>
                    <Unicode>Auch n bei Urteilern, die durchaus fä-</Unicode>
                </TextEquiv>
            </TextLine>
            <TextLine id="tr_1_tl_14" custom="readingOrder {index:13;}">
                <Coords points="630,2114 1008,2072 1071,2109 1224,2070 1372,2097 1600,2050 1774,2080 2109,2026 2169,2055 2363,2002 2540,2038 2547,1927 2484,1900 2177,1956 1818,1924 1529,1985 1309,1956 637,2007"/>
                <Baseline points="647,2092 742,2089 837,2087 932,2081 1028,2071 1123,2067 1218,2059 1313,2057 1409,2049 1504,2044 1599,2037 1694,2032 1790,2026 1885,2023 1980,2019 2075,2012 2171,2006 2266,2000 2361,1996 2456,1993 2552,1985"/>
                <TextEquiv>
                    <Unicode>hig sind den Wert einer Eunstleistung asthetisch</Unicode>
                </TextEquiv>
            </TextLine>
            <TextLine id="tr_1_tl_15" custom="readingOrder {index:14;}">
                <Coords points="654,2261 1241,2235 1294,2193 1486,2215 1629,2169 1847,2203 2210,2138 2552,2155 2533,2038 2213,2036 1920,2097 1277,2072 1159,2126 662,2121"/>
                <Baseline points="671,2229 765,2220 859,2214 954,2210 1048,2206 1142,2201 1237,2193 1331,2187 1425,2183 1520,2177 1614,2167 1708,2164 1803,2164 1897,2157 1991,2154 2086,2148 2180,2141 2274,2135 2369,2132 2463,2128 2558,2125"/>
                <TextEquiv>
                    <Unicode>einzuschätzen, trifft die Freude, die sie an einem</Unicode>
                </TextEquiv>
            </TextLine>
            <TextLine id="tr_1_tl_16" custom="readingOrder {index:15;}">
                <Coords points="654,2375 2416,2290 2550,2273 2555,2191 2477,2213 2341,2150 2235,2203 1937,2223 1796,2191 962,2259 824,2225 659,2288"/>
                <Baseline points="671,2346 765,2349 859,2346 953,2342 1047,2336 1142,2330 1236,2326 1330,2320 1424,2314 1518,2307 1613,2301 1707,2301 1801,2291 1895,2285 1989,2282 2084,2276 2178,2269 2272,2263 2366,2260 2460,2256 2555,2259"/>
                <TextEquiv>
                    <Unicode>Werk empfinden, keineswegs immer zusamnen mit der</Unicode>
                </TextEquiv>
            </TextLine>
            <TextLine id="tr_1_tl_17" custom="readingOrder {index:16;}">
                <Coords points="659,2533 960,2477 1428,2482 1532,2436 2424,2426 2429,2336 2283,2315 1871,2368 1561,2327 1163,2383 1069,2341 667,2400"/>
                <Baseline points="674,2486 761,2482 849,2477 937,2472 1025,2468 1113,2463 1201,2454 1289,2453 1377,2449 1465,2442 1553,2435 1640,2431 1728,2427 1816,2420 1904,2416 1992,2411 2080,2407 2168,2402 2256,2399 2344,2393 2432,2390"/>
                <TextEquiv>
                    <Unicode>Hochschätzung, die sie diesem Werk angedeihen</Unicode>
                </TextEquiv>
            </TextLine>
            <TextLine id="tr_1_tl_18" custom="readingOrder {index:17;}">
                <Coords points="664,2622 1243,2625 1454,2576 1563,2613 1786,2552 2184,2535 2509,2557 2608,2521 2613,2443 1968,2494 1062,2472 921,2528 669,2530"/>
                <Baseline points="677,2617 773,2612 870,2608 967,2601 1064,2595 1161,2587 1258,2584 1354,2576 1451,2573 1548,2566 1645,2560 1742,2555 1839,2549 1936,2546 2032,2540 2129,2534 2226,2528 2323,2524 2420,2520 2517,2514 2614,2510"/>
                <TextEquiv>
                    <Unicode>lessen. Und wenn man an sie die Frage stellt, auf</Unicode>
                </TextEquiv>
            </TextLine>
            <TextLine id="tr_1_tl_19" custom="readingOrder {index:18;}">
                <Coords points="667,2756 1631,2700 1905,2727 2017,2678 2555,2693 2559,2586 2523,2569 2014,2601 1924,2567 1658,2635 1183,2598 671,2656"/>
                <Baseline points="683,2746 777,2740 871,2737 965,2730 1059,2725 1153,2721 1247,2714 1341,2710 1435,2705 1529,2696 1623,2689 1717,2686 1811,2682 1905,2676 1999,2668 2093,2667 2187,2663 2281,2659 2375,2654 2469,2647 2564,2641"/>
                <TextEquiv>
                    <Unicode>welches Werk sie eher verzichten möchten, so wür-</Unicode>
                </TextEquiv>
            </TextLine>
            <TextLine id="tr_1_tl_20" custom="readingOrder {index:19;}">
                <Coords points="664,2913 1423,2833 1731,2875 2140,2809 2145,2739 1891,2715 1774,2756 1537,2710 671,2761"/>
                <Baseline points="680,2874 753,2871 826,2868 900,2864 973,2857 1047,2854 1120,2850 1194,2845 1267,2840 1341,2835 1414,2830 1487,2826 1561,2823 1634,2820 1708,2814 1781,2811 1855,2805 1928,2802 2002,2800 2075,2798 2149,2796"/>
                <TextEquiv>
                    <Unicode>den sonderbare Antworten resultieren.</Unicode>
                </TextEquiv>
            </TextLine>
            <TextEquiv>
                <Unicode></Unicode>
            </TextEquiv>
        </TextRegion>
    </Page>
</PcGts>
