2952 3592
592 476 2472 657 fallt es uns auf, dass sich diese Antworten kaum
597 628 2426 778 je durch besondere Intelligenz auszeichnen und
597 739 2469 914 wofern sie eine Prophezeiung aussprechen, selten
2083 878 2464 1022 naheljegt
1040 894 2052 1048 sind, so dass die Vermutung
1754 960 2732 1076 t de  e b e e
592 1027 2632 1169 die weister mokierten sich über ihre Befrager oder
1707 1133 2284 1213 eien bet
608 1156 873 1249 isuegten
603 1151 2598 1336 ekn aus tieferen Gründen die Wahrheit nithta-
600 1272 2554 1442 Es ist ferner. bemerkenswert,dass es meistens all-
618 1401 2603 1596 gemein bekanntg Persönlichkeiten gibt,die siel zum
608 1542 2675 1710 Erscheinen veranlasst sehen und solche, deren Lebens-
618 1661 2554 1831 zeit nicht allzu weit in der Vergangenheit liegt.
621 1805 973 1898 useute
605 1800 2485 1960 Die Namen, die in der Geschichte überhaupt nicht
1048 1924 1226 2029 rit
613 1929 2562 2104 verzeichnet sind, melden sich beinahe nie. Und, auf
618 2052 2603 2269 tausend Erscheinungen oder desser kundgebungen Ma-
623 2181 2487 2359 poleons kommt nicht eine des Generals Eebault,
618 2305 2495 2500 auf tausend kundgebungen friedrich des Grossen
608 2472 1586 2619 nicht eine von Leibnitz.
623 2570 2511 2763 Ferner bleibt sonderbar, dass von den Millionen
615 2709 2572 2871 und Abermillionen Geistern sich nur eine so ver-
623 2827 2583 3038 schwindende Anzehl kundgibt und man fragtesich, ob
618 2992 2552 3165 denn nur eine geringe Anzahl bevorzugter Geister
