2856 3496
327 214 583 416 Rot
593 458 2462 615 Eine Gestalt wie Jesus aus der Phantasie zu er-
590 598 2497 772 schaffen war eine wunderbarere Leistung als alle
590 723 2490 905 Wunder sind, die Jesus gewirkt hat fvorausgesetzt,
590 878 1577 1009 dass sie geschehen sind:)
590 989 2462 1137 Warum also Ihf Gläubigen, seid Ihr so ungehalten
581 1105 2492 1250 über die Leute, die) dem Dichter der Jesusgestalt.
1911 1223 2271 1301 die Gerbel
590 1250 2563 1397 zu glauben eher geneigt sind als dem Jesus selbst.
590 1385 2460 1513 Ihr Irdisches, sei es das eines Dichters, sei es
583 1503 2536 1660 das eines Jesus, ist lange dahin. Ihr Unvergängli-
583 1631 2450 1776 ches, wessen es auch sei,strahlt durch die Jahr-
581 1774 954 1966 hunderte.
