<?xml version="1.0" encoding="UTF-8" standalone="yes"?>
<PcGts xmlns="http://schema.primaresearch.org/PAGE/gts/pagecontent/2013-07-15" xmlns:xsi="http://www.w3.org/2001/XMLSchema-instance" xsi:schemaLocation="http://schema.primaresearch.org/PAGE/gts/pagecontent/2013-07-15 http://schema.primaresearch.org/PAGE/gts/pagecontent/2013-07-15/pagecontent.xsd">
    <Metadata>
        <Creator>prov=READ-COOP:name=PyLaia@TranskribusPlatform:version=2.7.0:model_id=50870:lm=none:date=22_01_2024_21:46</Creator>
        <Created>2023-09-27T14:42:13.008+02:00</Created>
        <LastChange>2024-01-22T21:46:48.421+01:00</LastChange>
        <TranskribusMetadata docId="1589069" pageId="60127126" pageNr="81" tsid="145643746" status="IN_PROGRESS" userId="40391" imgUrl="https://files.transkribus.eu/Get?id=RQMZQVGXAHTSEMNSZKQHZUJI&amp;fileType=view" xmlUrl="https://files.transkribus.eu/Get?id=HPMKWRYZXZJYIDLIMJWONULL" imageId="48552203"/>
    </Metadata>
    <Page imageFilename="1589069_0081.jpg" imageWidth="2888" imageHeight="3544">
        <ReadingOrder>
            <OrderedGroup id="ro_1711787349886" caption="Regions reading order">
                <RegionRefIndexed index="0" regionRef="tr_1"/>
            </OrderedGroup>
        </ReadingOrder>
        <TextRegion orientation="0.0" id="tr_1" custom="readingOrder {index:0;}">
            <Coords points="600,583 600,2415 2618,2415 2618,583"/>
            <TextLine id="tr_1_tl_1" custom="readingOrder {index:0;}">
                <Coords points="1742,698 1818,684 1923,718 2124,659 2222,693 2310,654 2455,649 2460,507 2396,522 2320,492 2256,532 2087,541 2034,583 1933,559 1869,590 1744,586"/>
                <Baseline points="1755,665 1790,665 1825,665 1860,663 1896,662 1931,661 1966,659 2001,657 2037,656 2072,655 2107,653 2142,650 2178,650 2213,650 2248,649 2283,647 2319,642 2354,641 2389,640 2424,638 2460,638"/>
                <TextEquiv>
                    <Unicode>solten wir nicht</Unicode>
                </TextEquiv>
            </TextLine>
            <TextLine id="tr_1_tl_2" custom="readingOrder {index:1;}">
                <Coords points="586,718 1593,718 1700,693 1705,546 1524,637 1230,644 1122,588 838,652 590,588"/>
                <Baseline points="600,713 655,713 710,713 765,713 820,710 876,708 931,705 986,701 1041,703 1096,696 1152,691 1207,695 1262,694 1317,688 1372,686 1428,684 1483,680 1538,681 1593,683 1648,679 1704,674"/>
                <TextEquiv>
                    <Unicode>Der Zweifler - der Gläubige;</Unicode>
                </TextEquiv>
            </TextLine>
            <TextLine id="tr_1_tl_3" custom="readingOrder {index:2;}">
                <Coords points="598,845 956,887 1107,828 1169,860 1416,816 1617,858 1747,813 1845,858 2004,821 2193,843 2526,772 2528,701 2448,669 1940,740 1869,701 1703,762 600,769"/>
                <Baseline points="612,841 713,840 814,838 915,833 1016,830 1117,826 1218,821 1319,818 1420,812 1521,809 1622,801 1723,797 1824,794 1925,788 2026,783 2127,779 2228,772 2329,769 2430,765 2531,758"/>
                <TextEquiv>
                    <Unicode>andere Bezeichnungen für sie wählen? Statt Zweif-</Unicode>
                </TextEquiv>
            </TextLine>
            <TextLine id="tr_1_tl_4" custom="readingOrder {index:3;}">
                <Coords points="1088,916 1122,916 1134,904 1142,909 1188,904 1200,914 1225,894 1240,897 1245,853 1218,843 1205,831 1169,858 1134,833 1115,826 1095,828"/>
                <Baseline points="1104,895 1132,897 1160,894 1188,891 1216,887 1245,883"/>
                <TextEquiv>
                    <Unicode>e</Unicode>
                </TextEquiv>
            </TextLine>
            <TextLine id="tr_1_tl_5" custom="readingOrder {index:4;}">
                <Coords points="605,990 992,970 1176,1012 1348,960 1671,1007 1872,953 1999,997 2109,938 2519,943 2521,848 2372,823 2249,862 2007,823 1735,880 1563,853 1120,921 916,875 610,902"/>
                <Baseline points="618,973 713,972 809,965 904,962 1000,958 1095,952 1191,952 1286,950 1382,942 1477,937 1573,932 1668,928 1764,925 1859,922 1955,918 2050,912 2146,906 2241,901 2337,896 2432,889 2528,889"/>
                <TextEquiv>
                    <Unicode>ler würde iek regen: der Fragendeifenn der Zweif-</Unicode>
                </TextEquiv>
            </TextLine>
            <TextLine id="tr_1_tl_6" custom="readingOrder {index:5;}">
                <Coords points="605,1120 889,1098 1093,1142 1223,1095 1568,1110 1833,1066 2499,1088 2506,968 2183,953 1742,1022 1512,987 1279,1034 875,1002 608,1051"/>
                <Baseline points="618,1104 712,1101 807,1095 901,1092 996,1088 1091,1083 1185,1080 1280,1077 1374,1072 1469,1069 1564,1062 1658,1062 1753,1058 1847,1052 1942,1046 2037,1041 2131,1034 2226,1033 2320,1027 2415,1024 2510,1033"/>
                <TextEquiv>
                    <Unicode>ler ist keineswegs ungläubig,er weiss nur nicht,</Unicode>
                </TextEquiv>
            </TextLine>
            <TextLine id="tr_1_tl_7" custom="readingOrder {index:6;}">
                <Coords points="612,1237 865,1267 1379,1208 1921,1250 2117,1191 2484,1230 2577,1200 2582,1080 1705,1142 1311,1110 1198,1164 1127,1120 1009,1169 615,1188"/>
                <Baseline points="626,1233 729,1227 832,1224 935,1221 1038,1214 1141,1210 1244,1209 1347,1202 1450,1197 1553,1194 1657,1187 1760,1182 1863,1179 1966,1175 2069,1169 2172,1162 2275,1155 2378,1152 2481,1150 2585,1140"/>
                <TextEquiv>
                    <Unicode>was er glauben soll. Da jede Religion andere Glau-</Unicode>
                </TextEquiv>
            </TextLine>
            <TextLine id="tr_1_tl_8" custom="readingOrder {index:7;}">
                <Coords points="612,1409 796,1362 1005,1396 1556,1330 2024,1377 2183,1330 2354,1350 2504,1291 2509,1225 2261,1208 2114,1250 1967,1210 1867,1252 1039,1296 902,1252 708,1321 617,1303"/>
                <Baseline points="629,1355 723,1355 817,1351 911,1348 1005,1346 1099,1342 1193,1337 1287,1332 1381,1328 1475,1322 1569,1319 1663,1316 1757,1307 1851,1303 1945,1302 2039,1295 2133,1293 2227,1287 2321,1283 2415,1280 2510,1283"/>
                <TextEquiv>
                    <Unicode>benssatzungen hat, müssen sich alle äusser einer,</Unicode>
                </TextEquiv>
            </TextLine>
            <TextLine id="tr_1_tl_9" custom="readingOrder {index:8;}">
                <Coords points="620,1529 1715,1455 1825,1492 2102,1426 2543,1419 2548,1352 625,1419"/>
                <Baseline points="635,1486 730,1485 826,1481 922,1478 1018,1474 1114,1468 1209,1465 1305,1465 1401,1459 1497,1452 1593,1451 1688,1443 1784,1437 1880,1433 1976,1429 2072,1422 2167,1417 2263,1413 2359,1407 2455,1403 2551,1397"/>
                <TextEquiv>
                    <Unicode>wahrscheinlich sogar jede, in Ixx einem Irrtum be-</Unicode>
                </TextEquiv>
            </TextLine>
            <TextLine id="tr_1_tl_10" custom="readingOrder {index:9;}">
                <Coords points="627,1629 1803,1617 1882,1568 1987,1617 2553,1585 2558,1482 2499,1465 2095,1504 1965,1460 1583,1548 1321,1509 1046,1536 970,1485 779,1553 632,1531"/>
                <Baseline points="641,1618 736,1617 832,1611 928,1607 1024,1599 1120,1597 1216,1594 1311,1588 1407,1584 1503,1581 1599,1576 1695,1570 1791,1564 1887,1561 1982,1558 2078,1555 2174,1548 2270,1546 2366,1538 2462,1534 2558,1525"/>
                <TextEquiv>
                    <Unicode>finden.) Statt des Nanens der Gläubige, sollten wir</Unicode>
                </TextEquiv>
            </TextLine>
            <TextLine id="tr_1_tl_11" custom="readingOrder {index:10;}">
                <Coords points="632,1764 2533,1717 2538,1615 2352,1600 2100,1637 2038,1595 1918,1605 1818,1659 1472,1666 1392,1627 1254,1671 1144,1624 1058,1666 637,1681"/>
                <Baseline points="647,1749 741,1744 836,1740 931,1734 1026,1733 1121,1725 1215,1721 1310,1716 1405,1713 1500,1710 1595,1705 1689,1701 1784,1701 1879,1695 1974,1687 2069,1682 2163,1675 2258,1669 2353,1666 2448,1666 2543,1654"/>
                <TextEquiv>
                    <Unicode>lieber sugen: der Leichtgläubige: dies im aller-</Unicode>
                </TextEquiv>
            </TextLine>
            <TextLine id="tr_1_tl_12" custom="readingOrder {index:11;}">
                <Coords points="637,1891 816,1874 916,1928 1191,1855 1639,1845 1828,1891 1982,1820 2482,1847 2487,1742 2445,1722 2144,1764 1943,1722 1869,1764 919,1815 642,1793"/>
                <Baseline points="653,1872 744,1872 836,1869 928,1866 1020,1860 1112,1857 1204,1850 1295,1848 1387,1844 1479,1839 1571,1833 1663,1831 1755,1824 1847,1819 1938,1816 2030,1812 2122,1807 2214,1800 2306,1797 2398,1794 2490,1791"/>
                <TextEquiv>
                    <Unicode>besten Fall. Oder der Abergläubische, der Gedan-</Unicode>
                </TextEquiv>
            </TextLine>
            <TextLine id="tr_1_tl_13" custom="readingOrder {index:12;}">
                <Coords points="649,2043 1409,1975 2394,1999 2617,1889 2421,1840 2230,1887 1840,1909 1803,1877 1428,1926 654,1901"/>
                <Baseline points="662,2000 759,1999 857,1995 955,1994 1053,1988 1151,1984 1248,1976 1346,1971 1444,1967 1542,1964 1640,1960 1737,1954 1835,1949 1933,1941 2031,1934 2129,1931 2226,1928 2324,1927 2422,1923 2520,1920 2618,1913"/>
                <TextEquiv>
                    <Unicode>kenfaule, der Schwachsinnige oder der Schwindle-..</Unicode>
                </TextEquiv>
            </TextLine>
            <TextLine id="tr_1_tl_14" custom="readingOrder {index:13;}">
                <Coords points="649,2136 1164,2149 1401,2102 1654,2141 1781,2085 2381,2129 2406,2002 2097,1970 1985,2031 1774,2004 1600,2043 1465,1994 1384,2038 652,2046"/>
                <Baseline points="662,2134 749,2134 836,2131 923,2128 1010,2129 1098,2120 1185,2115 1272,2110 1359,2102 1446,2095 1534,2092 1621,2088 1708,2083 1795,2081 1882,2077 1970,2071 2057,2065 2144,2063 2231,2060 2318,2057 2406,2060"/>
                <TextEquiv>
                    <Unicode>Hochmütig ist der Gläubige in jedem Fall. Er</Unicode>
                </TextEquiv>
            </TextLine>
            <TextLine id="tr_1_tl_15" custom="readingOrder {index:14;}">
                <Coords points="662,2281 931,2301 1350,2239 1406,2274 1693,2222 1960,2249 2413,2183 2568,2210 2590,2085 2119,2154 1953,2127 1438,2180 1205,2144 943,2212 828,2158 664,2205"/>
                <Baseline points="674,2266 769,2265 865,2262 961,2255 1057,2246 1153,2239 1249,2233 1344,2230 1440,2227 1536,2221 1632,2215 1728,2213 1824,2206 1920,2203 2015,2197 2111,2193 2207,2188 2303,2186 2399,2181 2495,2176 2591,2167"/>
                <TextEquiv>
                    <Unicode>sieht mit verachtung, ja mit eider Neigung zu ver-</Unicode>
                </TextEquiv>
            </TextLine>
            <TextLine id="tr_1_tl_16" custom="readingOrder {index:15;}">
                <Coords points="662,2408 1610,2406 1700,2350 2014,2335 2109,2379 2244,2325 2455,2325 2457,2247 1656,2249 1453,2310 1223,2271 1012,2332 882,2281 772,2342 664,2325"/>
                <Baseline points="674,2382 763,2388 852,2382 941,2379 1031,2373 1120,2370 1209,2367 1299,2361 1388,2358 1477,2355 1567,2346 1656,2343 1745,2340 1834,2334 1924,2331 2013,2325 2102,2322 2192,2322 2281,2316 2370,2310 2460,2310"/>
                <TextEquiv>
                    <Unicode>dächtigen auf den sogenannten Zweitler herab.</Unicode>
                </TextEquiv>
            </TextLine>
            <TextEquiv>
                <Unicode></Unicode>
            </TextEquiv>
        </TextRegion>
    </Page>
</PcGts>
