3464 4120
2415 434 2566 648 §6
1349 543 2898 822 rika Adams empfehlen sich als Ge-
1362 734 1869 948 schwister."
1168 869 2329 1086 Amad : Du bist ein Narr!
1214 1046 2974 1263 Alb Nun ja, was willst du? Zu einem
1346 1217 2987 1477 Leitartikel gibt es doch keinen An-
1355 1382 1767 1550 lass...
1214 1510 2652 1754 Amad: Du, ich hab' eine Idee!
1221 1671 1724 1862 Alb: Nun?
1178 1803 2612 2069 Amad: Mach' ein Stück daraus!
1224 1981 1731 2185 Alb: Wie?
605 1994 1003 2234 Albert.J.H.
441 2158 3083 2402 mach sie kurzt darin Amad: Ja, ein Stück. Du nimmst uns als
1365 2349 2977 2540 handelnde Personen, gibst uns mög-
1332 2468 3079 2698 lichst durchsiehtige Decknamen, lässt
1395 2645 3086 2826 es auffuhren, und die ganze Welt er-
1339 2754 3040 3014 sieht daraus, wie die Sache in Wirk-
1395 2941 2119 3106 lichkeit steht.
1250 3093 3079 3290 Alb: Ich will ein Singspiel daraus ma¬
1418 3237 3017 3474 ehen, und du machst die Musik, das
1408 3372 2224 3580 wird noch bessxx.
1267 3547 3149 3833 Amad: Du, die Idee wäre gar nicht übel.
