3464 4120
2642 278 2829 422 173
1252 433 2918 627 Und trotzdem kommen Sie zu mir? Und
1309 605 2886 814 wollen, dass ich mich von Cäcilie
1316 744 2756 951 scheiden lasse?... Warum denn?
1182 933 2956 1111 Sigism: Es ist Ihre Verpflichtung!..
1325 1070 2899 1264 Es ist unsinnig - ja unmeralisch,
1350 1248 2865 1398 dass Sie unter einem Dach leben,
1319 1376 2929 1570 dass Sie vor der Welt als ihr Mann
1360 1524 2984 1720 gelten, ohne es zu sein. Sie haben
1387 1693 3073 1877 eine Geliebte - oder mehrere... das
1382 1830 2906 2051 ist bekannt. Sie haben nicht das
1387 2005 3039 2224 Recht, der Gatte Cäciliens zu blei¬
1403 2201 1613 2361 ben.
1275 2279 3114 2530 Amad: Cäcilie ist frei wie ich es bin.
1421 2464 3109 2690 Und uns beiden beliebt es, so zu le-
1437 2592 3139 2840 ben, wie wir es eben tun, und keiner
1430 2760 3089 2972 hat gegen die Lebensführung des An-
1458 2936 2555 3150 dern etwas einzuwenden.
1328 3064 3089 3290 Sigism: Aber sie steht einfach unter
1465 3233 3205 3440 Ihrem Bann4 Und es ist unedel von Ih-
1481 3342 3201 3593 nen, das auszunützen. Sie hofft noch
1455 3511 3182 3705 immer, dass Sie ihr zurückkehren war-
