3528 4200
2703 656 2931 819 196a
1130 862 2888 1095 Amadeus: Nichts mehr glauben?... Wie
1370 1057 3141 1232 meinst du das, Cäcilie? Denkst du, ich
1368 1175 3164 1370 hätte irgendwann.... willst du mir nun
1383 1325 3044 1553 etwas doch den Vorwurf machen, dass
1388 1485 3051 1686 ich irgend einmal nicht wahr zu dir
1400 1601 3139 1869 gewesen wäre?.... Oder hast du selbst
1140 1926 3021 2172 Cäcilie: Es ist kein Vorwurf, nicht für
1415 2077 3166 2295 dich und nicht für mich. Aber scheint
1438 2214 3051 2452 es dir nicht, Amadeus, dass wir am
1430 2362 3091 2585 weitesten von der Wahrheit entfernt
1440 2525 3106 2753 waren, als wir am aufrichtigsten zu
1448 2735 2134 2903 sein glaubten?
1180 2873 2465 3069 Amadeus:::fragender Blick:
1180 3031 3196 3199 Cäcilie: Erinnerst du dich der Stunde, in
1475 3154 3254 3364 der wir uns endgiltig miteinander aus-
2312 3272 2620 3384 in der
1473 3319 3241 3527 gesprochen haben? ### du mir deine
1483 3447 3299 3677 Neigung für Philine gestanden hast und
1495 3597 3166 3835 ich dir von Sigismund vorschwärmte?
