3400 4104
2651 309 2740 452 8
1107 481 3014 608 Herz zu säen. Eine Lüge zwischen mir und
1115 644 2912 813 Agathe ist vollkommen unmöglich. - Oh,
1079 836 2986 925 wir halten uns nicht für Menschen, denen
1076 994 2817 1115 nichts Menschliches passieren kann.
1033 1056 2960 1288 Mehr als das: wir waren - wir sind darauf
1120 1301 1702 1442 vorbereitet.
915 1429 1628 1626 Fried: :singt:
953 1534 3006 1754 Amad: Schweigen Sie!.... Wir sind seit sie-
1145 1751 2986 1887 ben Jahren, seit dem ersten Tag unserer
1153 1838 3001 2050 Ehe darauf vorbereitet. Kein Tag ist in
1158 2068 2970 2206 diesen sieben Jahren vergangen, an dem
1153 2165 2804 2362 wir nicht von dem Ende unserer Ehe
1120 2316 2929 2556 oder richtiger: von dem möglichen Ende
1176 2467 3078 2684 unserer Liebe gesprochen hätten. Ich bin
1196 2625 2965 2866 ein Künstler, sie ist eine Kunstlerin
1189 2766 2960 3006 ich bin jung, sie ist jung - in einem
1196 2942 2955 3162 solchen Fall kann allerlei passieren.
1196 3080 2986 3328 Aber das Wesentliche ist, wir sind Ka-
1214 3303 3065 3482 meraden, Freunde, und dieses Verhältnis
1227 3425 3070 3645 kann durch nichts - verstehen Sie mich?
1230 3599 2991 3781 durch nichts-k vernichtet werden, als
1278 3699 3050 3939 durch eine Lüge. Und weil wir das wis¬
