3243 4072
413 554 2816 726 Event. der Beginn: eine Ehe, die anfängt, brüchig zu
413 729 2868 848 werden. Koketterieen, Nervositäten. Sie beschliessen
465 836 2859 1035 einfach wahr zu werden, haben es sich zu Beginn der
416 989 2734 1160 Ehe geschworen. Aber wozu von einander gehen? Sie
459 1163 2740 1338 bleiben zusammen, jeder geht seinen Weg. Wozu lü-
413 1375 637 1479 gen?
419 1454 2676 1616 Beginn: er und der Freund. Soll ich ihr's sagen!
419 1678 2538 1815 Trotzdem wir’s uns geschworen, es ist schwer.
465 1815 1515 1935 Da kommt sie zu Hilfe.
429 1913 2492 2072 Gespräch. Schluss: jeder seinen eigenen Weg.
468 2076 1754 2226 Dann fangen sie an zu üben.
426 2278 2372 2421 Am Abend geht jeder zu seinem Rendezvoua.
