3432 4120
2857 353 2975 495 48
1433 521 3018 710 erträgliche Mühe das Lügens aufer-
1411 682 3096 856 legen... So aber hat sich nichts ge-
2140 792 2541 869 &c in me
1428 822 3081 983 andert, Cäcilie, nichts! Wir können
1431 1015 3035 1162 uns ins Aug' schauen, ehrlich, uns
1428 1127 3035 1302 gute Kameraden bleiben, wie wir es
1424 1308 3029 1452 gewesen sind... Nun also! du woll¬
1433 1446 3083 1620 test ja noch das Lied singen?  :Er
1435 1631 1966 1768 präludiert:
1297 1740 2954 1938 Cäc: :hat ihn ununterbrochen ruhig
1392 1945 3048 2074 betrachtet und ihm nachgesehen, wenn
1448 2076 3003 2246 er im Zimmer hin- und hergelaufen
1439 2248 1644 2392 ist:
1304 2379 2640 2558 Amad: Wann ist das Konzert?
1306 2543 2113 2706 Cac: Am 26.Juni.
1310 2668 2954 2850 Amad: Und dann sind die Ferien da.
1317 2829 3044 3007 Cäc: Ist es nicht eigentlich sonder-
1450 2969 3066 3156 bar, dass wir auch gar nicht davon
1467 3113 3033 3302 gesprochen haben wie sonst, wohin
1465 3289 2842 3470 wir aufs Land ziehen wollten?
1325 3433 2939 3625 Amad: Nun ja, wir wussten es eben
1459 3601 3072 3797 Beide - offenbar. Aber nun, da wir
