3432 4104
2670 350 2798 559 24
1033 521 2909 708 müssen die Ehrlichkeit und die Kraft ha-
1035 700 2688 866 ben, einander zu sagen: Es ist aus.
904 874 2929 1020 Alb: Und auseinander zu gehen. Ganz recht
1040 1028 2368 1199 Damit sagst du nichts Neues.
899 1171 2801 1365 Amad: Auseinander zu gehen.... wenn sie
1055 1297 2806 1496 eben nichts anderes verbunden hat als
1045 1499 2899 1620 das Bedürfnis, einander gelegentlich in
1093 1645 2844 1826 die Arme zu sinken. Wenn sie aber mit
1050 1808 2713 1960 tausend andern Fäden an einander ge-
1045 1924 2876 2141 knüpft sind und XXXX nur jener eine ge-
1055 2083 2771 2300 rissen ist, warum sollen sie sich da
1096 2259 2939 2448 trennen? - Wenn sie herzliche Sympathie
1058 2421 2889 2602 für einander - am Ende gar ein Kind ha-
1050 2592 2954 2753 ben, sollen sie einfach desshalb sich auf
1060 2703 2937 2902 swig, - ja in Antipathie, in Feindschaft
1043 2871 2844 3075 Lebewohl sagen, da sie keine Lust mehr
1083 3038 2962 3237 haben, zärtlich mit einander zu sein?...
1043 3181 2715 3368 Ich finde das kleinlich und gemein.
917 3355 2932 3506 Alb: Du vergisst nur eines: die Liebe zwi-
1055 3491 2957 3667 schen diesen Beiden ist ausgelöscht, aber
1045 3640 2944 3846 ihre Wünsche bleiben wach, nur gehen sie
