3496 4136
2581 388 2765 516 140
1406 588 1726 717 nicht.
1336 687 3027 870 Alb: Du bist mir für einen Komponi¬
1490 825 3070 1010 sten zu geistreich; ich werde auf
1474 985 3101 1181 hören, an deine Melodieen zu glau¬
1492 1156 2833 1307 ben. - Also wer ist es denn?
1357 1332 2463 1485 Amad: Fürst Sigismund.
1357 1458 3090 1625 Alb: Hm... Oho... Nun ja... Du bist
1512 1629 3018 1778 irrsinnig geworden - oder du be¬
1512 1796 3164 1929 mühst dich, einen Schluss zum gest-
1519 1945 3230 2076 rigen Stück zu finden. Dazu brauch
1526 2100 3180 2240 ich dich nicht; mir sind bes¬
1533 2272 2353 2396 sere eingefallen.
1393 2407 3155 2540 Amad: Besinne dich einen Moment. Wir
1551 2547 3160 2707 stehen im Leben - mitten im Lehen.
1406 2720 3203 2851 Alb: Nun, es ist zwar ein minder sau-
1560 2867 3227 3018 berer Aufenthalt, aber wenn es sein
1553 2995 3194 3180 muss... Also ich soll den Fürsten
1573 3198 2443 3351 Sigismund fordern.
1436 3327 3103 3473 Amad: Es kommt dir lächerlich vor?
1438 3478 3252 3640 Alb: Darauf käm' es nicht an. Es gibt
1596 3624 3259 3793 vielleicht Leute, denen du seit ei-
