3448 4168
609 2897 747 3064 P.S.
546 3004 845 3103 Votre très-hier ?
570 3079 761 3133 G.C.H.F.P.
639 3112 761 3159 G.C.F.P.
723 499 2992 723 Schluss etwa: Menschliche Beziehungen haben ihre
779 699 2986 905 Wunden wie Menschen, ihre Narben und Schmerzen.
720 827 3010 1036 Das muss man auf sich nehmen. Sie schleppen sieh
732 1045 3124 1189 weiter, sterben. Krankheiten, für die es keinen Na-
776 1174 3150 1353 men giebt. Mit den paar Worten, die wir haben, ist
747 1299 3145 1499 es nicht abgetan. Das Leben ist leicht für die, die
744 1505 1642 1663 es nicht verstehen.
