3480 4136
2413 352 2587 521 207
1224 560 2413 759 Albert, Cäcilie, Amadeus.
1233 655 3041 898 Alb: Er benimmt sich gut, da kann man
1375 826 2901 1045 nichts sagen. Es ist aber auch
1402 982 3048 1224 das Einzige. Und was dich anbelangt
1228 1149 3048 1391 Amad: Ich stehe dir natürlich zur Ver-
1422 1285 2912 1503 fügung, wenn du es durchaus wiin-
1438 1402 3156 1662 schest; aber es war in gutem Glauben
1309 1587 3063 1820 Alb: Hm... also so.... - Und nun ist
1431 1752 3102 1971 alles wieder gut?... Nun, Kinder,
646 1871 1366 2007 - ceux 1er de
1481 1874 3059 2115 einfach ist die Sache doch eigent-
463 2050 1278 2255 All. H. Kip was
1485 2136 2029 2287 lich nicht.
494 2188 1057 2373 da hin zurück
1361 2167 3165 2445 Amad: Das behauptet niemand. - Und du
718 2267 1178 2436 get was
336 2330 686 2465 dome h
1567 2357 3079 2607 wärst noch immer dafür, dass ich
352 2375 1167 2569 verlassen... Ich fand
393 2456 1316 2671 und trois bei diese Jüngläs.
1531 2549 2350 2750 mich tot schiesse?
298 2625 1230 2833 C. Sie Thale auf jetzt Ihr Tre¬
1413 2621 3201 2955 Alb: Es wäre künstlerisch befriedigen
400 2763 964 2923 zi & erzeihe....
1573 2824 3050 3052 der. Man wiisste doch wenigstens,
325 2824 1201 3036 All to get.. J.t. Ob. or pf.
1625 2982 3115 3201 dass sich diese Dinge nicht wie-
379 2998 707 3147 gelgan..
1598 3061 3244 3368 derholen werden. Indessen se... Ihr
379 3097 1273 3276 der Kiffe ist ausgewiesen...
409 3262 1237 3404 Tis twel vor ihr hain nur
1619 3370 2219 3506 seid jung...
411 3384 1212 3576 hat ihn gesagt: xxx
1483 3398 3188 3659 Amad: Nun ja, wir wollen ja weiter
420 3499 1187 3680 hr soweles - C-est an
1682 3540 3298 3770 für einander zittern; aber wir wol-
433 3619 1228 3799 zuweichen. – Ich glaub,
456 3745 1183 3915 im Jul. Ausschlakonie,
465 3826 1366 4009 up if he for geb komit.
