3432 4072
2758 456 2931 559 115
1369 643 2852 725 seltsam... Sage, spürst du denn
1366 782 3077 908 sehen eine Erkaltung in Hinsicht auf
1360 901 3080 1077 Sigismund?... Du entschuldigst, dass
1366 1063 2612 1223 ich so geradeheraus frage.
1232 1214 3061 1414 Cäc: Entschuldigen?... Braucht es das?
1230 1387 2943 1538 Amad: Es war so eine Phraso... Also
1366 1558 2293 1681 liebst du ihn noch!
1232 1713 2838 1827 Cäc: O ja. Er ist mir sehr teuer.
1234 1855 2943 1996 Amad: Nun, nun... Und trotzdem - 9
1250 2010 3009 2133 Cäc: Du weisst doch, Amadeus, wie un-
554 2042 1090 2183 Je. der ist ein
650 2140 1063 2277 S. R. S.
1337 2151 3011 2313 berührt ich bisher von allen diesen
1376 2327 3091 2446 Dingen war; wie von einem Panzer war
1382 2500 2963 2605 ich umschlossen... Nicht wahr, es
1401 2649 2991 2826 gab ja im Anfang unserer Karriere,
1394 2785 2913 2929 als wir uns erst verlobt hatten,
1417 2954 3109 3107 eine Zeit, in der wir uns monate lang
1412 3096 2988 3233 nicht sahen. Und wie umworben war
1417 3251 3116 3376 ich von allen Seiten! In Düsseldorf-
1430 3410 3043 3545 und in Köln... Und ich war ja ganz
