3512 4200
2579 489 2709 604 61
1104 624 3000 907 über die Sachen zu reden, ehe sie fertig
1116 798 2959 1014 sind... Nun ja, das wissen Sie doch. Er
1111 963 2844 1226 liebt auch nicht, dass man ihn darum
1132 1121 2939 1338 frägt. So hat man sich's denn allmälig
1142 1392 1626 1522 abgewöhnt.
1012 1435 2913 1664 Amad: Nun ja. Schliesslich es hat etwas
1172 1562 3028 1820 für sich, die Dinge erst zu Geischte zu
1134 1741 2618 1996 kriegen, wenn sie beendet sind.
1053 1873 2900 2141 Maria: Spielen Sie mir doch etwas vor.
1020 2034 3010 2299 Amad: Was soll ich Ihnen denn vorspielen?
1081 2238 2607 2467 Maria: Nun, aus der neuen Oper.
1093 2322 3066 2602 Amad: Aus der Oper, die ich jetzt mit Al-
1251 2470 3183 2768 bertus mache?... Wenn es Sie interessiert
1111 2671 3112 2946 Maria: Natürlich interessiert’s mich. Sie
1277 2788 3188 3076 wissen doch, wie ich für Ihre Kompositio-
1244 3069 1881 3273 nen schwärme.
1157 3109 3217 3418 Amad: Beschäftigen Sie sich denn auch noch
1313 3290 2929 3561 mit Musik? Bleibt Ihnen dazu Zeit?
1193 3512 2401 3736 Maria: Warum denn nicht?
1208 3525 3178 3877 Amad: Nun, ich denke, die Wohltätigkeits-
