<?xml version="1.0" encoding="UTF-8" standalone="yes"?>
<PcGts xmlns="http://schema.primaresearch.org/PAGE/gts/pagecontent/2013-07-15" xmlns:xsi="http://www.w3.org/2001/XMLSchema-instance" xsi:schemaLocation="http://schema.primaresearch.org/PAGE/gts/pagecontent/2013-07-15 http://schema.primaresearch.org/PAGE/gts/pagecontent/2013-07-15/pagecontent.xsd">
    <Metadata>
        <Creator>prov=READ-COOP:name=TrHtr:version=2.1.0:model_id=51170:date=29_07_2023_16:32</Creator>
        <Created>2023-05-10T13:04:43.673+02:00</Created>
        <LastChange>2023-07-29T16:32:09.506+02:00</LastChange>
        <TranskribusMetadata docId="1428560" pageId="55407829" pageNr="37" tsid="131449088" status="IN_PROGRESS" userId="64420" imgUrl="https://files.transkribus.eu/Get?id=FVFUHJYKOJCEIVMOLCSQEMRO&amp;fileType=view" xmlUrl="https://files.transkribus.eu/Get?id=WCQQFRWPTOWBKLSXTHKCESQO" imageId="44681975"/>
    </Metadata>
    <Page imageFilename="1428560_0037.jpg" imageWidth="3512" imageHeight="4248">
        <ReadingOrder>
            <OrderedGroup id="ro_1711794753112" caption="Regions reading order">
                <RegionRefIndexed index="0" regionRef="tr_1"/>
                <RegionRefIndexed index="1" regionRef="tr_2"/>
            </OrderedGroup>
        </ReadingOrder>
        <TextRegion id="tr_1" custom="readingOrder {index:0;}">
            <Coords points="767,484 3179,484 3179,1735 767,1735"/>
            <TextLine id="tr_1_tl_1" custom="readingOrder {index:0;}">
                <Coords points="2948,559 2978,559 2999,547 3030,565 3042,559 3048,565 3075,565 3078,444 3054,447 3030,419 3014,425 2990,419 2972,438 2951,432"/>
                <Baseline points="2964,540 2994,534 3038,534 3083,534"/>
                <TextEquiv>
                    <Unicode>98</Unicode>
                </TextEquiv>
            </TextLine>
            <TextLine id="tr_1_tl_2" custom="readingOrder {index:1;}">
                <Coords points="918,985 3002,884 3042,769 2881,726 1884,851 1525,751 924,881"/>
                <Baseline points="937,961 943,961 988,961 1032,961 1077,958 1122,952 1167,952 1212,949 1256,946 1301,943 1346,943 1391,940 1435,940 1480,937 1525,937 1570,934 1615,931 1659,925 1704,925 1749,919 1794,919 1838,916 1883,913 1928,910 1973,907 2018,907 2062,901 2107,898 2152,898 2197,895 2241,892 2286,889 2331,889 2376,886 2421,883 2465,877 2510,877 2555,874 2600,871 2644,868 2689,865 2734,862 2779,859 2824,856 2868,853 2913,853 2958,853 3003,859 3047,862"/>
                <TextEquiv>
                    <Unicode>ben Sie mir, es Ihnen Persönlich mitzuteilen,</Unicode>
                </TextEquiv>
            </TextLine>
            <TextLine id="tr_1_tl_3" custom="readingOrder {index:2;}">
                <Coords points="921,1124 3169,1067 3179,890 930,1006"/>
                <Baseline points="940,1116 985,1113 1029,1110 1074,1110 1119,1107 1164,1104 1209,1101 1253,1098 1298,1095 1343,1095 1388,1092 1432,1086 1477,1086 1522,1086 1567,1083 1612,1080 1656,1077 1701,1074 1746,1071 1791,1068 1835,1068 1880,1065 1925,1062 1970,1059 2015,1056 2059,1056 2104,1050 2149,1047 2194,1047 2238,1044 2283,1044 2328,1041 2373,1035 2418,1035 2462,1029 2507,1029 2552,1023 2597,1020 2641,1020 2686,1017 2731,1014 2776,1011 2821,1009 2865,1006 2910,1006 2955,1003 3000,1000 3044,997 3089,994 3134,991 3179,991"/>
                <TextEquiv>
                    <Unicode>dass ich vor einer halben Stunde Ihren Geliebten</Unicode>
                </TextEquiv>
            </TextLine>
            <TextLine id="tr_1_tl_4" custom="readingOrder {index:3;}">
                <Coords points="942,1291 1097,1264 1261,1291 1322,1252 1428,1285 1595,1249 1711,1279 1720,1121 1632,1100 1413,1146 1316,1121 1161,1173 951,1136"/>
                <Baseline points="961,1262 1006,1262 1050,1262 1095,1259 1140,1256 1185,1253 1229,1253 1274,1247 1319,1247 1364,1244 1409,1244 1453,1238 1498,1238 1543,1235 1588,1232 1632,1229 1677,1229 1722,1226"/>
                <TextEquiv>
                    <Unicode>erschossen habe."</Unicode>
                </TextEquiv>
            </TextLine>
            <TextLine id="tr_1_tl_5" custom="readingOrder {index:4;}">
                <Coords points="751,1440 912,1474 1064,1422 1197,1446 1559,1392 1647,1416 1653,1285 1528,1264 1395,1316 1307,1267 1164,1298 1097,1264 757,1322"/>
                <Baseline points="767,1429 803,1429 847,1426 892,1423 937,1423 982,1420 1026,1420 1071,1417 1116,1412 1161,1412 1206,1406 1250,1403 1295,1400 1340,1400 1385,1397 1429,1394 1474,1391 1519,1391 1564,1388 1609,1388 1653,1397"/>
                <TextEquiv>
                    <Unicode>Amad: Friederike!</Unicode>
                </TextEquiv>
            </TextLine>
            <TextLine id="tr_1_tl_6" custom="readingOrder {index:5;}">
                <Coords points="997,1574 1298,1623 1966,1522 2966,1516 3160,1492 3166,1383 2215,1340 1003,1459"/>
                <Baseline points="1014,1570 1017,1570 1062,1570 1107,1570 1152,1567 1197,1564 1241,1561 1286,1561 1331,1555 1376,1552 1420,1549 1465,1546 1510,1546 1555,1543 1600,1540 1644,1537 1689,1534 1734,1534 1779,1531 1823,1528 1868,1525 1913,1525 1958,1522 2003,1519 2047,1519 2092,1516 2137,1513 2182,1510 2226,1507 2271,1504 2316,1501 2361,1498 2406,1495 2450,1492 2495,1489 2540,1489 2585,1486 2629,1486 2674,1483 2719,1480 2764,1480 2809,1474 2853,1474 2898,1468 2943,1462 2988,1459 3033,1456 3077,1453 3122,1450 3167,1444"/>
                <TextEquiv>
                    <Unicode>Ja, es ist wirklich, wie ich dir sage. Ich er-</Unicode>
                </TextEquiv>
            </TextLine>
            <TextLine id="tr_1_tl_7" custom="readingOrder {index:6;}">
                <Coords points="766,1629 811,1641 887,1586 921,1595 918,1486 903,1486 857,1462 836,1477 820,1468 805,1477 760,1468"/>
                <Baseline points="779,1579 823,1579 868,1579 913,1585 928,1582"/>
                <TextEquiv>
                    <Unicode>Fr:</Unicode>
                </TextEquiv>
            </TextLine>
            <TextLine id="tr_1_tl_8" custom="readingOrder {index:7;}">
                <Coords points="963,1778 2094,1668 2565,1708 3039,1620 3045,1532 972,1611"/>
                <Baseline points="982,1722 991,1725 1035,1725 1080,1722 1125,1719 1170,1716 1214,1713 1259,1710 1304,1707 1349,1704 1394,1701 1438,1698 1483,1698 1528,1695 1573,1692 1618,1686 1662,1686 1707,1683 1752,1680 1797,1677 1841,1674 1886,1671 1931,1671 1976,1665 2021,1665 2065,1665 2110,1662 2155,1659 2200,1656 2244,1653 2289,1650 2334,1647 2379,1644 2424,1641 2468,1641 2513,1638 2558,1635 2603,1632 2647,1632 2692,1629 2737,1632 2782,1626 2827,1623 2871,1620 2916,1615 2961,1612 3006,1609 3050,1603"/>
                <TextEquiv>
                    <Unicode>innere mich, dasß ich aufgestanden bin, dass</Unicode>
                </TextEquiv>
            </TextLine>
        </TextRegion>
        <TextRegion id="tr_2" custom="readingOrder {index:1;}">
            <Coords points="850,1717 3319,1717 3319,3860 850,3860"/>
            <TextLine id="tr_2_tl_1" custom="readingOrder {index:0;}">
                <Coords points="966,1905 1911,1820 2367,1860 3030,1790 3036,1708 2744,1647 2531,1738 972,1778"/>
                <Baseline points="985,1877 1026,1874 1071,1871 1116,1868 1161,1865 1206,1862 1250,1859 1295,1856 1340,1853 1385,1850 1429,1847 1474,1844 1519,1844 1564,1841 1609,1838 1653,1835 1698,1835 1743,1832 1788,1826 1832,1823 1877,1820 1922,1820 1967,1818 2012,1815 2056,1812 2101,1809 2146,1806 2191,1806 2235,1803 2280,1803 2325,1800 2370,1797 2415,1794 2459,1791 2504,1788 2549,1785 2594,1782 2638,1779 2683,1779 2728,1779 2773,1776 2818,1773 2862,1770 2907,1767 2952,1767 2997,1767 3041,1767"/>
                <TextEquiv>
                    <Unicode>ihn angestarrt, dass ich aufgeschrieen habe,</Unicode>
                </TextEquiv>
            </TextLine>
            <TextLine id="tr_2_tl_2" custom="readingOrder {index:1;}">
                <Coords points="982,2060 3115,1930 3124,1814 2300,1905 991,1899"/>
                <Baseline points="997,2029 1020,2023 1065,2023 1110,2021 1155,2018 1200,2015 1244,2015 1289,2012 1334,2009 1379,2006 1423,2003 1468,1997 1513,1997 1558,1994 1603,1991 1647,1988 1692,1988 1737,1985 1782,1982 1826,1979 1871,1976 1916,1973 1961,1970 2006,1967 2050,1964 2095,1961 2140,1961 2185,1958 2229,1955 2274,1952 2319,1949 2364,1946 2409,1943 2453,1940 2498,1940 2543,1937 2588,1934 2632,1931 2677,1928 2722,1928 2767,1922 2812,1919 2856,1919 2901,1919 2946,1916 2991,1913 3035,1913 3080,1913 3125,1916"/>
                <TextEquiv>
                    <Unicode>und sehe noch sein lächelndes Gesicht vor mir,</Unicode>
                </TextEquiv>
            </TextLine>
            <TextLine id="tr_2_tl_3" custom="readingOrder {index:2;}">
                <Coords points="1082,2206 2543,2088 2920,2124 3151,2079 3157,1978 2404,2048 2009,1990 1747,2075 1562,2009 1088,2109"/>
                <Baseline points="1101,2170 1143,2170 1188,2167 1232,2167 1277,2161 1322,2161 1367,2158 1412,2155 1456,2155 1501,2152 1546,2149 1591,2143 1635,2143 1680,2137 1725,2137 1770,2134 1815,2134 1859,2131 1904,2128 1949,2125 1994,2122 2038,2119 2083,2116 2128,2113 2173,2113 2218,2110 2262,2107 2307,2104 2352,2101 2397,2098 2441,2095 2486,2092 2531,2089 2576,2086 2621,2086 2665,2083 2710,2080 2755,2077 2800,2077 2844,2071 2889,2071 2934,2065 2979,2062 3024,2059 3068,2056 3113,2056 3158,2053"/>
                <TextEquiv>
                    <Unicode>und dann bin ich hierhergerannt wie eine Ver-</Unicode>
                </TextEquiv>
            </TextLine>
            <TextLine id="tr_2_tl_4" custom="readingOrder {index:3;}">
                <Coords points="994,2367 2999,2270 3191,2227 3197,2133 1000,2218"/>
                <Baseline points="1009,2328 1050,2328 1095,2325 1140,2322 1185,2319 1229,2316 1274,2316 1319,2310 1364,2307 1409,2307 1453,2301 1498,2301 1543,2298 1588,2295 1632,2292 1677,2289 1722,2286 1767,2286 1812,2283 1856,2283 1901,2280 1946,2277 1991,2274 2035,2271 2080,2265 2125,2265 2170,2259 2215,2259 2259,2256 2304,2253 2349,2253 2394,2250 2438,2250 2483,2244 2528,2238 2573,2238 2618,2235 2662,2232 2707,2232 2752,2229 2797,2226 2841,2224 2886,2221 2931,2218 2976,2215 3021,2215 3065,2212 3110,2212 3155,2215 3200,2215"/>
                <TextEquiv>
                    <Unicode>rückte. Aber es liegen drei Stunden dazwischen,</Unicode>
                </TextEquiv>
            </TextLine>
            <TextLine id="tr_2_tl_5" custom="readingOrder {index:4;}">
                <Coords points="1003,2507 3185,2391 3191,2273 1009,2401"/>
                <Baseline points="1023,2477 1041,2477 1086,2474 1131,2474 1176,2468 1220,2465 1265,2462 1310,2459 1355,2456 1400,2456 1444,2453 1489,2450 1534,2447 1579,2444 1623,2441 1668,2441 1713,2438 1758,2432 1803,2432 1847,2429 1892,2427 1937,2424 1982,2424 2026,2421 2071,2421 2116,2415 2161,2412 2206,2409 2250,2409 2295,2406 2340,2406 2385,2403 2429,2400 2474,2397 2519,2394 2564,2391 2609,2388 2653,2385 2698,2382 2743,2379 2788,2376 2832,2373 2877,2370 2922,2367 2967,2364 3012,2361 3056,2361 3101,2358 3146,2355 3191,2343"/>
                <TextEquiv>
                    <Unicode>in denen ich ohnmächtig war. Ich bin nur herge-</Unicode>
                </TextEquiv>
            </TextLine>
            <TextLine id="tr_2_tl_6" custom="readingOrder {index:5;}">
                <Coords points="1009,2650 3175,2543 3182,2431 1018,2522"/>
                <Baseline points="1029,2627 1035,2627 1080,2624 1125,2624 1170,2621 1214,2618 1259,2618 1304,2618 1349,2615 1394,2612 1438,2609 1483,2606 1528,2603 1573,2600 1618,2597 1662,2594 1707,2591 1752,2588 1797,2588 1841,2585 1886,2582 1931,2579 1976,2576 2021,2573 2065,2570 2110,2567 2155,2564 2200,2558 2244,2558 2289,2558 2334,2555 2379,2555 2424,2552 2468,2552 2513,2549 2558,2546 2603,2543 2647,2537 2692,2537 2737,2534 2782,2528 2827,2525 2871,2522 2916,2519 2961,2519 3006,2516 3050,2513 3095,2510 3140,2507 3185,2504"/>
                <TextEquiv>
                    <Unicode>stürzt, dich noch einmal sehen - und du lebst!</Unicode>
                </TextEquiv>
            </TextLine>
            <TextLine id="tr_2_tl_7" custom="readingOrder {index:6;}">
                <Coords points="830,2832 3069,2717 3100,2632 2954,2546 2562,2641 839,2677"/>
                <Baseline points="850,2791 868,2788 913,2788 958,2788 1003,2785 1047,2782 1092,2782 1137,2782 1182,2776 1226,2770 1271,2767 1316,2764 1361,2761 1406,2758 1450,2758 1495,2755 1540,2752 1585,2749 1629,2746 1674,2746 1719,2740 1764,2740 1809,2737 1853,2734 1898,2734 1943,2731 1988,2731 2032,2725 2077,2719 2122,2716 2167,2713 2212,2710 2256,2707 2301,2707 2346,2704 2391,2704 2435,2701 2480,2698 2525,2692 2570,2689 2615,2689 2659,2686 2704,2683 2749,2683 2794,2677 2838,2677 2883,2671 2928,2671 2973,2668 3018,2668 3062,2671 3107,2674"/>
                <TextEquiv>
                    <Unicode>Amad: lacht laut auf: Es wäre zum Totlachen,</Unicode>
                </TextEquiv>
            </TextLine>
            <TextLine id="tr_2_tl_8" custom="readingOrder {index:7;}">
                <Coords points="1021,2957 2568,2899 3127,2823 3130,2756 3014,2695 1030,2808"/>
                <Baseline points="1041,2928 1074,2931 1119,2928 1164,2925 1209,2922 1253,2922 1298,2919 1343,2919 1388,2913 1432,2910 1477,2910 1522,2907 1567,2904 1612,2901 1656,2898 1701,2898 1746,2895 1791,2889 1835,2886 1880,2883 1925,2880 1970,2880 2015,2880 2059,2880 2104,2877 2149,2874 2194,2871 2238,2865 2283,2865 2328,2862 2373,2859 2418,2856 2462,2853 2507,2850 2552,2847 2597,2841 2641,2841 2686,2835 2731,2832 2776,2830 2821,2827 2865,2824 2910,2821 2955,2818 3000,2815 3044,2812 3089,2809 3134,2803"/>
                <TextEquiv>
                    <Unicode>Friederike, wahrhaftig, wenn nicht alle Wahr-</Unicode>
                </TextEquiv>
            </TextLine>
            <TextLine id="tr_2_tl_9" custom="readingOrder {index:8;}">
                <Coords points="1027,3109 3194,3021 3221,2884 1036,2945"/>
                <Baseline points="1044,3086 1074,3086 1119,3083 1164,3083 1209,3080 1253,3077 1298,3077 1343,3071 1388,3068 1432,3068 1477,3065 1522,3059 1567,3059 1612,3056 1656,3053 1701,3050 1746,3047 1791,3044 1835,3041 1880,3038 1925,3038 1970,3035 2015,3035 2059,3033 2104,3030 2149,3027 2194,3024 2238,3021 2283,3015 2328,3015 2373,3015 2418,3009 2462,3009 2507,3006 2552,3000 2597,2997 2641,2994 2686,2991 2731,2988 2776,2985 2821,2985 2865,2982 2910,2979 2955,2976 3000,2973 3044,2970 3089,2967 3134,2964 3179,2961 3224,2961"/>
                <TextEquiv>
                    <Unicode>scheinlichkeit dafür spräche, dass ein Anderer</Unicode>
                </TextEquiv>
            </TextLine>
            <TextLine id="tr_2_tl_10" custom="readingOrder {index:9;}">
                <Coords points="851,3291 1623,3215 1744,3273 1908,3258 1914,3166 1641,3078 1480,3133 1337,3112 1212,3148 1024,3109 857,3157"/>
                <Baseline points="871,3253 889,3250 934,3250 979,3250 1023,3250 1068,3247 1113,3241 1158,3238 1203,3238 1247,3236 1292,3233 1337,3230 1382,3224 1426,3221 1471,3218 1516,3218 1561,3215 1606,3209 1650,3212 1695,3209 1740,3209 1785,3206 1829,3200 1874,3200 1919,3200"/>
                <TextEquiv>
                    <Unicode>Fr: Ein Anderer - ja.</Unicode>
                </TextEquiv>
            </TextLine>
            <TextLine id="tr_2_tl_11" custom="readingOrder {index:10;}">
                <Coords points="866,3406 1070,3464 1216,3391 2905,3337 2935,3191 2388,3136 2088,3248 872,3303"/>
                <Baseline points="883,3409 922,3406 967,3406 1011,3403 1056,3403 1101,3397 1146,3397 1191,3394 1235,3394 1280,3394 1325,3385 1370,3382 1415,3379 1459,3376 1504,3373 1549,3370 1594,3367 1638,3364 1683,3361 1728,3358 1773,3358 1818,3355 1862,3352 1907,3349 1952,3349 1997,3346 2041,3343 2086,3337 2131,3334 2176,3331 2221,3328 2265,3325 2310,3322 2355,3319 2400,3319 2444,3316 2489,3310 2534,3307 2579,3304 2624,3304 2668,3304 2713,3301 2758,3298 2803,3295 2847,3295 2892,3298 2937,3289"/>
                <TextEquiv>
                    <Unicode>Albert: :tritt ein. Allgemeines Schweigen:</Unicode>
                </TextEquiv>
            </TextLine>
            <TextLine id="tr_2_tl_12" custom="readingOrder {index:11;}">
                <Coords points="866,3589 3115,3485 3306,3458 3315,3334 878,3416"/>
                <Baseline points="886,3561 898,3561 943,3561 988,3558 1032,3558 1077,3555 1122,3552 1167,3552 1212,3549 1256,3543 1301,3540 1346,3537 1391,3534 1435,3531 1480,3528 1525,3525 1570,3522 1615,3519 1659,3516 1704,3513 1749,3510 1794,3507 1838,3507 1883,3504 1928,3501 1973,3498 2018,3498 2062,3492 2107,3492 2152,3486 2197,3483 2241,3477 2286,3477 2331,3474 2376,3474 2421,3471 2465,3468 2510,3462 2555,3459 2600,3456 2644,3456 2689,3453 2734,3450 2779,3447 2824,3444 2868,3444 2913,3441 2958,3438 3003,3436 3047,3433 3092,3430 3137,3427 3182,3424 3227,3424 3271,3421 3316,3421"/>
                <TextEquiv>
                    <Unicode>Amad: Es scheint beinäh, als wüsste er mehr als du.</Unicode>
                </TextEquiv>
            </TextLine>
            <TextLine id="tr_2_tl_13" custom="readingOrder {index:12;}">
                <Coords points="875,3738 3306,3625 3315,3510 2467,3479 884,3628"/>
                <Baseline points="895,3713 901,3719 946,3716 991,3713 1035,3713 1080,3713 1125,3710 1170,3707 1214,3704 1259,3701 1304,3698 1349,3695 1394,3692 1438,3689 1483,3686 1528,3683 1573,3680 1618,3677 1662,3674 1707,3671 1752,3668 1797,3665 1841,3662 1886,3659 1931,3656 1976,3653 2021,3650 2065,3647 2110,3644 2155,3641 2200,3639 2244,3641 2289,3639 2334,3636 2379,3636 2424,3630 2468,3627 2513,3624 2558,3621 2603,3615 2647,3612 2692,3609 2737,3603 2782,3603 2827,3603 2871,3600 2916,3597 2961,3594 3006,3591 3050,3585 3095,3585 3140,3579 3185,3576 3230,3573 3274,3570 3319,3567"/>
                <TextEquiv>
                    <Unicode>Alb: Ich bitte um Entschuldigung, ich war nicht von</Unicode>
                </TextEquiv>
            </TextLine>
            <TextLine id="tr_2_tl_14" custom="readingOrder {index:13;}">
                <Coords points="1085,3877 1243,3887 1431,3847 1465,3871 1556,3847 1814,3874 1826,3686 1714,3726 1589,3689 1468,3698 1367,3744 1164,3710 1094,3735"/>
                <Baseline points="1104,3850 1110,3850 1155,3847 1200,3844 1244,3842 1289,3842 1334,3839 1379,3836 1423,3833 1468,3833 1513,3830 1558,3824 1603,3824 1647,3821 1692,3815 1737,3812 1782,3806 1826,3809"/>
                <TextEquiv>
                    <Unicode>bereitet, dass</Unicode>
                </TextEquiv>
            </TextLine>
        </TextRegion>
    </Page>
</PcGts>
