3384 4072
2656 304 2760 441 67
1286 439 3048 594 solehen Rolle bin ich nicht zu haben.
1196 597 2889 760 Maria: Eine Rolle?... Wer weiss...
1198 731 2925 922 Amad: Aber Kind! das glauben Sie ja
1297 903 2989 1069 selbst nicht. Wir wollen kein Rache-
1344 1050 2722 1224 werk vollenden... nicht wahr?
1203 1227 3097 1406 Maria: :weint: Herrgott, Sie ahnen ja
1349 1389 2922 1557 nicht, wozu schliesslich ein Weib
1337 1519 3092 1705 kommen kann, das immer und immer wie-
1354 1670 3092 1859 der zur Geliebten erniedrigt wird.
422 1809 965 1998 1130 A.o
1227 1833 3066 2050 Amad: Es gibt Manche, die das als eine
387 1927 1146 2087 trissage cent avec
283 2024 986 2189 schmöchst, gelernd
1361 2003 2286 2210 Erhöhung auffassen.
297 2116 944 2304 selubt werde...
1222 2154 3083 2330 Maria: Was soll ich nur tun? Sie an nen
1340 2335 3071 2514 ja nicht, zu welchen Ideen man manch-
1363 2496 3048 2675 mal kommt! Ich war schon daran, ihm
1375 2644 2948 2852 zu sagen: Was denkst du denn? was
1387 2736 3048 2951 bildest du dir denn ein? Meinst du,
1399 2944 3090 3109 weil du mich in deinen Armen hältst,
1411 3125 3019 3281 bin ich dein? - Nein, meine Träume
1363 3265 3085 3437 schweifen ins Weite... und es sollen
1408 3408 3095 3592 nicht immer Träume sein. Nein, wahr-
1361 3526 3158 3727 haftig! sie verden einmal wahr werden.
