3432 4072
2774 365 2941 522 113
1346 524 2985 702 ob dich das Glück so sehr verjüngt,
1330 684 2913 852 aber jedenfalls siehst du aus wie
1337 857 2051 1025 fünfundzwanzig.
1194 1002 3006 1145 Cäe: Aber es gibt noch andere Gründe.
1201 1150 3018 1377 Amad : Du bildest dir sin, dass du ihn
1346 1325 2400 1510 nicht genug liebst?...
1215 1454 3011 1660 Cäc: Das will ich nicht einmal sagen.
1349 1651 2269 1831 Aber unser Kind - -
1227 1805 2997 1971 Amad : Da würde sich ein Modus finden
1358 1920 3053 2128 lassen. Wenn du ernstlich willst...
1234 2100 3116 2259 Cäs: Und unsere Freundschaft.... Er wä-
1381 2236 2718 2451 re zu eifersüchtig auf dich.
1246 2381 3048 2594 Amad: Nun, das wäre doch einfach irr-
1351 2543 2894 2763 sinnig! Da sieht man, wie diesem
1402 2732 2845 2894 Jüngling iede Menschenkenntnis
1414 2849 3093 3062 fehlt. - Du hast ihm doch selbstver-
1438 3009 2980 3205 städlich... Er weiss doch natür-
1433 3161 3076 3369 lich, dass wir Geschwister sind?...
1438 3329 3016 3510 Er weiss doch, dass alles das gar
1405 3503 3032 3697 nicht möglich wäre, wenn wir nicht
