3400 4104
2740 425 2867 582 15
1072 582 1569 751 Amad: Ja.
1022 719 3018 880 Alb: Es quält ihn, dass nicht nur ihre Ju
1201 893 3073 1067 gend und Schönheit und ihre Liebe verge¬
1201 1072 3068 1201 hen wird, - - dass von alldem nichts üb¬
1261 1206 3041 1365 rig bleiben soll als eine blasse Erin¬
1261 1367 3016 1524 nerung. Durch diess Idee ist ihm auch
1275 1537 3120 1703 die Gegenwart verleidet. Er wird beinahe
1275 1686 3013 1830 trübsinnig. Da begibt es sich, dass
1236 1860 3016 2021 ein grosser Künstler an den Hof kommt.
1094 2051 1730 2188 Amad: Tenor?
1096 2153 2979 2337 Alb: Ein Bildhauer. Nun ja, er singt
1251 2312 3123 2504 Tenor - natürlich. Nein besser: er, der
1293 2476 3053 2648 König, besucht den Bildhauer. Und mit
1310 2616 3153 2795 Bewunderung und Entzücken.... Nein, ich
1266 2770 3073 2976 hab noch eine bessere Idee: der König
1323 2941 3123 3133 wandert in einer Halle umher, die voll
1290 3071 3217 3294 der herrlichsten Bildsäulein steht. Seine
1338 3255 3150 3431 Ahnen. Menschen, die vor Jahrhunderten
1308 3419 3110 3613 gestorben sind und von denen der Stein
1382 3533 3294 3662 unzerstörbar das Abbild ihrer Jugend und
