3544 4200
2585 358 2798 474 169
1413 523 3017 687 Amad: Ja. Der soll so schön sein.
1416 669 3064 836 Sigism: Schön wie ein Gott - dämo¬
1559 814 3073 993 nisch.... Wissen Sie nicht, dass
1577 986 3095 1149 sich seinetwegen eine Prinzessin
1570 1111 3129 1250 zum Fenster hinuntergestürzt hat?
1632 1225 2529 1346 der hat zu entzurecht.
1438 1275 3140 1483 Amad: Nun wer weiss, vielleicht hat
1586 1440 2672 1612 Cäcilie an ihn gedacht.
1447 1586 3070 1809 Sigism: Glauben Sie, dass ihr ein
1588 1760 3035 1950 solcher Mann gefährlich werden
1599 1925 1961 2109 könnte?
1458 2031 3207 2241 Amad: Was geht das mich an? Mir wird
1601 2187 3245 2386 sie es wol erzählen, aber draufkom-
1610 2337 3115 2558 men müssen Sie; denn ich bin der
1619 2502 3068 2697 Freund, und Sie... Sie sind....
1688 2616 2283 2739 sich wissen.
1480 2690 3276 2865 Sigism:.:zerstreut:  Nein, nein, das
1619 2824 3231 2990 kann ich nicht glauben! So ist sie
666 2833 1431 3059 Titkeme 1st Cette et Sine.
1626 3008 1930 3131 nicht!
1489 3122 3285 3312 Amad: Ja, warum war sie denn so trau-
1639 3272 3205 3484 rig an jenem Abend?... wenigstens
1637 3477 2113 3632 anfangs...
1509 3614 2599 3788 Sigism: Wieso anfangs?
