3496 4168
2823 391 3011 501 152
1353 526 3052 754 Alb: Nun, und wenn es der Fürst re-
1500 723 1904 892 füsiert?
1362 847 3180 1055 Amad: Du bist toll! Er ist ein Gentle-
1500 1091 1719 1193 man.
1380 1154 3189 1337 Alb: Aber er ist fromm; vielleicht ge-
1513 1317 2991 1502 hört er der Anti-Duell-Liga an.
1394 1461 3158 1631 Amad: So wird er eben austreten. Und
1486 1626 3137 1823 wenn nicht - ich würde ihn zu zwin-
1540 1812 2089 1954 gen wissen.
1416 1913 3122 2128 Alb: Du bist ein unharmonischer Ka¬
1563 2119 2139 2275 pellmeister.
1432 2243 2424 2417 Amad: Nun leb' wohl.
1434 2394 3153 2575 Alb: Sobald ich dir Neues berichten
1583 2543 3264 2717 kann, sprech’ ich wieder vor. Immer¬
370 2579 1290 2814 En weil die Fünge Nähllesten
1572 2686 3239 2889 hin geb' ich dir noch zu überlegen,
431 2742 1111 2909 als 21 Mänden.
1620 2866 3219 3020 - du hast so lange gewartet... ich
1595 3020 3122 3187 meine wenigstens in Hinsicht auf
1608 3192 3273 3366 die Auffassung der Leute... dass du
1610 3345 3101 3494 dir die Sache auch noch ganz in
1617 3499 3225 3684 Ruhe ein paar Tage überlegen könn-
1626 3691 1868 3829 test.
