3416 4088
1164 424 2920 704 ich sage Ihnen: korrepetieren Sie mit
1179 623 3048 830 jemandem andern. Erwidern Sie mir nicht,
324 710 973 1049 mist so grob. -
1166 768 3017 1006 dass ich als zweiter Kapellmeister ver-
1179 919 3004 1166 pflichtet bin, mit Ihnen zu korrepstie-
357 1072 965 1322 liche Einfleiten.
1172 1069 2997 1322 ren. Es ist mir vollkommen egal... ich
1172 1261 3117 1532 habe Besseres zu tun, als unmusikalischen
291 1312 498 1486 him.
1192 1396 3037 1636 Weibern, die sich einbilden, die Isolde
278 1544 636 1728 Herrn
1200 1567 3055 1815 singen zu können, die Grundbegriffe der
309 1723 868 1935 21 fol.    Soussuire
1197 1710 3050 1981 Stimmbildung beizubringen. Man wird mir
339 1904 738 2034 amose...
1212 1861 3068 2124 desswegen nicht kündigen, verlassen Sie
1225 2006 3017 2305 sich darauf. Der Direktor wird mir sa-
296 2090 794 2333 or p-s p-
1230 2213 3027 2461 gen: "Lieber Adam, Sie haben Recht, es
1248 2330 3104 2611 ist lächerlich, dass Sie sich mit einer
1238 2466 3160 2785 Dame abmühen, die nicht mehr Beziehungen
1251 2703 3063 2933 zur Musik hat als ein Eichhörnchen zur
1258 2818 3160 3101 Astronomie. Wenn sie das nächste Mal zu
1304 3020 3145 3252 Ihnen kommt, so schmeissen Sie sie zum
1233 3117 3089 3428 Fenster herunter - diese wahnwitzig ge-
1284 3316 2581 3540 wordene Iglauer Choristin.
1108 3507 2106 3693 Frid: Ich liebe Sie.
1115 3591 3178 3836 Amad: : spielt, scheint sich um Frid.nicht
1394 3642 1567 3737 Art.
