3528 4248
2864 310 2988 510 97
626 702 2892 877 Amad: Und sprach von mir?... sagte, dass ich-?
764 778 2960 1063 So rede doch! - Er weiss... er wird kommen...?
778 1009 1435 1195 Folgt er dir?
874 1170 3030 1316 Nein, nicht von dir sprach er. Offenbar nicht
648 1201 812 1356 Fr :
863 1305 2979 1500 von dir. Er sagte n채mlich... :Scht auf:
863 1395 3033 1677 es nicht doch ein Traum war...? - Nein, es war
865 1550 2847 1798 die Wirklichkeit - die volle Wirklichtkeit-
995 1779 1652 1973 Was sagte er?
679 1855 927 1990 Amad:
967 1855 3013 2083 Gedulde dich, Amadeus. Es ist so grauenhaft
727 2004 896 2199 Fr:
891 2001 3039 2247 und so l채cherlich zugleich... Ich lag auf dem
896 2224 3064 2399 Diwan und las; da trat er ein. Du weisst, dass
916 2373 3084 2559 es keine zwei Menschen auf der Welt giebt, die
913 2523 3129 2703 so fern von einander leben. Warum hat er es nur
910 2689 3072 2915 getan...? Es war ihm gewiss vollkommen gleich-
925 2805 3067 3053 giltig, er empfand gewiss nicht das Geringste
930 3084 1252 3196 dabei.
1046 3205 1728 3329 Was sagte er?
736 3253 1012 3388 Amad:
1006 3258 3146 3495 "Liebe Friedericke", sagte er und l채chelte da-
744 3335 941 3515 Fr:
961 3453 3143 3662 bei ganz verbindlich, ich w체nschte nicht, dass
958 3569 3160 3788 Sie es von jemand Andern erfahren, darum erlau-
