<?xml version="1.0" encoding="UTF-8" standalone="yes"?>
<PcGts xmlns="http://schema.primaresearch.org/PAGE/gts/pagecontent/2013-07-15" xmlns:xsi="http://www.w3.org/2001/XMLSchema-instance" xsi:schemaLocation="http://schema.primaresearch.org/PAGE/gts/pagecontent/2013-07-15 http://schema.primaresearch.org/PAGE/gts/pagecontent/2013-07-15/pagecontent.xsd">
    <Metadata>
        <Creator>prov=READ-COOP:name=TrHtr:version=2.1.0:model_id=51170:date=29_07_2023_16:32</Creator>
        <Created>2023-05-10T13:04:43.988+02:00</Created>
        <LastChange>2023-07-29T16:32:09.977+02:00</LastChange>
        <TranskribusMetadata docId="1428560" pageId="55407840" pageNr="39" tsid="131449090" status="IN_PROGRESS" userId="64420" imgUrl="https://files.transkribus.eu/Get?id=FZVYXQPMOYTELMKDMRDZKRWG&amp;fileType=view" xmlUrl="https://files.transkribus.eu/Get?id=VESQVIKGUKIRKSJSNAHKQANR" imageId="44681986"/>
    </Metadata>
    <Page imageFilename="1428560_0039.jpg" imageWidth="3528" imageHeight="4248">
        <ReadingOrder>
            <OrderedGroup id="ro_1711794754916" caption="Regions reading order">
                <RegionRefIndexed index="0" regionRef="tr_2"/>
                <RegionRefIndexed index="1" regionRef="tr_1"/>
            </OrderedGroup>
        </ReadingOrder>
        <TextRegion id="tr_2" custom="readingOrder {index:0;}">
            <Coords points="644,382 3107,382 3107,1729 644,1729"/>
            <TextLine id="tr_2_tl_1" custom="readingOrder {index:0;}">
                <Coords points="2719,466 2761,469 2779,454 2819,460 2843,439 2855,451 2873,439 2891,445 2894,354 2876,348 2831,369 2800,345 2788,351 2782,345 2758,366 2722,366"/>
                <Baseline points="2737,435 2782,435 2827,432 2871,432 2901,435"/>
                <TextEquiv>
                    <Unicode>100</Unicode>
                </TextEquiv>
            </TextLine>
            <TextLine id="tr_2_tl_2" custom="readingOrder {index:1;}">
                <Coords points="627,896 2688,781 2788,845 2858,833 2870,645 1738,745 1244,687 633,811"/>
                <Baseline points="644,880 674,880 719,877 764,877 809,874 853,874 898,868 943,865 988,862 1032,856 1077,856 1122,853 1167,853 1212,850 1256,847 1301,844 1346,841 1391,838 1435,838 1480,835 1525,832 1570,829 1615,826 1659,823 1704,820 1749,817 1794,814 1838,811 1883,809 1928,806 1973,803 2018,800 2062,797 2107,794 2152,794 2197,791 2241,788 2286,785 2331,782 2376,776 2421,773 2465,770 2510,767 2555,764 2600,761 2644,761 2689,758 2734,755 2779,749 2824,746 2868,743"/>
                <TextEquiv>
                    <Unicode>Amad: Was wirst du tun? Ich kann nicht mit dir</Unicode>
                </TextEquiv>
            </TextLine>
            <TextLine id="tr_2_tl_3" custom="readingOrder {index:2;}">
                <Coords points="836,1123 866,1132 902,1114 923,1123 957,1099 987,1105 1005,1123 1060,1090 1105,1108 1111,987 1035,948 975,963 939,945 914,963 887,957 842,978"/>
                <Baseline points="856,1023 889,1026 934,1023 979,1020 1023,1017 1068,1017 1113,1017"/>
                <TextEquiv>
                    <Unicode>fort.</Unicode>
                </TextEquiv>
            </TextLine>
            <TextLine id="tr_2_tl_4" custom="readingOrder {index:3;}">
                <Coords points="896,1181 3091,1099 3100,951 902,1087"/>
                <Baseline points="913,1179 952,1176 997,1176 1041,1173 1086,1170 1131,1167 1176,1164 1220,1164 1265,1158 1310,1158 1355,1155 1400,1149 1444,1146 1489,1143 1534,1140 1579,1137 1623,1131 1668,1131 1713,1128 1758,1125 1803,1119 1847,1116 1892,1116 1937,1113 1982,1110 2026,1107 2071,1104 2116,1101 2161,1098 2206,1092 2250,1092 2295,1086 2340,1083 2385,1080 2429,1080 2474,1077 2519,1074 2564,1071 2609,1065 2653,1065 2698,1062 2743,1059 2788,1056 2832,1053 2877,1050 2922,1047 2967,1044 3012,1038 3056,1035 3101,1035"/>
                <TextEquiv>
                    <Unicode>Sie werden mich wahrsche inlich für sehr herzlos</Unicode>
                </TextEquiv>
            </TextLine>
            <TextLine id="tr_2_tl_5" custom="readingOrder {index:4;}">
                <Coords points="660,1296 739,1299 781,1287 799,1272 827,1281 827,1117 805,1114 793,1123 781,1114 760,1114 739,1126 693,1108 675,1123 660,1123"/>
                <Baseline points="677,1191 722,1191 767,1191 811,1191 835,1191"/>
                <TextEquiv>
                    <Unicode>Fr :</Unicode>
                </TextEquiv>
            </TextLine>
            <TextLine id="tr_2_tl_6" custom="readingOrder {index:5;}">
                <Coords points="857,1350 2722,1238 2937,1211 2940,1150 1232,1281 866,1229"/>
                <Baseline points="874,1337 883,1337 928,1337 973,1334 1017,1331 1062,1325 1107,1322 1152,1319 1197,1316 1241,1313 1286,1310 1331,1307 1376,1307 1420,1301 1465,1298 1510,1295 1555,1289 1600,1286 1644,1283 1689,1280 1734,1277 1779,1274 1823,1271 1868,1268 1913,1265 1958,1262 2003,1259 2047,1256 2092,1253 2137,1253 2182,1247 2226,1244 2271,1241 2316,1238 2361,1241 2406,1235 2450,1229 2495,1226 2540,1223 2585,1220 2629,1217 2674,1214 2719,1212 2764,1209 2809,1209 2853,1203 2898,1200 2943,1197"/>
                <TextEquiv>
                    <Unicode>halten: aber ich versichere Sie, dass ich in</Unicode>
                </TextEquiv>
            </TextLine>
            <TextLine id="tr_2_tl_7" custom="readingOrder {index:6;}">
                <Coords points="872,1429 1060,1490 1432,1387 2949,1329 3046,1211 878,1347"/>
                <Baseline points="889,1417 898,1415 943,1412 988,1412 1032,1406 1077,1403 1122,1400 1167,1400 1212,1394 1256,1394 1301,1391 1346,1388 1391,1382 1435,1379 1480,1376 1525,1370 1570,1367 1615,1364 1659,1364 1704,1358 1749,1355 1794,1352 1838,1349 1883,1346 1928,1346 1973,1340 2018,1337 2062,1334 2107,1331 2152,1325 2197,1322 2241,1322 2286,1322 2331,1319 2376,1313 2421,1310 2465,1307 2510,1307 2555,1301 2600,1298 2644,1295 2689,1292 2734,1289 2779,1283 2824,1280 2868,1277 2913,1274 2958,1271 3003,1271 3047,1271"/>
                <TextEquiv>
                    <Unicode>diesem Augenblick so viel wie garnichts fühle.</Unicode>
                </TextEquiv>
            </TextLine>
            <TextLine id="tr_2_tl_8" custom="readingOrder {index:7;}">
                <Coords points="872,1574 2679,1496 3006,1453 3015,1362 878,1502"/>
                <Baseline points="889,1567 913,1567 958,1564 1003,1564 1047,1561 1092,1561 1137,1555 1182,1552 1226,1549 1271,1543 1316,1540 1361,1537 1406,1534 1450,1531 1495,1528 1540,1522 1585,1522 1629,1516 1674,1516 1719,1513 1764,1510 1809,1507 1853,1504 1898,1501 1943,1495 1988,1492 2032,1489 2077,1486 2122,1480 2167,1477 2212,1474 2256,1468 2301,1468 2346,1465 2391,1462 2435,1462 2480,1459 2525,1456 2570,1453 2615,1450 2659,1444 2704,1441 2749,1438 2794,1435 2838,1432 2883,1429 2928,1426 2973,1426 3018,1429"/>
                <TextEquiv>
                    <Unicode>Nein. Was ist für mich dieser Mensch, der von</Unicode>
                </TextEquiv>
            </TextLine>
            <TextLine id="tr_2_tl_9" custom="readingOrder {index:8;}">
                <Coords points="881,1744 2498,1608 2810,1653 3097,1614 3103,1511 890,1638"/>
                <Baseline points="901,1716 913,1719 958,1713 1003,1710 1047,1710 1092,1707 1137,1704 1182,1701 1226,1695 1271,1692 1316,1689 1361,1686 1406,1683 1450,1680 1495,1677 1540,1674 1585,1668 1629,1665 1674,1662 1719,1659 1764,1656 1809,1653 1853,1653 1898,1650 1943,1644 1988,1641 2032,1638 2077,1635 2122,1632 2167,1626 2212,1623 2256,1620 2301,1620 2346,1615 2391,1612 2435,1609 2480,1609 2525,1603 2570,1600 2615,1597 2659,1594 2704,1588 2749,1585 2794,1585 2838,1582 2883,1579 2928,1576 2973,1573 3018,1570 3062,1567 3107,1570"/>
                <TextEquiv>
                    <Unicode>meinem Mann erschossen wurde? - Er hat für mich</Unicode>
                </TextEquiv>
            </TextLine>
        </TextRegion>
        <TextRegion id="tr_1" custom="readingOrder {index:1;}">
            <Coords points="543,1669 3280,1669 3280,3863 543,3863"/>
            <TextLine id="tr_1_tl_1" custom="readingOrder {index:0;}">
                <Coords points="902,1889 2519,1816 3064,1741 3073,1623 908,1801"/>
                <Baseline points="919,1868 925,1868 970,1868 1014,1868 1059,1862 1104,1859 1149,1856 1194,1853 1238,1850 1283,1847 1328,1844 1373,1841 1417,1838 1462,1835 1507,1832 1552,1826 1597,1823 1641,1820 1686,1818 1731,1815 1776,1812 1820,1809 1865,1803 1910,1803 1955,1800 2000,1797 2044,1794 2089,1791 2134,1785 2179,1782 2224,1779 2268,1776 2313,1773 2358,1770 2403,1767 2447,1764 2492,1761 2537,1758 2582,1752 2627,1749 2671,1746 2716,1743 2761,1740 2806,1734 2850,1731 2895,1728 2940,1725 2985,1722 3030,1719 3074,1722"/>
                <TextEquiv>
                    <Unicode>sehen längst nicht mehr gelebt; er ist mir we-</Unicode>
                </TextEquiv>
            </TextLine>
            <TextLine id="tr_1_tl_2" custom="readingOrder {index:1;}">
                <Coords points="905,2047 2967,1929 3149,1886 3155,1777 914,1929"/>
                <Baseline points="922,2026 961,2023 1006,2021 1050,2018 1095,2015 1140,2012 1185,2009 1229,2003 1274,1997 1319,1994 1364,1994 1409,1991 1453,1988 1498,1985 1543,1982 1588,1979 1632,1976 1677,1970 1722,1967 1767,1964 1812,1961 1856,1958 1901,1955 1946,1952 1991,1946 2035,1943 2080,1940 2125,1937 2170,1934 2215,1934 2259,1931 2304,1925 2349,1922 2394,1919 2438,1916 2483,1913 2528,1910 2573,1907 2618,1904 2662,1898 2707,1898 2752,1895 2797,1892 2841,1886 2886,1883 2931,1880 2976,1877 3021,1874 3065,1871 3110,1868 3155,1862"/>
                <TextEquiv>
                    <Unicode>niger als irgend ein Anderer. Es giebt überhaupt</Unicode>
                </TextEquiv>
            </TextLine>
            <TextLine id="tr_1_tl_3" custom="readingOrder {index:2;}">
                <Coords points="917,2216 2498,2080 2655,2125 2961,2071 2970,1947 2053,2044 1850,1992 923,2128"/>
                <Baseline points="937,2182 958,2185 1003,2179 1047,2173 1092,2170 1137,2164 1182,2158 1226,2155 1271,2155 1316,2149 1361,2146 1406,2143 1450,2140 1495,2137 1540,2134 1585,2131 1629,2125 1674,2122 1719,2119 1764,2116 1809,2113 1853,2107 1898,2104 1943,2101 1988,2095 2032,2095 2077,2092 2122,2092 2167,2089 2212,2086 2256,2083 2301,2080 2346,2077 2391,2071 2435,2071 2480,2068 2525,2062 2570,2059 2615,2059 2659,2056 2704,2053 2749,2047 2794,2044 2838,2041 2883,2038 2928,2035 2973,2029"/>
                <TextEquiv>
                    <Unicode>gar kein menschliches Wesen, mit dem ich so</Unicode>
                </TextEquiv>
            </TextLine>
            <TextLine id="tr_1_tl_4" custom="readingOrder {index:3;}">
                <Coords points="932,2392 2325,2237 2646,2280 3124,2201 3133,2059 2885,2146 1123,2171 945,2240"/>
                <Baseline points="955,2325 985,2325 1029,2325 1074,2322 1119,2319 1164,2316 1209,2310 1253,2307 1298,2304 1343,2301 1388,2298 1432,2295 1477,2289 1522,2286 1567,2283 1612,2283 1656,2280 1701,2280 1746,2277 1791,2274 1835,2268 1880,2262 1925,2256 1970,2253 2015,2253 2059,2250 2104,2247 2149,2244 2194,2241 2238,2238 2283,2235 2328,2229 2373,2224 2418,2221 2462,2218 2507,2215 2552,2212 2597,2212 2641,2209 2686,2203 2731,2203 2776,2200 2821,2197 2865,2194 2910,2191 2955,2191 3000,2182 3044,2179 3089,2176 3134,2164"/>
                <TextEquiv>
                    <Unicode>vollkommen fertig gewesen bin als mit ihn. Ver-</Unicode>
                </TextEquiv>
            </TextLine>
            <TextLine id="tr_1_tl_5" custom="readingOrder {index:4;}">
                <Coords points="935,2504 1105,2531 1269,2464 1417,2461 1444,2489 1665,2440 1671,2358 1520,2371 1459,2416 1387,2364 1296,2398 1217,2377 1166,2410 1038,2389 993,2428 942,2425"/>
                <Baseline points="955,2480 961,2480 1006,2477 1050,2477 1095,2474 1140,2474 1185,2468 1229,2465 1274,2462 1319,2456 1364,2453 1409,2450 1453,2447 1498,2444 1543,2438 1588,2435 1632,2432 1677,2429"/>
                <TextEquiv>
                    <Unicode>stehen Sie das?</Unicode>
                </TextEquiv>
            </TextLine>
            <TextLine id="tr_1_tl_6" custom="readingOrder {index:5;}">
                <Coords points="760,2688 942,2710 1214,2637 1922,2610 2025,2579 2034,2470 1726,2537 1378,2552 1187,2498 1017,2567 772,2543"/>
                <Baseline points="779,2653 823,2653 868,2647 913,2644 958,2644 1003,2641 1047,2638 1092,2632 1137,2627 1182,2624 1226,2621 1271,2618 1316,2615 1361,2612 1406,2606 1450,2603 1495,2600 1540,2597 1585,2594 1629,2591 1674,2588 1719,2585 1764,2582 1809,2579 1853,2573 1898,2570 1943,2567 1988,2564 2032,2561"/>
                <TextEquiv>
                    <Unicode>Amad: schüttelt den Kopf:</Unicode>
                </TextEquiv>
            </TextLine>
            <TextLine id="tr_1_tl_7" custom="readingOrder {index:6;}">
                <Coords points="587,2634 609,2634 633,2625 636,2628 651,2625 657,2631 663,2625 690,2622 690,2561 648,2555 624,2534 612,2534 599,2522 584,2522"/>
                <Baseline points="603,2612 647,2615 692,2615 698,2615"/>
                <TextEquiv>
                    <Unicode>G.C.P.</Unicode>
                </TextEquiv>
            </TextLine>
            <TextLine id="tr_1_tl_8" custom="readingOrder {index:7;}">
                <Coords points="527,2664 548,2664 566,2646 578,2646 612,2658 624,2670 636,2661 651,2667 657,2661 678,2679 705,2679 702,2598 672,2601 663,2613 654,2607 648,2616 636,2610 627,2619 599,2622 524,2601"/>
                <Baseline points="543,2632 588,2638 632,2641 677,2638 710,2635"/>
                <TextEquiv>
                    <Unicode>G.C.F.P.</Unicode>
                </TextEquiv>
            </TextLine>
            <TextLine id="tr_1_tl_9" custom="readingOrder {index:8;}">
                <Coords points="817,2816 3130,2691 3176,2561 823,2716"/>
                <Baseline points="835,2803 847,2803 892,2800 937,2797 982,2794 1026,2794 1071,2791 1116,2785 1161,2779 1206,2776 1250,2773 1295,2770 1340,2767 1385,2761 1429,2758 1474,2755 1519,2752 1564,2749 1609,2746 1653,2740 1698,2737 1743,2737 1788,2734 1832,2734 1877,2731 1922,2728 1967,2725 2012,2719 2056,2716 2101,2710 2146,2704 2191,2704 2235,2701 2280,2695 2325,2692 2370,2689 2415,2683 2459,2683 2504,2677 2549,2671 2594,2671 2638,2668 2683,2662 2728,2659 2773,2656 2818,2653 2862,2650 2907,2647 2952,2644 2997,2644 3041,2638 3086,2638 3131,2638 3176,2638"/>
                <TextEquiv>
                    <Unicode>Alb: Ich verstehe Sie, gnädige Frau - vollkommen.</Unicode>
                </TextEquiv>
            </TextLine>
            <TextLine id="tr_1_tl_10" custom="readingOrder {index:9;}">
                <Coords points="960,2985 3112,2831 3143,2691 969,2876"/>
                <Baseline points="979,2943 994,2940 1038,2940 1083,2940 1128,2937 1173,2934 1217,2928 1262,2925 1307,2922 1352,2919 1397,2913 1441,2910 1486,2907 1531,2904 1576,2901 1620,2898 1665,2895 1710,2892 1755,2889 1800,2886 1844,2883 1889,2880 1934,2877 1979,2871 2023,2871 2068,2865 2113,2859 2158,2856 2203,2856 2247,2850 2292,2850 2337,2847 2382,2844 2427,2841 2471,2835 2516,2832 2561,2830 2606,2824 2650,2818 2695,2815 2740,2812 2785,2812 2830,2809 2874,2803 2919,2800 2964,2797 3009,2797 3053,2794 3098,2794 3143,2794"/>
                <TextEquiv>
                    <Unicode>Es ist mein Metier, solche Dinge zu verstehen.</Unicode>
                </TextEquiv>
            </TextLine>
            <TextLine id="tr_1_tl_11" custom="readingOrder {index:10;}">
                <Coords points="966,3155 2374,3000 3179,3003 3227,2834 975,3028"/>
                <Baseline points="985,3095 988,3095 1032,3095 1077,3095 1122,3092 1167,3089 1212,3086 1256,3080 1301,3077 1346,3074 1391,3068 1435,3068 1480,3062 1525,3062 1570,3056 1615,3056 1659,3053 1704,3053 1749,3050 1794,3041 1838,3038 1883,3035 1928,3033 1973,3030 2018,3027 2062,3021 2107,3018 2152,3015 2197,3012 2241,3006 2286,3003 2331,3000 2376,2997 2421,2994 2465,2991 2510,2988 2555,2985 2600,2979 2644,2979 2689,2973 2734,2970 2779,2967 2824,2964 2868,2958 2913,2958 2958,2952 3003,2949 3047,2943 3092,2943 3137,2940 3182,2937 3227,2940"/>
                <TextEquiv>
                    <Unicode>Es ist für Sie, als wenn ein Gespenst umgebracht</Unicode>
                </TextEquiv>
            </TextLine>
            <TextLine id="tr_1_tl_12" custom="readingOrder {index:11;}">
                <Coords points="993,3282 1281,3249 1371,3279 1529,3227 1635,3294 1720,3249 1729,3091 1647,3112 1508,3085 1402,3133 1314,3088 1265,3127 1002,3127"/>
                <Baseline points="1009,3250 1053,3250 1098,3247 1143,3244 1188,3241 1232,3238 1277,3236 1322,3233 1367,3227 1412,3224 1456,3221 1501,3221 1546,3221 1591,3221 1635,3215 1680,3215 1725,3209"/>
                <TextEquiv>
                    <Unicode>worden wäre.</Unicode>
                </TextEquiv>
            </TextLine>
            <TextLine id="tr_1_tl_13" custom="readingOrder {index:12;}">
                <Coords points="814,3442 2967,3315 3245,3270 3252,3191 2746,3158 2431,3252 2292,3191 2013,3285 1859,3212 823,3333"/>
                <Baseline points="835,3427 838,3427 883,3424 928,3421 973,3418 1017,3412 1062,3412 1107,3409 1152,3403 1197,3400 1241,3397 1286,3391 1331,3388 1376,3382 1420,3379 1465,3376 1510,3373 1555,3367 1600,3367 1644,3364 1689,3361 1734,3358 1779,3352 1823,3349 1868,3346 1913,3340 1958,3334 2003,3331 2047,3331 2092,3325 2137,3322 2182,3319 2226,3319 2271,3313 2316,3313 2361,3307 2406,3304 2450,3298 2495,3295 2540,3289 2585,3289 2629,3286 2674,3280 2719,3280 2764,3277 2809,3271 2853,3268 2898,3268 2943,3262 2988,3259 3033,3253 3077,3253 3122,3250 3167,3244 3212,3247 3256,3247"/>
                <TextEquiv>
                    <Unicode>Amad: Ja; aber für Andere war er ein Mensch, einer,</Unicode>
                </TextEquiv>
            </TextLine>
            <TextLine id="tr_1_tl_14" custom="readingOrder {index:13;}">
                <Coords points="1029,3606 3200,3430 3245,3303 2268,3333 2004,3433 1804,3357 1417,3479 1041,3442"/>
                <Baseline points="1050,3567 1053,3567 1098,3564 1143,3558 1188,3555 1232,3549 1277,3546 1322,3540 1367,3534 1412,3531 1456,3528 1501,3522 1546,3522 1591,3516 1635,3516 1680,3510 1725,3507 1770,3501 1815,3498 1859,3492 1904,3489 1949,3483 1994,3480 2038,3477 2083,3477 2128,3474 2173,3468 2218,3465 2262,3462 2307,3459 2352,3453 2397,3450 2441,3447 2486,3441 2531,3438 2576,3438 2621,3433 2665,3433 2710,3430 2755,3427 2800,3424 2844,3421 2889,3415 2934,3412 2979,3409 3024,3406 3068,3400 3113,3397 3158,3394 3203,3388 3247,3388"/>
                <TextEquiv>
                    <Unicode>der geliebt, einer der bewundert wurde, der auf</Unicode>
                </TextEquiv>
            </TextLine>
            <TextLine id="tr_1_tl_15" custom="readingOrder {index:14;}">
                <Coords points="1026,3715 2398,3675 3155,3588 3252,3470 2452,3460 1689,3618 1441,3569 1032,3648"/>
                <Baseline points="1047,3713 1059,3710 1104,3707 1149,3707 1194,3701 1238,3698 1283,3692 1328,3686 1373,3683 1417,3680 1462,3674 1507,3671 1552,3668 1597,3665 1641,3665 1686,3659 1731,3656 1776,3653 1820,3650 1865,3647 1910,3644 1955,3639 2000,3639 2044,3633 2089,3630 2134,3627 2179,3624 2224,3621 2268,3618 2313,3612 2358,3609 2403,3606 2447,3606 2492,3603 2537,3600 2582,3594 2627,3588 2671,3588 2716,3585 2761,3576 2806,3576 2850,3570 2895,3567 2940,3564 2985,3558 3030,3555 3074,3552 3119,3549 3164,3543 3209,3540 3253,3540"/>
                <TextEquiv>
                    <Unicode>der Welt noch was zu tun hatte, und der nun für</Unicode>
                </TextEquiv>
            </TextLine>
            <TextLine id="tr_1_tl_16" custom="readingOrder {index:15;}">
                <Coords points="1041,3881 3233,3745 3285,3545 1051,3775"/>
                <Baseline points="1062,3850 1086,3853 1131,3847 1176,3844 1220,3842 1265,3839 1310,3836 1355,3833 1400,3827 1444,3824 1489,3821 1534,3818 1579,3815 1623,3812 1668,3806 1713,3803 1758,3800 1803,3797 1847,3797 1892,3794 1937,3791 1982,3785 2026,3782 2071,3776 2116,3773 2161,3770 2206,3767 2250,3764 2295,3758 2340,3755 2385,3752 2429,3749 2474,3746 2519,3743 2564,3737 2609,3734 2653,3728 2698,3725 2743,3725 2788,3719 2832,3716 2877,3713 2922,3710 2967,3707 3012,3704 3056,3701 3101,3695 3146,3695 3191,3689 3236,3689 3280,3686"/>
                <TextEquiv>
                    <Unicode>etwas davon musste, woran schon alle Beteiligten</Unicode>
                </TextEquiv>
            </TextLine>
        </TextRegion>
    </Page>
</PcGts>
