3352 4088
2326 471 2507 592 194
1270 549 3026 840 Cäe: Aber wer sagt dir, dass ich dir
1423 807 1871 956 verzeihe?
1281 913 3120 1121 Amad: Du hast es ja getan! Du wusstest
1432 1057 2965 1244 dass du unschuldig warst und ich
1439 1226 2949 1405 schuldig, und wurdest die Meine.
2722 1276 3159 1414 ne me m ait
1308 1393 3054 1565 Cäc: Verzeihen nennst du das?... Ich
1441 1519 3010 1752 liebte dich.
1313 1679 3015 1876 Amad: Bedeutet das nicht das selbe?
478 1695 1290 1917 so seh - daß die zurückkehlen
1292 1837 3017 2040 Cäe! Nein! Begreif' es endlich ganz.
409 1912 1000 2102 ten sept. t. y
1430 2020 3100 2210 Was du heute Nacht erlebt hast, be¬
405 2079 1338 2304 nun erste Inbitle wacht.
1485 2185 2425 2368 deutet den Abschied.
1338 2306 2962 2521 Amad: Den bewussten Abschied?...
1356 2454 3109 2670 Cäe: Ja. - Die ganze Zeit über, seit
1521 2599 3193 2818 dem Herbst. Seit einem Jahr beinahe,
1517 2807 3154 2997 in den du dich von mir allmälig ab-
1512 2917 3184 3122 zuwenden begannst und unsere Freund-
1539 3054 3184 3292 schaftsgespräche immer verdächtiger
1626 3241 3074 3431 das gemeinsame Studieren immer
1597 3372 3138 3596 krampfhafter - unsere Aufrichtig-
1562 3520 3084 3763 keiten immer grausamer - seitdem
