3416 4088
2674 499 2850 668 144
1498 608 3117 769 plötzlich zu Verantwortung ziehst,
1504 771 3197 913 ist es einfach eine Tücke und du be¬
1489 962 3130 1052 nimmst dich nicht besser als einer
1506 1103 3107 1202 der jemanden in einen Wald hinein-
1491 1219 3023 1375 lockt und dann ihn überfällt. Er
486 1262 1300 1429 Ma 1me de Kehlj.
514 1369 1345 1575 in forder. so ist 9.
1491 1438 3055 1558 hätte ein Recht, dich zu fordern,
1500 1562 3152 1675 wenn er erfährt, was geschehen ist.
1363 1738 3079 1836 Amad: Gut! Ich will ihm alle Rechte
1498 1911 3062 1982 des Beleidigten einräumen - ohne¬
1825 1965 2449 2070 Je mai ci accresseur
1498 2040 3152 2164 weiters. Es handelt sich nur darum,
1506 2190 3089 2295 dass wir einander gegenüberstehen
1491 2310 3197 2436 Mann gegen Mann; denn ich hasse ihn!
1493 2505 3124 2605 Du ersiehst daraus, dass alle Dis¬
1504 2650 3162 2798 kussionen zu nichts führen. Ich er-
1521 2790 3109 2918 trage es nicht, dass es einen Men-
1504 2987 3177 3070 schen gibt, der mit dem Bewusstsein
1491 3124 2132 3246 herumgeht....
1356 3212 3079 3407 Alb: Höre, mein Lieber, das geht zu
1504 3428 3130 3529 weit! Ich dachte immer, es handelt
1500 3591 3089 3702 sich um ein Duell, und jetzt geht
