3464 4120
2666 358 2787 514 25
1091 533 3071 684 nach andern Richtungen. Daran vergisst du.
995 674 2970 867 Amad: Daran vergess’ ich nicht. Im Gegen-
1141 832 2903 1012 teil. Daran denk ich ganz besonders.
1148 978 2928 1197 Nichts hindert diese Beiden, ihre eige
1153 1128 3093 1341 nen Wege zu gehen. Und wenn sie wirkliche
1173 1279 3032 1491 Freunde sind, werden sie auch dann kein
1175 1420 3111 1642 Geheimnis vor einander haben. Auch in der
1178 1597 3079 1812 Ehe gibt es keinen Betrug, wenn es keine
1237 1733 3029 1968 Lüge gibt - und kein Lächerlichwerden,
1210 1911 3009 2121 wenn es keinen Betrug gibt. - Ja, mein
1202 2076 2970 2271 Lieber, ich will es dir gestehen: ich
1178 2252 2975 2451 fände sin solches Verhältnis bedeutend
637 2412 1780 2701 als man für xxx reinlicher.
1037 2503 3029 2787 Alb: Und du, Beater willst mir einreden,
1234 2728 2760 2940 dass du deiner Frau alles sagst?
452 2780 862 2948 gegenwärtig
1104 2809 3056 3086 Amad: Was hätt' ich.... Ja, alles - wie
472 2901 817 3064 Zwelst segt
1264 3039 3192 3209 sie mir. Wir haben kein Geheimnis vor ein
1266 3120 3103 3417 ander. Und wenn einmal irgend etwas ge-
1264 3298 3153 3550 schient, was nach deinen Begriffen irre-
1276 3486 3187 3738 parabel ist, so werd' ich's so wenig ver-
