3480 4120
2739 468 2857 576 75
1197 569 2350 792 Amad: Was für ein Page?
1215 769 2996 933 Fried: Der erste Page links vom Land-
1364 958 1711 1095 grafen.
1215 1023 3005 1257 Amad: Das ist Fräulein Heitmüller?...
1343 1195 2954 1412 Ich hab' sie nicht einmal bemerkt.
1215 1375 2882 1574 Fried: Und auch von der Loge herab
1366 1502 3026 1708 verschlingen sie dich. Insbesondere
1366 1667 3003 1866 die Koryphäe, Fräulein Isabelle We-
1375 1850 3072 2014 del, Zucke nicht die Achseln! es ist
1366 1998 3116 2169 nun einmal so. Seit sie dich für frei
354 2063 1148 2264 Une de la véritant
1368 2148 3014 2338 halten, kennen sie keine Zurückhal-
343 2220 1197 2435 vor Theil. mir ich
1331 2301 2970 2507 tung mehr, diese Kanaillen! Es ist,
363 2334 1185 2535 Kuholea Koun..
1377 2468 2903 2632 wie wenn sie nur darauf gewartet
1387 2646 1732 2778 hätten.
1243 2709 3091 2891 Amad: Ich bin auch frei. Verstehst
1259 2889 2963 3014 Fried: Nein - da irrst du dich aber
1347 3021 3005 3148 sehr. Mir gehörst du! Und ich lasse
1391 3172 3088 3327 dich nicht! - Was sind das für Brie-
1354 3371 1533 3484 fo?
1264 3382 3130 3681 Amad: Oha! ich verbiete mir das! Du ver¬
1424 3621 3100 3838 stösst gegen unsere erste Bedingung.
