3496 4136
2704 392 2887 524 143
1407 510 3012 696 Recht, darum will ich auch nie hö¬
453 571 1283 734 - dann soll man
340 707 1473 909 Mit nicht ausi kümmern.
1414 737 2792 848 ren, was sie über mich sagen.
1276 873 2955 1031 Amad: Also du siehst ein, dass ich
1416 1040 2287 1188 nicht anders kann?
1280 1174 3035 1337 Alb: Ich sehe ein, dass du nicht an¬
1428 1328 3100 1450 ders kannst..? I. Im Gegenteil. Ich
1444 1482 3112 1634 finde, dass du vollkommen unlogisch
1444 1643 3121 1768 vorgehst, dass du nicht das entfern¬
1455 1797 3159 1929 teste Recht hast, den Liebhaber dei¬
1444 1972 2069 2105 ner Frau.
1314 2096 3087 2250 Amad: stampft unwillkürlich mit dem
1457 2303 1745 2463 Fusse:
1321 2411 3146 2586 Alb: So nennen wir ihn denn Sigismund.
1487 2581 3037 2704 - zur Rechenschaft zu ziehen. Ihr
1462 2726 3121 2867 habt einander ausdrücklich vollkom-
1469 2887 3114 3003 mene Freiheit gewährt - es ist all-
1480 3050 3048 3173 gemein bekannt - Sigismund musste
1478 3189 3066 3399 glauben, dass er keinerlei Rechte
1491 3345 3073 3485 verletzt - er weiss auch, dass du
1489 3513 3105 3642 seit längerer Zeit in Kenntnis der
1496 3665 3155 3853 Sachelage bist... wenn du ihn heute
