3448 4056
2721 415 2854 600 76
1368 545 2843 748 Das sind meine Angelegenheiten.
1225 722 3078 898 Fried: Das ist ja ein Brief von deiner
1375 881 1659 1068 Frau.
1235 1025 3062 1193 Amad : Du wirst doch nichts dagegen ha-
1378 1188 2811 1387 ben, dass wir korrespondieren?
1246 1348 3039 1530 Fried: Was habt ihr euch denn so viel
1373 1516 3055 1684 zu sagen? Es müssen ja wahre liebes-
1380 1652 3023 1844 briefe sein, die ihr euch schreibt!
1382 1800 2951 1961 Glaubst du, ich weiss nicht, dass
1378 1996 3011 2137 sie dir auch im Sommer geschrieben
1384 2139 2954 2289 hat. Du hast dir die Briefe immer
1389 2280 2545 2464 von der Post abgeholt.
1246 2469 3004 2605 Amad: Ich hab’ dir’s nicht verschwie-
1350 2621 2958 2781 gen - im übrigen bin ich dir keine
1408 2721 3085 2933 Verantwortung schuldig. Begreife das
1405 2903 3037 3085 doch endlich! Wir sind Geschwister.
1265 3071 3011 3237 Fried: So lass' deine Schwester nach
1387 3221 2084 3392 Dresden gehen.
1265 3350 3002 3549 Amad: Das hängt aussehliesslich von
1403 3498 3101 3706 ihr ab. Wenn sie findet, dass sie
