3336 4184
2534 387 2988 607 16/1. 905.
580 690 1957 908 Das Ganze leichter zu nehmen.
574 871 2239 1028 Heiter, flüssig, nicht ohne Wehmut.
583 1058 2991 1160 Die Sängerin soll keine Isolde singen, sondern lie-
586 1190 2988 1371 ber Philine, auch noch in zweiten Partisen beschäf-
595 1344 1083 1500 tigt sein.
586 1482 2905 1663 Die Duellgeschichte etwa folgendermaassen: Fried.
592 1641 2923 1788 kommt zu Amad. in der Meinung, ihr Gatte habe sich
629 1788 2960 1957 mit ihm geschlagen, ohne Folgen. Erst im Lauf des
595 1972 3012 2117 Gesprächs errät sie, dass es der Maler gewesen sein
595 2101 2531 2255 muss, und sie läuft nun zu dem Malern
564 2236 2972 2454 buch Maria muss ganz anders werden, einfacher. Sie
653 2405 3052 2546 verliebt sich immer in die Figuren ihres Mannes, so
604 2534 2893 2721 dass er ihr sagt: Ich dichte nie wieder so einen
595 2687 1933 2868 Menschen. Kein Fichtenstein.
595 2883 2902 3015 Albert kennt schon die Theorieen des Amadeus, so
604 3028 3068 3160 dass sie ihm der im I.Akt nicht wie etwas Neues vor¬
620 3190 1215 3387 tragen mss.
