3464 4136
2844 340 2974 486 21
1140 478 2922 722 zu werden; man muss nicht in den unge-
1205 642 2922 857 schicktesten Stunden seine Arbeit un-
1153 810 2878 1052 terbrechen; man muss nicht in seinen
1218 969 2979 1200 freien Stunden tiefsinnig, geistreich.
1221 1107 2935 1335 dämonisch und immer auf dem qui vive
1221 1273 3062 1486 sein; und man löscht seinen Durst immer
1281 1494 2377 1660 an einer reinen Quelle.
1005 1556 3096 1792 Amad: Nun ja,- ich merke schon lang, dass du
1200 1722 3086 1953 sehr glücklich bist. Aber stört dich das
1239 1868 3057 2122 nie, dass du dich gerade über das, was
1169 2036 3065 2286 dich am tiefsten beschäftigt, mit deiner
1234 2218 2660 2423 Frau nicht aussprechen kannst?
1083 2372 3112 2574 Alb: Fehlen?... Ich bin glücklich darüber.
1229 2486 3187 2717 Es stört mich, wenn ich mit andern Leuten
1236 2670 2917 2873 über meine Arbeit sprechen muss; es
1252 2823 3005 3083 strengt mich an. Ich will meine ganze
1205 2964 3099 3244 Kraft für die Arbeit selbst übrig haben.
1127 3125 2883 3366 Amad: Wenn sie dich einmal fragt -?
1133 3330 3135 3546 Alb: Aber sie fragt mich nicht. Du kennst
1299 3444 3190 3688 ja Marie. Wenn ich fertig bin, bewundert
1255 3569 3273 3818 sie mich; das genügt uns beiden vollkommen.
