<?xml version="1.0" encoding="UTF-8" standalone="yes"?>
<PcGts xmlns="http://schema.primaresearch.org/PAGE/gts/pagecontent/2013-07-15" xmlns:xsi="http://www.w3.org/2001/XMLSchema-instance" xsi:schemaLocation="http://schema.primaresearch.org/PAGE/gts/pagecontent/2013-07-15 http://schema.primaresearch.org/PAGE/gts/pagecontent/2013-07-15/pagecontent.xsd">
    <Metadata>
        <Creator>prov=READ-COOP:name=TrHtr:version=2.1.0:model_id=51170:date=29_07_2023_16:32</Creator>
        <Created>2023-05-10T13:04:57.825+02:00</Created>
        <LastChange>2023-07-29T16:32:26.134+02:00</LastChange>
        <TranskribusMetadata docId="1428560" pageId="55408185" pageNr="97" tsid="131449151" status="IN_PROGRESS" userId="64420" imgUrl="https://files.transkribus.eu/Get?id=VZUPZKBWDUOFHOPHEOULYWDH&amp;fileType=view" xmlUrl="https://files.transkribus.eu/Get?id=XRSLMGFSWIYHLIEYNZXQZTTU" imageId="44682331"/>
    </Metadata>
    <Page imageFilename="1428560_0097.jpg" imageWidth="3416" imageHeight="4104">
        <ReadingOrder>
            <OrderedGroup id="ro_1711794807861" caption="Regions reading order">
                <RegionRefIndexed index="0" regionRef="tr_1"/>
                <RegionRefIndexed index="1" regionRef="tr_2"/>
            </OrderedGroup>
        </ReadingOrder>
        <TextRegion id="tr_1" custom="readingOrder {index:0;}">
            <Coords points="1372,558 3113,558 3113,2194 1372,2194"/>
            <TextLine id="tr_1_tl_1" custom="readingOrder {index:0;}">
                <Coords points="2612,644 2685,631 2718,649 2741,631 2803,622 2860,640 2887,626 2940,651 2977,631 3011,640 3013,545 2792,560 2763,536 2712,531 2617,567"/>
                <Baseline points="2626,620 2656,620 2701,620 2745,620 2790,614 2835,614 2880,614 2925,614 2969,611 3014,608"/>
                <TextEquiv>
                    <Unicode>ch hast</Unicode>
                </TextEquiv>
            </TextLine>
            <TextLine id="tr_1_tl_2" custom="readingOrder {index:1;}">
                <Coords points="1359,669 1612,655 1691,695 1955,642 2052,666 2194,640 2196,545 2130,525 1879,576 1833,542 1711,542 1501,600 1361,567"/>
                <Baseline points="1372,647 1393,650 1438,650 1483,647 1528,644 1572,647 1617,647 1662,650 1707,644 1752,641 1796,641 1841,641 1886,641 1931,641 1975,641 2020,635 2065,635 2110,629 2154,629 2199,629"/>
                <TextEquiv>
                    <Unicode>Amad: /: sehr mild:</Unicode>
                </TextEquiv>
            </TextLine>
            <TextLine id="tr_1_tl_3" custom="readingOrder {index:2;}">
                <Coords points="2674,830 2685,830 2707,848 2718,841 2734,850 2758,843 2772,855 2783,843 2818,841 2823,680 2805,677 2738,704 2712,702 2676,713"/>
                <Baseline points="2686,773 2731,773 2775,773 2820,770 2826,773"/>
                <TextEquiv>
                    <Unicode>t d</Unicode>
                </TextEquiv>
            </TextLine>
            <TextLine id="tr_1_tl_4" custom="readingOrder {index:3;}">
                <Coords points="1519,863 1592,824 1778,861 1879,815 2586,817 2590,657 2384,728 2313,691 2167,735 2110,695 1857,684 1740,742 1521,733"/>
                <Baseline points="1531,802 1563,799 1608,799 1653,799 1698,799 1743,799 1787,796 1832,793 1877,793 1922,793 1966,793 2011,790 2056,787 2101,787 2146,787 2190,787 2235,787 2280,784 2325,781 2369,781 2414,781 2459,779 2504,779 2548,776 2593,776"/>
                <TextEquiv>
                    <Unicode>das getan; aber nun sich</Unicode>
                </TextEquiv>
            </TextLine>
            <TextLine id="tr_1_tl_5" custom="readingOrder {index:4;}">
                <Coords points="1565,976 1953,959 2165,1012 2716,936 2955,978 3059,954 3064,826 2338,881 2134,819 1871,881 1570,824"/>
                <Baseline points="1578,949 1590,949 1635,952 1680,949 1725,952 1769,949 1814,946 1859,943 1904,943 1949,940 1993,940 2038,940 2083,937 2128,937 2172,937 2217,934 2262,934 2307,931 2351,931 2396,934 2441,934 2486,931 2531,928 2575,928 2620,928 2665,922 2710,922 2754,922 2799,925 2844,925 2889,925 2933,922 2978,919 3023,916 3068,913"/>
                <TextEquiv>
                    <Unicode>Dass ich mit meiner Bemerkung neu.</Unicode>
                </TextEquiv>
            </TextLine>
            <TextLine id="tr_1_tl_6" custom="readingOrder {index:5;}">
                <Coords points="1516,1131 1598,1149 1682,1111 1875,1156 2012,1096 2645,1098 2683,1085 2685,978 2448,956 2318,1016 2081,990 2023,1036 1806,990 1605,1054 1519,1040"/>
                <Baseline points="1528,1107 1569,1107 1614,1104 1659,1104 1704,1104 1749,1101 1793,1098 1838,1098 1883,1095 1928,1095 1972,1095 2017,1092 2062,1089 2107,1089 2151,1086 2196,1086 2241,1086 2286,1086 2331,1086 2375,1083 2420,1080 2465,1080 2510,1080 2554,1077 2599,1077 2644,1077 2689,1074"/>
                <TextEquiv>
                    <Unicode>lich nicht Unrecht hatte.</Unicode>
                </TextEquiv>
            </TextLine>
            <TextLine id="tr_1_tl_7" custom="readingOrder {index:6;}">
                <Coords points="1379,1295 1426,1308 1625,1255 1917,1291 2088,1249 2265,1262 2267,1136 2032,1140 1899,1176 1780,1147 1640,1204 1541,1176 1381,1189"/>
                <Baseline points="1393,1262 1417,1259 1462,1259 1507,1259 1552,1259 1596,1259 1641,1256 1686,1253 1731,1250 1775,1250 1820,1250 1865,1247 1910,1247 1954,1247 1999,1247 2044,1247 2089,1244 2134,1241 2178,1238 2223,1238 2268,1238"/>
                <TextEquiv>
                    <Unicode>Cäc: XXXXX Welche?</Unicode>
                </TextEquiv>
            </TextLine>
            <TextLine id="tr_1_tl_8" custom="readingOrder {index:7;}">
                <Coords points="1364,1435 2006,1479 2258,1468 2318,1417 3077,1426 3113,1315 1366,1333"/>
                <Baseline points="1375,1417 1411,1414 1456,1414 1501,1414 1546,1411 1590,1411 1635,1414 1680,1414 1725,1414 1769,1411 1814,1408 1859,1408 1904,1408 1949,1408 1993,1405 2038,1405 2083,1405 2128,1402 2172,1402 2217,1399 2262,1399 2307,1396 2351,1396 2396,1396 2441,1396 2486,1396 2531,1396 2575,1393 2620,1393 2665,1393 2710,1393 2754,1390 2799,1390 2844,1390 2889,1387 2933,1384 2978,1381 3023,1381 3068,1378 3113,1378"/>
                <TextEquiv>
                    <Unicode>Amad: Dass in deinen Empfindungen zu</Unicode>
                </TextEquiv>
            </TextLine>
            <TextLine id="tr_1_tl_9" custom="readingOrder {index:8;}">
                <Coords points="1499,1572 1616,1625 1873,1565 2825,1589 3024,1572 3028,1457 2893,1490 2375,1446 2258,1496 2092,1443 1899,1503 1767,1461 1501,1516"/>
                <Baseline points="1510,1566 1555,1566 1599,1569 1644,1566 1689,1566 1734,1563 1778,1563 1823,1561 1868,1561 1913,1561 1957,1561 2002,1561 2047,1558 2092,1558 2137,1555 2181,1555 2226,1555 2271,1555 2316,1555 2360,1552 2405,1552 2450,1552 2495,1549 2540,1546 2584,1546 2629,1546 2674,1543 2719,1540 2763,1540 2808,1540 2853,1537 2898,1537 2942,1534 2987,1531 3032,1528"/>
                <TextEquiv>
                    <Unicode>mir jeder Hauch von Zärtlichkeit</Unicode>
                </TextEquiv>
            </TextLine>
            <TextLine id="tr_1_tl_10" custom="readingOrder {index:9;}">
                <Coords points="1512,1758 1585,1753 1649,1789 1753,1756 1860,1760 1919,1725 2039,1758 2094,1736 2196,1756 2231,1731 2313,1756 2316,1649 2229,1629 2161,1658 2076,1636 1813,1660 1722,1609 1667,1632 1552,1598 1514,1612"/>
                <Baseline points="1525,1722 1558,1722 1602,1722 1647,1719 1692,1719 1737,1716 1781,1716 1826,1716 1871,1716 1916,1713 1960,1713 2005,1710 2050,1710 2095,1710 2140,1713 2184,1707 2229,1707 2274,1704 2319,1707"/>
                <TextEquiv>
                    <Unicode>entschwunden sei.</Unicode>
                </TextEquiv>
            </TextLine>
            <TextLine id="tr_1_tl_11" custom="readingOrder {index:10;}">
                <Coords points="1373,1897 2690,1868 2896,1904 2918,1740 2119,1804 2019,1771 1968,1813 1375,1798"/>
                <Baseline points="1387,1880 1399,1880 1444,1877 1489,1880 1534,1880 1578,1880 1623,1880 1668,1874 1713,1874 1758,1871 1802,1871 1847,1871 1892,1871 1937,1868 1981,1868 2026,1868 2071,1868 2116,1868 2160,1865 2205,1862 2250,1862 2295,1859 2340,1859 2384,1859 2429,1859 2474,1859 2519,1856 2563,1856 2608,1853 2653,1853 2698,1850 2742,1847 2787,1847 2832,1850 2877,1853 2922,1865"/>
                <TextEquiv>
                    <Unicode>Cäc:.:Hand auf seiner Schulter:</Unicode>
                </TextEquiv>
            </TextLine>
            <TextLine id="tr_1_tl_12" custom="readingOrder {index:11;}">
                <Coords points="1466,2057 1623,2103 2043,2026 2327,2063 3104,2021 3106,1924 2347,1959 2189,1917 2088,1961 1720,1924 1468,1977"/>
                <Baseline points="1477,2035 1495,2035 1540,2032 1584,2032 1629,2029 1674,2029 1719,2026 1763,2026 1808,2026 1853,2026 1898,2026 1943,2023 1987,2023 2032,2023 2077,2023 2122,2023 2166,2023 2211,2023 2256,2023 2301,2020 2345,2017 2390,2017 2435,2014 2480,2014 2525,2011 2569,2011 2614,2011 2659,2008 2704,2008 2748,2005 2793,2005 2838,2002 2883,1999 2928,1999 2972,1999 3017,1996 3062,1993 3107,1993"/>
                <TextEquiv>
                    <Unicode>Amadeus, klang das nicht beinah wie</Unicode>
                </TextEquiv>
            </TextLine>
            <TextLine id="tr_1_tl_13" custom="readingOrder {index:12;}">
                <Coords points="1519,2247 1780,2262 1937,2196 2132,2229 2280,2185 2360,2216 2378,2088 2245,2074 2156,2123 1970,2081 1682,2136 1596,2088 1521,2099"/>
                <Baseline points="1531,2184 1575,2181 1620,2181 1665,2181 1710,2181 1755,2181 1799,2178 1844,2178 1889,2178 1934,2178 1978,2175 2023,2178 2068,2178 2113,2175 2157,2175 2202,2172 2247,2172 2292,2175 2337,2169 2381,2172"/>
                <TextEquiv>
                    <Unicode>ein Vorwurf?...</Unicode>
                </TextEquiv>
            </TextLine>
        </TextRegion>
        <TextRegion id="tr_2" custom="readingOrder {index:1;}">
            <Coords points="1399,2260 3202,2260 3202,3761 1399,3761"/>
            <TextLine id="tr_2_tl_1" custom="readingOrder {index:0;}">
                <Coords points="1386,2366 2161,2338 2506,2395 2570,2351 3163,2347 3163,2243 2920,2200 2533,2267 1388,2254"/>
                <Baseline points="1399,2345 1423,2343 1468,2343 1513,2343 1558,2343 1602,2343 1647,2343 1692,2340 1737,2337 1781,2334 1826,2334 1871,2334 1916,2334 1960,2334 2005,2334 2050,2331 2095,2331 2140,2331 2184,2331 2229,2328 2274,2328 2319,2328 2363,2322 2408,2322 2453,2325 2498,2325 2542,2325 2587,2325 2632,2325 2677,2322 2722,2316 2766,2316 2811,2316 2856,2313 2901,2316 2945,2313 2990,2310 3035,2313 3080,2310 3125,2316 3169,2316"/>
                <TextEquiv>
                    <Unicode>Amad: Nein. Was du herausgehört hast,</Unicode>
                </TextEquiv>
            </TextLine>
            <TextLine id="tr_2_tl_2" custom="readingOrder {index:1;}">
                <Coords points="1525,2515 2685,2486 3073,2552 3077,2413 2882,2349 2794,2402 2298,2375 2145,2426 1780,2402 1525,2448"/>
                <Baseline points="1537,2495 1558,2495 1602,2495 1647,2492 1692,2495 1737,2492 1781,2489 1826,2489 1871,2489 1916,2489 1960,2489 2005,2489 2050,2486 2095,2486 2140,2483 2184,2483 2229,2483 2274,2480 2319,2480 2363,2477 2408,2477 2453,2480 2498,2477 2542,2477 2587,2480 2632,2480 2677,2477 2722,2474 2766,2471 2811,2471 2856,2468 2901,2465 2945,2465 2990,2462 3035,2465 3080,2462"/>
                <TextEquiv>
                    <Unicode>war vielleicht ein wenig Heimweh.</Unicode>
                </TextEquiv>
            </TextLine>
            <TextLine id="tr_2_tl_3" custom="readingOrder {index:2;}">
                <Coords points="1390,2696 1643,2710 1829,2650 1988,2718 2156,2707 2274,2654 2391,2661 2393,2570 2258,2544 2046,2588 1944,2552 1893,2581 1751,2524 1618,2579 1392,2550"/>
                <Baseline points="1402,2656 1414,2653 1459,2650 1504,2653 1549,2653 1593,2653 1638,2656 1683,2650 1728,2647 1772,2647 1817,2647 1862,2647 1907,2644 1952,2644 1996,2644 2041,2644 2086,2638 2131,2638 2175,2638 2220,2635 2265,2635 2310,2632 2354,2632 2399,2632"/>
                <TextEquiv>
                    <Unicode>Cäc: Du bist galant.</Unicode>
                </TextEquiv>
            </TextLine>
            <TextLine id="tr_2_tl_4" custom="readingOrder {index:3;}">
                <Coords points="1386,2827 1727,2856 2287,2796 3088,2858 3066,2701 2495,2661 2032,2732 1904,2674 1620,2736 1388,2696"/>
                <Baseline points="1399,2808 1435,2805 1480,2808 1525,2805 1569,2805 1614,2805 1659,2805 1704,2805 1749,2802 1793,2799 1838,2799 1883,2799 1928,2796 1972,2796 2017,2796 2062,2796 2107,2793 2151,2793 2196,2793 2241,2790 2286,2790 2331,2787 2375,2787 2420,2787 2465,2787 2510,2787 2554,2787 2599,2784 2644,2787 2689,2784 2734,2781 2778,2781 2823,2781 2868,2781 2913,2778 2957,2778 3002,2778 3047,2775 3092,2781"/>
                <TextEquiv>
                    <Unicode>Amad: Wir haben schöne Erinnerungen</Unicode>
                </TextEquiv>
            </TextLine>
            <TextLine id="tr_2_tl_5" custom="readingOrder {index:4;}">
                <Coords points="1543,3008 1578,3022 1711,2964 2041,2991 2218,2953 2278,2977 2307,2966 2309,2856 2245,2889 2037,2867 1864,2900 1742,2862 1636,2898 1545,2891"/>
                <Baseline points="1555,2960 1596,2954 1641,2954 1686,2954 1731,2954 1775,2957 1820,2957 1865,2954 1910,2954 1954,2951 1999,2951 2044,2948 2089,2948 2134,2948 2178,2942 2223,2942 2268,2942 2313,2948"/>
                <TextEquiv>
                    <Unicode>— was willst du?</Unicode>
                </TextEquiv>
            </TextLine>
            <TextLine id="tr_2_tl_6" custom="readingOrder {index:5;}">
                <Coords points="1390,3168 1780,3119 3099,3130 3121,2980 2714,3033 2158,2982 2070,3031 1392,3053"/>
                <Baseline points="1402,3119 1423,3116 1468,3113 1513,3116 1558,3116 1602,3119 1647,3119 1692,3116 1737,3116 1781,3116 1826,3113 1871,3110 1916,3110 1960,3110 2005,3107 2050,3107 2095,3107 2140,3104 2184,3104 2229,3104 2274,3101 2319,3101 2363,3101 2408,3098 2453,3101 2498,3101 2542,3101 2587,3098 2632,3098 2677,3098 2722,3095 2766,3095 2811,3092 2856,3092 2901,3092 2945,3089 2990,3089 3035,3086 3080,3083 3125,3095"/>
                <TextEquiv>
                    <Unicode>Cäc: Ja, die haben wir. Und sie sol-</Unicode>
                </TextEquiv>
            </TextLine>
            <TextLine id="tr_2_tl_7" custom="readingOrder {index:6;}">
                <Coords points="1536,3285 3197,3252 3197,3183 3130,3146 2415,3137 1988,3214 1539,3179"/>
                <Baseline points="1549,3265 1590,3268 1635,3265 1680,3265 1725,3268 1769,3265 1814,3268 1859,3265 1904,3265 1949,3262 1993,3259 2038,3259 2083,3259 2128,3259 2172,3259 2217,3259 2262,3256 2307,3256 2351,3253 2396,3253 2441,3253 2486,3253 2531,3250 2575,3250 2620,3250 2665,3247 2710,3247 2754,3247 2799,3244 2844,3244 2889,3244 2933,3241 2978,3241 3023,3235 3068,3238 3113,3241 3157,3223 3202,3220"/>
                <TextEquiv>
                    <Unicode>len durch keine Art von Lüge und</Unicode>
                </TextEquiv>
            </TextLine>
            <TextLine id="tr_2_tl_8" custom="readingOrder {index:7;}">
                <Coords points="1550,3465 2198,3422 2305,3471 2533,3409 2891,3440 2911,3363 2783,3307 2223,3360 2074,3316 1886,3363 1552,3336"/>
                <Baseline points="1561,3420 1569,3420 1614,3420 1659,3420 1704,3420 1749,3420 1793,3420 1838,3417 1883,3414 1928,3414 1972,3414 2017,3411 2062,3411 2107,3411 2151,3414 2196,3414 2241,3411 2286,3408 2331,3408 2375,3405 2420,3405 2465,3405 2510,3402 2554,3402 2599,3399 2644,3402 2689,3399 2734,3399 2778,3396 2823,3399 2868,3396 2913,3396"/>
                <TextEquiv>
                    <Unicode>Unehrlichkeit getrübt werden.</Unicode>
                </TextEquiv>
            </TextLine>
            <TextLine id="tr_2_tl_9" custom="readingOrder {index:8;}">
                <Coords points="1406,3631 2298,3573 2944,3604 2962,3507 2727,3451 2519,3493 2391,3425 2203,3507 2057,3467 1833,3518 1408,3504"/>
                <Baseline points="1420,3581 1444,3584 1489,3587 1534,3587 1578,3584 1623,3584 1668,3587 1713,3590 1758,3587 1802,3584 1847,3578 1892,3578 1937,3575 1981,3575 2026,3575 2071,3572 2116,3575 2160,3572 2205,3569 2250,3569 2295,3566 2340,3566 2384,3566 2429,3563 2474,3563 2519,3563 2563,3563 2608,3563 2653,3563 2698,3563 2742,3563 2787,3563 2832,3560 2877,3557 2922,3557 2966,3557"/>
                <TextEquiv>
                    <Unicode>Amad: Das Leitmotiv unserer Ehe.</Unicode>
                </TextEquiv>
            </TextLine>
            <TextLine id="tr_2_tl_10" custom="readingOrder {index:9;}">
                <Coords points="1423,3768 1959,3750 2101,3797 2205,3748 3079,3719 3155,3757 3157,3648 2918,3582 2400,3668 2032,3619 1902,3670 1426,3644"/>
                <Baseline points="1435,3751 1459,3748 1504,3751 1549,3751 1593,3751 1638,3751 1683,3751 1728,3745 1772,3742 1817,3745 1862,3742 1907,3742 1952,3739 1996,3742 2041,3739 2086,3736 2131,3736 2175,3730 2220,3730 2265,3730 2310,3727 2354,3727 2399,3730 2444,3727 2489,3727 2534,3727 2578,3724 2623,3724 2668,3721 2713,3721 2757,3721 2802,3718 2847,3718 2892,3718 2936,3715 2981,3713 3026,3713 3071,3713 3116,3710 3160,3715"/>
                <TextEquiv>
                    <Unicode>Cäc: Und darum hab' ich auch neulich</Unicode>
                </TextEquiv>
            </TextLine>
        </TextRegion>
    </Page>
</PcGts>
