3384 4104
2665 466 2807 621 12
952 631 2963 825 Amad: Ich werde ihr alles sagen und immer.
950 800 2751 965 Fried: XXK Auch was Sie jetzt fühlen?
1185 947 2274 1128 :Sie küsst seine Hand:
950 1133 1739 1265 Amad: Auch das
963 1294 2052 1431 Fried: Du gehörst mir.
916 1413 2828 1599 Amad: Und wenn nur einer von uns beiden
856 1591 1775 1760 ortruh dich allein -
968 1700 2489 1871 Fried: Seien Sie ruhig darüber.
968 1920 2122 2088 XXXXXX Amad: Friederike!
983 2021 3064 2251 Fried: Oh, es ist eins! Die Stunde ist aus.
1107 2192 2329 2370 Auf Wiedersehen. ab:
960 2440 1796 2642 angauchs zu faßen.
1110 2569 2365 2792 Von Seiten zan besenkor...
960 2704 2756 2919 Unverhandlich theil ich Ih er mit, ihr ich ein
968 2833 2181 3051 Mussersa. Comrfrs. - till fach.
960 2937 2864 3185 ev. auch über seine Reise: Sie mach an
1012 3113 2660 3348 Jn plein.. Eamahc bei einem in einem
1084 3307 1413 3480 vill.
