3400 4104
2693 434 2792 542 9
1155 537 2955 726 sen und weil wir wissen, wie nötig wir
1124 740 2873 879 einander als Künstler und als Freunde
1203 896 2945 1038 brauchen, haben wir uns zugeschworen,
1172 1052 2969 1186 dass nie eine Lüge zwischen uns treten
1172 1208 3029 1344 darf. Jede Regung, jeder Blick wird ein
1165 1371 3014 1519 gestanden... ist schon mehr als einmal
1174 1500 2981 1673 eingestanden worden. Ja - verstehen
1121 1689 3046 1821 Sie mich?.. und gerade darum vielleicht,
1174 1848 3038 1975 ist nie etwas Anderes geschehen als ein
1184 2006 3048 2145 Blick und eine Regung. Wir kennen einan¬
1189 2142 2895 2305 der wie nie zwei Gatten sich gekannt
1189 2296 2911 2478 haben. Darum sind wir glücklich. Und
1196 2473 3034 2636 wenn eines einmal - ich oder sie - nach
1160 2629 2928 2796 andern Zielen streben wird, sich nach
1215 2744 2962 2923 einem andern Wesen sehnen, so wird es
1208 2885 2979 3091 keinen gemeinen Betrug geben, sondern
1213 3053 3041 3288 man wird vor einander hintreten und sa-
1213 3264 2365 3446 gen: Unsere Zeit ist um.
1040 3463 1721 3604 Fried: Adieu.
1040 3592 1915 3762 Amad: Warum denn?
