3416 4088
2699 435 2783 633 2
1173 764 3036 994 keit gäbe, müsste man die Leute, die Ih-
1185 920 3036 1149 nen applaudiert haben, einfach einspfer
1154 1077 3070 1221 ren. Allerdings hoffe ich zur Ehre des nu-
1204 1237 2972 1378 sikalischen Wien, dass es ausschliess-
1216 1385 3091 1548 lich Leute waren, die Sie bezahlt haben.
1266 1557 2881 1722 :Er geht auf u. ab:
1235 1691 3062 1861 nicht staunen, wenn sich einer oder der
1247 1856 2900 2023 andere von diesen armen Teufeln aus
1254 2002 3038 2186 Scham, dass er Ihrer Leistung für zwei
1261 2167 3017 2329 bis drei Kronen Beifall klatschte, an
1271 2322 2957 2501 einer Säule der vierten Gallerie er-
932 2401 1049 2544 le recit et
1264 2456 3144 2773 henkt hätte. - Verstehen Sie mich?...er-
1280 2726 1665 2909 henkt!.
1111 2814 2752 3067 Friderike: Ich liebe Sie, Amadeus,
1116 2941 2972 3225 Amad: : wütend: Ach! :Er setzt sich
463 2943 936 3120 Marlinist
561 3093 855 3189 den.
1323 3101 2979 3361 wieder ans Klavier u.spielt:/ Wenn
382 3187 1001 3414 Auflasse des des
1151 3323 1801 3543 Frid: :singt:
1460 3409 3153 3655 :unterbricht sie: Nein! nein! ich
1156 3504 1417 3693 Amad:
1414 3528 3101 3836 all mich weiter nicht aufregen, aber
