6440 4152
1537 288 3059 558 daß ich so weit gekommen.
368 340 1446 579 die Liebheder -
409 503 3105 760 lin, das aus zu sprechen - des ist entsicht
465 673 2994 846 nicht wahr; - oder es ist deine Schuld
510 801 3028 1020 oder sein Verdienst. Man drängt nicht
458 926 3170 1172 eine Frau dorthin, wohin Sie mich gedwegt
500 1100 3056 1346 haß, man gibt ihr nicht diese so gefährliche
447 1228 2914 1478 Freiheit – vielleicht haben wir beide
447 1370 3122 1627 Schuld, weil wieervol mit der Wahrheit
451 1519 3122 1807 gespielt haben – wirklich nur gespielt habe.
673 1689 2994 1967 bh. es ist mir so klei geworden
468 1849 2955 2088 Wir waren nur in kleinen Dingen
447 1998 3122 2269 wahr, nur drrt, wo die Wahrheit überflüssen,
489 2168 2813 2404 oder schuldlich ist, oder nie hatten wir den
506 2282 3000 2529 Mit den echten Wahrheit. Dazu haben wir
517 2442 2997 2678 uns selbst zu sehr verkünstelt? - Da haben
482 2591 3032 2872 wir geschmispielert, die Maske der Wahrheit
447 2761 2997 3056 ungenommen, du spielten wir Wahrheit
385 2931 2952 3188 mich erühmten literarischen Unsern
437 3066 3080 3354 Wenn ein 1 Mann erführt, dass seine Frau eine
468 3240 2813 3438 Andern liebt, wenn eine Frau ihren
364 3386 3157 3611 Nau auf Uelenwegen sieht, und sie bleibe
395 3535 3181 3802 den noch ruhig, sie bemühen sich heiter lächelnd
3340 278 5994 513 nachsichtig, oder legen, verstehend über
3417 413 6164 659 diese Dinge zu sprechen, sind sie dann noch
3424 572 6154 770 wahr, nachmächtig? Nein, sey ich die
3410 711 6171 912 ich weiß es, den damals, als das dich von
3417 853 6188 1068 mir fern hieltest, als es mit Philun legau¬
3434 1037 6022 1207 da war meine erste Regniy Zorn und
3451 1113 6095 1363 Werk, denn erst erinnerte ich nicht, daß sich
3417 1304 6053 1540 das für mich nicht schickt, daß wir uns
3424 1429 6015 1644 zu verpflichtet hatten höhere, vornehme
3469 1575 6001 1814 1 Menschen zu agiren, dann erst erzog ich
3465 1696 6015 1949 noch zur Abgeklärtheit“. Und dir wird
3493 1870 6147 2060 es wohl ebenso eigenem sein – vielleicht
3476 1981 5994 2237 : so es dir nur nicht zu klar geworden
3510 2126 5925 2317 denn du dir ſest die Ununatur, die
3531 2303 5956 2525 Theorie schon fester – hätten wir
3441 2477 5935 2709 demals statt falsche Wahrheit zu
3444 2664 6063 2848 spielen, uns unsere Schmerz, unsere
3507 2754 6160 2990 Entrichtung in's Gesicht geschrieben, es
3483 2903 6219 3146 wäre alles anders geworden, denn damit
3476 3066 4929 3330 ließen wir uns mich.
