3448 4120
2682 324 2812 503 94
1301 503 2874 672 gossen, bekäme plötzlich ein Kind
1344 664 2879 843 oder wenigstens eine Paternitäts-
1349 777 2943 1000 Klage.... Alles das kann ich nicht
1353 975 3002 1144 brauchen! Ich muss meinen Kopf frei
1338 1115 2359 1344 halten für mein Werk.
1280 1407 2912 1584 :Man hört Wagenrasseln und -halten:
1219 1586 2373 1739 Amad: Ja - das ist sie!
1227 1737 2910 1885 Alb: Nun, da werd' ich wol gehen...
1311 1866 2743 2056 Wann arbeiten wir also weiter?
1227 2031 2839 2211 Amad: igibt zerstreute Antworten:
