3432 4120
2516 309 2684 458 187
1260 479 2912 639 Amad: Wenn ich über dich wache...
1271 641 2976 805 Cäc: Ich habe keine Lust, über mich
1416 803 3059 966 wachen zu lassen, und noch weniger,
1356 941 3065 1137 über dich zu wachen. - Es waren auch
1416 1107 3021 1288 nicht Träume, es war die Freiheit!
1377 1241 3057 1452 Nun haben wir Beide von ihr gekostet
1488 1413 3089 1588 man kehrt nicht wieder ins Gefäng-
1424 1573 2940 1737 nis zurück, und wenn es auch mit
896 1514 1198 1826 Yours
1445 1726 2980 1901 falschen Blumen ausgestattet ist.
1305 1882 2959 2071 Amad: Cäcilie, alles versteh' ich,
1503 2041 3050 2235 aber warum diese seltsame Ton der
1401 2220 2139 2369 Feindseligkeit?
1324 2363 3036 2544 Cäc: Feindselig?... Aber mehr gegen
1458 2476 3082 2676 mich als gegen dich... Ja, ich bin
1488 2631 2980 2844 eine Frau und ich bin die einzig
1460 2804 3087 3031 Schuldige. Ich hätte nicht schwach
1492 2980 3087 3163 sein dürfen. Ich habe unsere Liebe
1545 3142 3091 3295 von einst erniedrigt :sogar das:
1503 3263 3091 3463 und unsere Freundschaft vergiftet!
1550 3427 3153 3595 Jetzt kann das eine nicht mehr wer-
1511 3593 2686 3740 den und nicht das andere.
