3432 4088
2881 374 3009 534 47
1437 525 3001 677 Nichts erbärmlicher als eine Ver¬
1439 672 3064 847 liebtheit, die sich ihres Sterbens
1475 832 3112 992 schämt, und trügerisch Lebendigkeit
1460 983 2935 1137 vorzugaukeln sucht. Und endlich
1460 1151 3047 1322 zwischen Mann und Frau als ein Ge¬
1469 1303 2971 1467 spenst hin und her zu gehen be¬
1465 1462 3154 1591 ginnt, vor dem Beide in Wirklichkeit
1931 1553 2465 1662 an dem sich
1513 1624 3116 1759 schaudern und doch Beide noch
1465 1788 3083 1891 wie an etwas blühend Lebendigem zu
1465 1906 3118 2055 freuen scheinen. In einem Hause, wo
1471 2063 3059 2217 dieses Gespenst umgeht, siecht al-
1475 2238 2984 2368 les dahin, Vertrauen und Freund-
1479 2402 3080 2528 schaft. Wir hätten es teuer zu er-
1483 2519 3078 2669 kaufen. Es gäbe kein ruhiges Plau-
1483 2685 3091 2822 dern mehr, keine gemeinschaftliche
1540 2820 3038 2988 Freude an unserm Kind, keine ge-
1479 2992 3013 3158 meinsame Arbeit; ich würde deine
1496 3152 3091 3322 Stimme nicht mehr lieben, du nicht
1488 3291 3022 3459 mehr meine Melodieen; wir würden
1509 3446 2971 3612 uns zu hassen beginnen wie alle
1494 3599 3143 3786 Leute, die sich gegenseitig die un-
