3480 4152
388 1964 1048 2133 An. die verhaltte
337 2120 1114 2309 Lache nicht. sie ist zu
341 2222 1137 2409 weihlich... Sichf.
341 2400 1050 2614 at Gnadenprant
350 2521 972 2695 Tuhr in bis diesen
334 2646 1068 2813 ergebtkeit andere
386 2795 996 2940 Dit für nur
337 2857 1023 3089 der 1. Trinkrobt
2550 490 2750 604 148
1460 620 3056 816 auch vorkommt - deine Frau werden.
1460 798 3036 976 Wedekind würde sich darüber nicht
1464 967 2982 1083 wundern, denn er weiss, dass das
1460 1103 2753 1268 Leben eine Rutschbah n ist.
1333 1248 3087 1397 Amad: Du verkennst den Ernst der Si¬
1489 1413 3143 1540 tuation. Ich liebe Cäcilie. Ich habe
1484 1558 3154 1721 sie noch nie so geliebt. Jetzt erst
1489 1761 2171 1861 lieb’ ich sie.
1353 1888 3143 2028 Alb: Es gibt auch eine andere Lösung,
1504 2035 3165 2164 die ich unbedingt wählen würde, wenn
1498 2186 3151 2349 ich aus der Affäre ein Stück zu ma¬
1513 2374 2044 2490 chen hätte.
1375 2478 2989 2643 Amad: Nun? es kann ja auch einmal
1522 2623 3094 2806 vorkommen, dass einem Dichter was
1522 2813 2476 2962 Gescheites einfällt.
1389 2951 3180 3129 Alb: Ich will nicht gerade behaupten,
1540 3102 3198 3292 dass es gescheit ist; aber wirkungs
1533 3263 3223 3443 voll wäre es; und das ist wichtiger.
1402 3463 1950 3608 Amad: Nun?
1406 3582 2412 3758 Alb: Du tötest dich.
