3416 4088
2829 302 2967 433 12
1261 335 2705 594 tut’s freilich nicht... 9bre
1523 573 2160 686 di minderit zeit.
1121 639 2998 770 Cäc: Der Weihnachtsabend in Konstanz...
1123 793 2761 922 Amad: Ja, wie wir uns dort trafen,
1268 945 2979 1072 ohne dass es eine Menschenseele wuss¬
1254 1128 1523 1233 te...
1121 1280 2972 1453 Cäc: Und die Schlittenpartie am See...
1123 1418 2363 1547 Amad: Es war märchenhaft!
1135 1540 3009 1776 Cäc: Da fällt mir etwas ein, was du da-
1275 1734 1902 1938 mals sagtest.
1086 1860 2752 2024 Amad: Ich liebe dich.
1158 2055 3009 2242 Cäc: Auch das. Aber noch etwas Anderes,
1285 2218 2321 2391 beinahe Ahnungsvolles.
1149 2366 2010 2544 Amad: Nämlich?...
1156 2520 2976 2665 Cäe: Du sagt est: Wenn man die Möglich-
1289 2649 3007 2845 keit hätte, sich selbst zu sehen, in
1299 2806 2969 3005 irgend einem Moment seines zukunfti-
1301 3030 1928 3185 gen Lebens...
1170 3131 2958 3344 Amad: Nun ja, wir wussten doch damals
1303 3262 3000 3505 noch nicht einmal, dass wir uns hei-
1320 3447 3002 3660 raten würden. Es war ja alles se un-
1327 3571 3009 3760 sicher. Ich war ein armer Schlucker,
