3464 4104
2373 311 2561 488 196
1322 561 1574 713 frei.
1181 615 2907 843 Amad: Und jetzt befreit von mir was
1331 816 1977 988 wirst au tun?
1205 888 2912 1147 Cäc: Was mir beliebt, was ich immer
1355 1165 1706 1335 durfte.
1214 1205 3021 1474 Amad: Du durftest - aber jetzt darfst
1371 1373 2912 1646 du's nicht mehr! Nein, nein! ich
1382 1541 2961 1789 weiss, dass ich dir nichts zu ver-
1398 1695 2905 1950 bieten habe. Tue, was du willst.
1393 1894 2480 2080 Aber ihn würde ick....
1284 2028 2938 2245 Cäc: Jetzt plötzlich? - Du hast es
1424 2171 2934 2408 bis heute Nacht geglaubt, und er
599 2111 751 2290 it?
420 2238 1230 2518 Minute's korps in
1393 2379 2024 2558 durfte leben.
1301 2440 3057 2690 Amad: Aber weisst du denn nicht, was
1416 2621 3162 2896 für mich diese plötzliche Erleuchtung
1469 2802 2990 3001 deiner Unschuld bedeutete?... Du
1480 2883 3026 3189 weisst ja auch nichts v en der wii-
1494 3057 3046 3319 sten Verzweiflung dieses Morgens!
1454 3187 3068 3473 Ich habe ja nicht geehnt, wie sehr
1568 3357 3213 3623 ich dich liebte+... Und da mir nun
1521 3522 3187 3759 die Gewissheit ward, dass du nie die
