3352 4024
1198 372 1331 491 64.
1200 475 3071 726 Amad: Aber in was haben Sie sich gefun-
1328 686 2985 840 den?... Es ist ja kindisch! Es gibt
1324 840 2996 1000 ja gar kein Geschöpf auf Erden, das
1291 982 2940 1142 so geliebt wird wie Sie. Wahrhaftg,
1321 1156 2994 1338 es gibt doch nichts Anderes für ihn
1314 1326 2526 1417 als Sie und seine Arbeit.
1189 1452 3045 1640 Maria: Sagen Sie doch wenigstens: "sei
1321 1621 2215 1763 ne Arbeit und Sie“.
1182 1761 2931 1903 Amad: Nun ja, er ist eben ein Künst-
1314 1928 2992 2045 ler, also gibt es Epochen in seiner
1321 2077 3059 2233 Existenz, wo ihm alles Uebrige neben-
1324 2222 2219 2410 sächlich ist.
1184 2373 3010 2596 Maria: Aber man möchte doch dazu gehö-
1321 2522 2917 2712 ren - - oder vielmehr: ich wollte
1286 2675 2919 2838 einmal dazu gehören. Man möchte in
1349 2840 3022 2982 einem Hause, darin man wohnt, in al-
1533 2959 1975 3057 cultrall in
1319 2992 2992 3171 le Kammern tret en können. Es kränkt
1300 3166 3129 3310 einen und erbittert einen schliesslich,
1335 3275 2910 3489 wenn einem alle vor der Nase zuge¬
1326 3452 2298 3657 schlagen werden.
