3512 4216
2862 569 3050 732 195
1291 784 3030 1028 halten. Andere fänden sich ab... ich
1306 972 3118 1173 kann es nicht - und du darfst es nichts
1311 1103 3130 1348 können, Amadeus. Unser Versuch ist mis-
1323 1286 2985 1474 glückt, nehmen wir die Enttäuschung
1381 1409 2474 1534 Das ist zu ertragen. Aber
1308 1419 3145 1694 hin. Ich bin nicht neugierig zu wissen,
1323 1642 3002 1777 wie es schmeckt, wenn Ekel das Ende
1333 1737 3033 1990 ist. Und fügten es auch die Umstände
1338 1915 3050 2125 nicht so gut - heute müssten wir uns
1343 2055 3065 2291 auf alle Fälle Lebewohl sagen - auch
1346 2211 3008 2449 als Freunde ein ehrliches Lebewohl.
1133 2358 3153 2632 Amadeus: Auch als Freunde - 7 Nicht einmal
1348 2569 2985 2747 mehr uns alles sagen... una alles
1361 2712 2373 2932 schreiben wie früher?
1130 2797 3105 3098 Cäcilie: Nein, Das geht wol von allem am
1373 3018 3123 3228 wenigsten. Wir haben uns nun so lange
1371 3145 3123 3386 Jahre die Wahrheit gesagt, dass einer
1386 3358 3188 3499 dem andern ja doch nichts mehr glauben
1381 3486 1872 3692 konnte.
