3416 4120
2618 392 2806 551 159
1376 573 3069 703 Sigism: Ich weiss es, Sie Beide be-
1516 714 3069 839 nötigen einander als Künstler und
1516 859 2985 1033 Sie können nicht vollkommen auf
1534 1013 2973 1176 einander verzichten. Ich weiss,
1509 1174 3055 1328 niemand ist besser in Ihre künst-
1516 1321 3164 1491 lerischen Pläne eingeweiht als Frau
1478 1475 3123 1638 Adam, niemand versteht die Stimme
1525 1629 3114 1802 ### der Frau Adams besser zu be-
1514 1799 2991 1938 handeln als Sie. Ich denke also
1521 1929 3055 2096 nicht daran, mich in die Musikge-
1530 2101 2989 2246 schichte zu mischen und spreche
1521 2253 3173 2389 nicht den Wunsch aus, dass Sie jede
1530 2423 3161 2561 Verbindung mit ihr lösen. Im Gegen-
1537 2556 3053 2708 teil: Sie würden in unserm Hause
1534 2686 3069 2874 stets ein willkommener Gast sein.
1389 2851 3136 3053 Amad: Sie sprechen im Einverständnis
456 2926 1176 3141 März der in Deals
1525 3041 2241 3195 mit Cäcilie?...
478 3075 1292 3309 grethe Thum u. Can¬
1396 3180 2806 3338 Sigism: Im Einverständnis?...
553 3268 1008 3472 letztlichen
1394 3345 3107 3483 Amad: Ja, ich verstünde sonst nicht,
1534 3510 2942 3631 woher Sie die Laune nehmen...
1403 3615 3223 3785 Sigism: Im Einverständnis... Was fällt
