3480 4136
2155 409 2334 552 201
1280 561 2018 759 ne Forderung...
1160 692 2857 905 Alb: Ich wollte... ich kam ja nicht
1320 867 2908 1046 dazu. Er empfing mich wie ein Irr-
1322 974 2849 1202 sinniger. Als ich ihm sagte: Ich
1322 1153 2931 1352 komme im Auftrag des Herrn Kapell-
1331 1284 3005 1489 meisters", sagte er: “Ah, er schick
1343 1472 2859 1653 Sie wol her, damit Sie sich ent-
1364 1603 3013 1818 schuldigen?.. Aber ich denke nicht
1373 1769 3047 1959 daran, Ihre Entschuldigung entgegen-
1373 1885 3053 2138 zunehmen. Was Sie getan haben, ist.
1390 2086 2921 2263 Nein, ich wiederhole diese Werte
1400 2197 3079 2465 nicht!... “Sie haben eine edle Frau
1415 2381 2946 2600 in einer Weise verleumdet... Sie
1440 2520 2950 2762 sind ein....“ Kurz, er sagte mir
1449 2689 2914 2923 die unerhörtesten Settisen!"Ein
1451 2843 3077 3079 Mensch, der sich benimmt wie Sie.
1461 2986 3001 3212 Kurz und gut, lieber Freund, ich
1476 3125 3001 3370 komme zu dir, um dich zu bitten,
1485 3271 3129 3534 mein Sekundant zu sein und dem Für-
1516 3433 3201 3697 sten meine Forderung zu überbringen.
1544 3583 3049 3813 Für deine Angelegenheit musst  m
