3512 4248
2805 434 2989 597 101
832 775 1658 995 vergessen hatten.
865 963 1925 1141 Was werde ich nun tun?
636 963 829 1147 Fr:
924 1085 2971 1269 Ich mache Sie aufmerksam, Frau Gr채fin, dass
645 1159 862 1325 Alb:
847 1245 3004 1429 der Graf gewiss schon morgen aus der Haft ent-
850 1391 3016 1637 lassen und gewiss als R채cher seiner Ehre frei-
859 1610 1625 1786 gesprochen wird.
915 1631 3087 1919 Und was wird mit mir geschehen? Ich glaube, er
680 1768 835 1913 Fr:
879 1902 1783 2062 wird mir verzeihen.
698 1905 3028 2220 Alb: Wenn Ihnen sein Leben lieb ist, nehmen Sie
894 2217 1530 2356 sie nicht an.
716 2246 3108 2543 Amad: Auf mich nimm keine R체cksicht in deinen ut-
918 2493 1593 2677 schliessungen.
737 2627 2020 2846 Fr: C채cilie noch nicht da?
737 2716 2627 3031 Amad: Sie kommt in einer halben Stunde.
743 2870 3111 3126 Fr: Nun leb' wohl, mein Wagen wartet. Es wird eine
942 3093 1902 3298 seltsame Nacht sein.
