3432 4072
2569 306 2829 481 134
1319 447 2991 698 Rollen - Schurken, Den Juans, dumme
1335 668 2918 855 Jungen - jetzt bist du mein alter
1346 808 3000 1008 Freund, der Amadeus, den ich einmal
1344 970 3052 1159 geliebt habe, wie ich wahrscheinlich
1346 1118 3016 1303 niemanden mehr lieben werde - womit
1346 1280 2870 1485 ich mich natürlich irren kann -,
1355 1449 3000 1631 und im Grunde ein braver Kerl, dem
1366 1554 2909 1768 überhaupt nichts geschehen kann,
1330 1784 2154 1932 so wenig als mir.
1234 1864 3007 2135 Amadt Auch deine Stimme hat se etwas
1439 2106 1923 2249 Fremdes...
1257 2188 2500 2423 Cäc: Welche Einbildungen!
1271 2322 3107 2592 Amad: Ich littre um dich! Wirst du mir
1419 2523 2993 2744 auch alles sagen? Du bist ja doch
1421 2678 2959 2856 nicht erfahren genug. Ich möchte
1433 2790 3118 3009 dich zu rechter Zeit behüten können.
1433 2959 3075 3178 Es könnte sein, dass einmal ein Un-
534 2988 912 3176 theile
1453 3180 2051 3326 würdiger...
1316 3269 2975 3488 Cäc: Ein Unwürdiger?... Das könnte
1455 3404 3166 3655 doch nur sein, wenn ich einen einmal
