3448 4088
2510 488 2691 602 117
1312 584 2872 813 Die Männer werden Münner für mich
1408 754 2957 925 wie andere. Ich fühle ihren Hauch
1305 931 2881 1106 um meine Stirn heisser als früher.
1294 1079 2922 1234 Es bewegt mich, wenn gewisse Augen
1301 1216 2966 1408 mich anglichen. Ich habe schon einen
1296 1404 3011 1596 Kuss auf der pühne erlebt, unter dem
1294 1547 3011 1724 nicht Carmen erschauert ist, sondern
1312 1715 2348 1887 Cäcilie selbst.
519 1717 784 1912 Wm
1169 1881 2922 2057 Amad : ist auf- und abgegangen. Nach
327 1910 904 2040 man
1314 1999 2906 2176 einer Pause: Der arme Sigismund!
340 2051 728 2196 quilon.
1175 2142 2785 2313 Cäc: Nem' ihn nicht se. Ihm wird
1303 2301 2962 2485 nichts damit genommen. Muss ich dir
1312 2474 2953 2664 das erklären - dir, der so viel er-
1321 2644 2924 2821 fahren hat und Tag für Tag so viel
1339 2845 1854 2995 erfährt?...
1178 2879 2980 3152 Amad: Du wärst imstande, Sigismund zu
1312 3152 1894 3289 hint ergehen
1142 3206 2821 3463 Cäc: Was wissen wir von uns selbst,
1321 3392 2944 3598 mein Freund?.. Erinnere dich doch
1330 3528 2872 3745 nur an die Zeit vor drei Jahren -
