3448 4152
2603 383 2784 519 185
1360 515 2978 747 Bleiben wir Freunde, so kann es im-
1360 682 2886 880 mer wieder passieren. Ja, selbst
1373 845 2891 1048 wenn ich dir verspräche, dass es
1384 974 2987 1199 nie wieder passieren wird - du hät
1386 1132 2944 1368 test nicht die Verpflichtung, mir
1397 1304 2962 1520 zu glauben, wenn es unter solchen
1391 1478 2679 1669 Umständen geschehen konnte.
1259 1631 2998 1841 Amad: Du magst Recht haben. Aber wie
1417 1767 3027 2013 immer: wir - Verzeihung,-ich büsse
1462 1946 2554 2124 schwer für diese Nacht.
1469 2097 2942 2289 :Denke, es war ein Traum Es war-
1440 2267 2253 2445 auch nicht mehr.:
1293 2387 3085 2610 Cäc: Büssen?... Du misverstehst mich.
1435 2514 3145 2761 Ich mache einfach Ordnung. Du kennst
1442 2697 3069 2906 mich ja. Wenn wir heute ein reinli¬
1473 2833 3020 3058 ches Ende machen, se brauchen wir
1504 3015 3020 3223 uns wenigstens nicht zu schämen.
1426 3167 3038 3379 Es hat sich eben gezeigt, dass wir
1502 3316 3038 3517 einander zu viel zugemutet haben.
1522 3461 3036 3686 Heute Nacht ist etwas geschehen,
1507 3586 2964 3804 was sowol unsere Ehe als unsere
