3464 4168
2923 367 3063 525 58
1480 548 3126 737 higt; ich will mich ordentlich aus-
1498 717 3034 897 schlafen und reise bei Tag. Küss'
1492 870 3126 1084 mir den Buben. Auf ein schönes Wie¬
1558 1046 2467 1213 dersehen. Cäcilie.“
1405 1171 3126 1374 Marie: : nimmt ihm das Telegramm aus
1523 1331 3157 1541 der Hand: So eine Verschwenderin!
1385 1480 3074 1672 Amad: lächelt: Nun, was kontrol¬
1532 1636 3199 1834 lieren Sie mich denn? Glauben Sie's
1549 1792 3152 1977 etwa nicht? - Da. Jeden Tag kommen
1598 1955 3143 2119 solche Telegramme. Und Briefe na¬
1565 2104 3092 2293 türlich auch. Die aber, entschul¬
1567 2262 3172 2436 digen Sie, kann ich Ihnen nicht zu
1612 2460 2206 2587 lesen geben.
1425 2469 3195 2761 Maria: Oh, ich hab's ja gewusst: Sie
868 2649 1106 2796 Mir?
1592 2694 3090 2894 werden sich gewiss wiederfinden!
1447 2874 3235 3072 Amad: Was sagen Sie?... Wiederfinden?
1763 3014 3210 3221 Als hätten wir einander jemals
1650 3172 3175 3353 verloren... Sie sind ja eine so
1656 3330 3266 3529 kluge Frau, Maria.... dass Sie das
1610 3486 3277 3702 auch nicht verstehen wollen.... Ein
1665 3656 3244 3869 schöneres Verhältnis wie zwischen
