3416 4104
2480 438 2664 638 188
1134 638 2943 829 Amad: Warum soll es nicht mehr werden
1283 764 2929 979 können? warum sich selbst aufgeben?
1280 943 2983 1148 Es war ein Traum heute Nacht, nichts
1278 1168 1696 1305 Anderes.
1404 1258 2895 1458 Du machst dir das Leben bequem!
1166 1332 1372 1462 Cäc :
1341 1433 2815 1615 Jetzt ist wieder das ein Traum.
1310 1568 2871 1727 Früher war es alles Andere. - Was
1352 1739 2846 1923 hilft uns denn das?... Wir Zwei
1332 1891 2844 2100 wissen, dass alles Wahrheit ist
1339 2019 2940 2213 alles! Und wie sehr wissen wir es!
1330 2161 2976 2403 Hast du mich nicht schon, trotz al-
1354 2323 3019 2536 lem, trotzdem wir uns als freie Mer
1361 2478 3026 2709 schen wiederfanden,... hast du mich
1366 2635 3005 2830 nicht schon wieder zu quälen begon-
1375 2812 3053 3017 nen? warst du nicht schen daran, mir
1442 2996 2345 3174 Vorwürfe zu machen?
1260 3118 2954 3289 Amad: Und du? hast du mir sie nicht
1363 3266 2961 3473 wirklich gemacht?... Oh, ein Wort,
1372 3414 2994 3639 das ich noch mit deiner Stimme von
1408 3536 2958 3753 heute Nacht höre: "Warum hast du
