3464 4136
2596 471 2784 583 142
1344 577 3146 770 Alb: Nun, was bist du so verzweifelt?
1494 779 3123 983 Du siehst, wir haben Alle Recht ge¬
1494 949 2933 1070 habt. Wie die Leute eben immer
1494 1099 3146 1250 Recht haben,- nur manchmal zu früh.
1503 1252 3029 1382 Gerüchte erleben es nur manchmal
1501 1407 3186 1544 nicht, wahr zu werden; aber die Ten¬
1512 1503 3200 1710 denz dazu steckt immer in ihnen. (Das
1517 1725 3101 1847 kommt daher, weil die Leute keine
1519 1824 3186 1995 Ursache haben una zu vertrauen und
1530 2037 3202 2154 uns zu überschätzen. Die Leute beur¬
1530 2170 3227 2311 teilen uns undprophezeien daher auch
1539 2318 3166 2459 unser Schicksal nach der Schablone,
1539 2524 3141 2616 wir immer so, als wenn wir Ausnah-
1539 2652 3227 2787 men wären; sie haben also fast immer
1544 2773 3123 2951 Recht.) Wenn das Gerücht von einem
1544 2953 3128 3083 sagt, dass er ein Mörder ist, und
1562 3105 3231 3247 er stirbt als friedlicher Ehrenmann,
1564 3256 3096 3410 so hat nicht das Gerücht Unrecht,
1564 3433 3114 3554 sondern er ist zu früh gestorben.
1658 3579 3173 3707 Ja, die Leute haben Recht, immer
