3448 4088
2469 437 2654 554 112
1340 558 3011 722 das kannst du dir denken. Er träumt
1307 715 2923 931 selbstverständlich noch von ewiger
1390 879 2932 1065 Liebe. Er ist überzeugt, dass er
1345 1024 3108 1191 nie eine Andere lieben wird als mich.
1162 1167 3034 1371 Amad! Ja, das hast du angedeutet in ei-
1352 1345 2219 1523 nem deiner Briefe.
1224 1478 3092 1673 Cäs: Nur angedeutet?... O nein, es mus
1359 1654 3158 1808 irgendwo ganz deutlich stehen. - Gott,
1369 1799 3051 1977 was bedeut' ich alles für den guten
1362 1941 2996 2124 Jungen! Es ist ganz zweifelles, se
1359 2079 3042 2276 können ältere Frauen nur von jungen
1364 2272 2516 2455 Menschen geliebt werden.
1236 2426 2816 2642 Amad: Du nennst dich eine ältere
1383 2611 1918 2778 Frau -?...
1255 2718 2999 2944 Cäc: Jedenfalls bin ich älter als er
1383 2868 3065 3058 um drei Jahre. Und siehst du, schen
1357 3027 2975 3229 das wäre Grund genug, ihn nicht zu
1426 3196 2842 3391 heiraten. Solche Dinge müssen
1407 3367 2127 3538 schlecht enden.
1264 3476 3179 3705 Amad: Warum denn? Wenn es keinen andern
1414 3664 3004 3873 Grund gäbe... Ich weiss ja nicht,
