3400 4072
1909 493 2080 599 195
1364 594 3071 772 wusste ich, dass es - für mich wenig
1409 738 3037 921 stens - nicht so weiter ging. Denn
1412 885 3066 1099 ich liebte dich. Auch während aller
1423 1072 3030 1252 dieser Regungen, die ich dir nicht
1493 1195 3010 1425 verschwieg, liebte ich aich. Ich
1432 1389 3095 1551 betete dich an.... bis zur heutigen
1430 1526 3109 1718 Nacht. Denn jetzt ist es abgeschlos-
1441 1670 3026 1889 sen. Denn ich kenne dich ganz. Du
1448 1848 3125 2044 kenntest mir angehören, von den Küs-
1461 1974 2990 2184 sen Anderer besudelt. Und kennst
1504 2130 3145 2341 mich so wenig. Du weisst nicht ein-
1423 2281 3118 2528 mal, dass ich es nie vermocht hätte.
1346 2440 2805 2643 Amad: Und doch... und doch....
1346 2560 3161 2821 Cäc: Ich liebte dich...bis zu diesem
1486 2794 3073 2947 Morgen. - Und du willst noch eine
1556 2891 3091 3102 andere Erklärung?... Ich will ja
1488 3019 3136 3264 jetzt nicht die Grossartige spielen
1538 3197 3107 3429 und sagen, dass es mit einem Male
1549 3357 3201 3564 aus ist. Aber eines ist wahr: jetzt
1549 3507 3035 3701 fühle ich mich frei - endgiltig
