3512 4168
2940 440 3118 618 163
1544 599 3040 788 zu heiraten wünschen, ist meine
1568 786 3077 952 Freundin und nebstbei die Mutter
1566 960 3053 1095 meines Kindes. Sie haben gewiss
1577 1115 3151 1248 nicht die Absicht, nichts zu sein
1594 1248 3197 1394 als der Mann Ihrer Frau. Ich frage
1594 1404 3205 1553 Sie daher: wovon wollen Sie leben?
1513 1542 3264 1703 Sigism: Ich kann arbeiten. Einen Für¬
1616 1692 3262 1851 sten würden sie überall nehmen. Die
1616 1847 2578 2019 Leut' sind schon so.
1489 2036 3099 2171 Amad: Aber was?... Es ist mir be-
1637 2158 3249 2336 kannt, dass Sie sehr hübsch Wiener
1642 2330 3308 2493 Walzer spielen, aber mit dem Clemen-
1648 2458 3303 2643 ti hat’s schon gehapert, und andere
492 2408 1346 2691 Sie werde vielleicht
1659 2641 3347 2798 Talente sind mir bisher nicht bekam
531 2606 1222 2818 mericht finden.
1661 2844 2114 2951 geworden.
1535 2951 3190 3086 Sigism: Ich kann ja Tapeur werden -
1722 3105 3310 3242 auf Hausbällen. Es ist sogar wahr-
1690 3225 3292 3393 scheinlich, dass sich das sehr gut
1683 3345 3358 3558 rentieren würde. Ein fürstlicher Ta-
1698 3510 3234 3700 peut dürfte noch nicht dagewesen
