3448 8520
745 1075 1379 1212 SEA
1322 1182 1919 1326 Nachrichten-Teil
2926 1417 3276 1486 zusammen) 2 Mark
1881 1425 2793 1486 Bezugspreis pro Monat: Ausgabe A (beide
106 1429 1402 1501 mal täglich, morgen, mittags und abends (Sonntags nur morgens)
1881 1459 2793 1531 allein) 1 Mark, Ausgabe C (Nachrichten-Teil
2926 1471 3184 1535 bilder vom Ta
802 1474 1402 1566 gs) erscheinenden illustr. Teil.
137 1490 346 1558 al täglich
414 1478 794 1569 gens (außer Mont=
1851 1516 2797 1581 Bringerlohn, bei Bezug durch die Post wird
2835 1516 3184 1592 estellgeld erhob
118 1531 353 1600 ön C berei=
410 1528 771 1592 ten) Ausgaben bez.
806 1509 1398 1592 en werden. Ausgabe A: Berug
1531 1452 1718 1615 29
1858 1566 3298 1634 Nachrichten-Teil 60 Ptg, im illustrierten Teil 75 Ptg., mit Rotdruck 1
118 1581 1406 1642 gabe C: Nachrichten-Teil und „Rilder vom Tage“ aus dem illustr. Teil.
1512 1588 1744 1661 Sonnabend
2546 1623 3295 1714 Telephon: Amt 1 Nr. 9001 bis 9034.
122 1642 840 1733 stelle: Berlin SW. Zimmerstr. 36-41.
1873 1664 2071 1721 G.C.F.P.
1649 1763 2884 1885 zu retten. Frau Fanny opferte dem zweiten Ge¬
2930 1759 3295 1866 hatte, Spanie
357 1782 1592 1873 in der amerikanischen Hauptstadt. Während die
1649 1835 2162 1911 liebten ihren ersten!
2937 1828 3295 1908 Sondergesandt
365 1851 1600 1927 jährlichen Einkünfte hundert Millionen Mark
2937 1892 3287 1968 den Machsen
1733 1862 2888 1987 Nach diesem Geständnis wurde die Sünderin
380 1904 1600 1987 nicht übersteigen, erreicht das jüngste Budget die
2930 1949 3287 2018 etwas zu war
1649 1927 1976 2037 freigelassen.
369 1968 695 2041 Rote von hun
752 1961 1604 2037 ertvierzig Millionen. Um Geld zu
2937 1999 3287 2071 König nach Mi¬
1725 1980 2880 2090 Gegen den Gatten hat aber heute der Prozeß
376 2006 1588 2090 schaffen, wird beabsichtigt, eine Lotterie zu
144 1889 312 2113 general=
2918 2052 3287 2136 andere Zwisch
1649 2052 2276 2155 wegen Mordes begonnen
388 2067 1604 2143 gründen und das Abhalten von Hahnen= und
144 2105 323 2185 erneur
2918 2105 3283 2181 als die spa
2284 2075 2835 2208 Rudolf Müller.
365 2109 1588 2181 Stierkämpfen gegen hohe Gebühren zu gestatten
2926 2155 3272 2246 zurückkehrte.
357 2177 1607 2250 Die amerikanischen Firmen, die Wege und Ab¬
2937 2204 3295 2280 trug, befand
376 2231 1604 2307 zugskanäle gebaut und Straßenpflasterungen für
163 2223 315 2329 ohlen
2930 2276 3287 2341 des Gesandte
380 2284 1604 2360 die Regierung ausgeführt haben, können ihr Geld
1714 2181 2831 2386 Die Luftschiffstation Luzern.
2930 2322 3298 2398 kanischen Sta
369 2341 1588 2413 nicht erhalten, weil die Staatskasse leer ist. Es
1725 2356 2880 2451 In einer gemeinsamen Versammlung der
2930 2379 3295 2451 Neger an und
376 2390 1600 2459 kann nicht ausbleiben, daß über kurz oder lang
1661 2432 2884 2504 Verkehrsvereine von Luzern und dem Vierwald¬
2930 2432 3291 2519 zugeben. Di
376 2451 1607 2512 die ausländischen Gläubiger 18ubas sich an die
1668 2493 2880 2565 stättersee wurden gestern interessante Einzelhei¬
2930 2478 3295 2557 mung mit der
376 2500 1592 2569 Washingtoner Regierung um Abhilfe wenden
1661 2546 2869 2614 ten über den Bau einer Luftschiffstation in
369 2569 1604 2633 werden, denn diese ist für lubas Beziehungen
1661 2603 2888 2668 Luzern bekanntgegeben, von deren beabsichtigter
380 2611 1604 2687 zum Auslande verantwortlich. Präsident Taft
1661 2652 2880 2747 Errichtung schon wiederholt die Rede war. Da
376 2671 1607 2744 wünscht nicht einschreiten zu müssen, fürchtet
1645 2709 2884 2785 nach ist zwischen der Deutschen Luftschiff¬
369 2728 1604 2823 aber, daß ihn die Verhältnisse dazu zwingen
1672 2774 2888 2839 gesellschaft in Friedrichshafen und dem Kur¬
376 2782 593 2858 werden.
1657 2823 2888 2884 verein und Stadtrat von Luzern ein Vorver¬
1657 2877 2877 2945 trag bereits abgeschlossen worden, worin Luzern
1668 2930 2884 3002 zur einzigen Luftschiffstation der Schweiz be¬
726 2892 1277 3048 Frau Fanny.
1668 2972 2892 3074 stimmt wurde. Wir erhalten dazu folgenden
376 2994 1611 3127 Von unserem ständigen Korrespondenten.
1661 3040 2417 3127 Spezialdrahtbericht:
1737 3074 2911 3181 Zürich. 29. Mai, 2 Uhr 10 Min. nachm.
1129 3086 1592 3196 Rom, 27. Mai.
1680 3154 2899 3245 (Von unserem e.-Korrespondenten.)
388 3139 1619 3257 Es war in den Junitagen des Jahres 1908.
1664 3226 2892 3317 Die Deutsche Luftschiffgesellschaft will eine Ver¬
380 3234 1615 3291 In Parma herrschte der Belagerungszustand.
376 3276 1607 3359 Der Stadtteil jenseits des Flusses stand unter
1657 3306 2911 3401 bindung zwischen Luzern und nord= sowie süd¬
388 3344 1619 3409 der Herrschaft der Streikenden. Man sah auf
1661 3355 2907 3454 deutschen Städten herstellen. Die Baukosten
372 3393 1615 3466 den Straßen nur Soldaten und wieder Soldaten,
1668 3447 2907 3515 einer Luftschiffhalle in Luzern betragen etwa
388 3458 1600 3538 und Tag und Nacht hörte man zwischen den ver
388 3507 1619 3572 lassenen Mauern das Getrappel der Kavallerie¬
1668 3504 2907 3583 700,000 M., also fast eine Million Frank. Den
380 3557 1615 3656 patrouillen, die scharfen Kommandorufe der
1668 3564 2903 3659 Bau und Unterhalt der Halle übernimmt die
376 3625 623 3713 Führer.
1668 3633 2922 3732 Deutsche Luftschiffgesellschaft. Die Halle soll
433 3621 1615 3739 Nach Einbruch der Dunkelheit durfte sich nie¬
1664 3686 2907 3785 vier Luftschiffe aufnehmen können. Für den
376 3709 1611 3781 mand mehr auf der Straße sehen lassen, und
1668 3766 2907 3849 Anfang sollen deren drei dort stationiert wer¬
369 3777 1619 3849 die Bürger schlossen sich ängstlich in ihren Häu¬
380 3838 1623 3914 sern ein. Das ganze öffentliche Leben war wie=
1680 3834 2907 3918 den, und zwar zwei für den Fernverkehr und eins
380 3887 1626 3986 in eiserne Bande geschlagen und wagte sich nicht
1672 3895 2903 3986 für den Lokalverkehr. Das letztgenannte Schiff
380 3944 718 4039 zu rühren.
1668 3971 2918 4043 wird um den Rigi fahren, aber auch je nach den
460 3956 1638 4062 Der einzige, der sich um all das nicht
1668 4024 2918 4123 Witterungsverhältnissen Fahrten nach Engels¬
543 4051 1626 4134 ruhig seinen rosigen Pflichten
749 4093 980 4176 Gott
965 4093 1573 4180 Amor. Er pochte an
1672 4085 2922 4195 Keng. Zugerberg. Obwalden und anderen benach¬
1410 4134 1573 4207 ist ihr
965 4146 1254 4222 hen und
1668 4161 2926 4233 barten Orten unternehmen. Ferner verpflichter
380 4138 1634 4275 Blumenstrauße hinein, er öffnete Türen und
1668 4210 2926 4305 sich die Luftschiffgesellschaft, gegen Entgelt auch
2975 4017 3317 4294 sammentritt
388 4252 1630 4328 Tore, auch wenn sie mit dreifachen Eisenketten
1680 4279 2930 4362 Luftschiffen anderer Systeme in ihrer Halle
2964 4267 3295 4355 betriebenen
201 4264 357 4370 von
399 4302 1630 4404 und Eisenriegeln verschlossen waren, und über¬
2968 4332 3310 4423 noch zu einem
1680 4347 2930 4427 Unterkunft zu gewähren. Die Leistungen der
175 4359 334 4427 worden.
399 4362 988 4450 brachte die Liebespost.
437 4362 1626 4469 — Cosimo Teodoro Zaccaria, ein reicher Grund¬
2968 4397 3287 4480 Bis dahin w
156 4412 353 4476 unzu¬
1695 4404 2930 4495 Stadt Luzern sind bedeutend. Sie tritt der Luft¬
403 4450 1581 4568 besitzer, nennt ein Weib sein eigen, das d
152 4465 327 4526 erwar
2968 4461 3298 4549 lassung nehm
1691 4473 2915 4568 schiffgesellschaft für zehn Jahre zur unentgelt¬
403 4495 1463 4606 schönste der Stadt ist und Fanny heißt.
156 4514 334 4579 der be¬
1691 4533 2934 4628 lichen Benutzung ein Grundstück von 300,000
2968 4526 3306 4617 und zu der xxx
410 4571 1626 4644 am Morgen des 30. Mai erwachte, bemerkte er
410 4609 1638 4697 daß nach zehnjähriger Ehe zum ersten Male die
1695 4598 2907 4712 Quadratmeter Größe ab. Es ist im Tribschen
2968 4590 3283 4708 zu nehmen.
391 4670 1645 4754 Lagerstätte zu seiner Rechten leer war. Er er¬
1680 4678 2915 4758 moos gelegen und historisch interessant. Un¬
403 4731 1645 4807 hob sich, ging in den Salon seiner Frau, sah, wie
1691 4750 2926 4837 mittelbar daneben liegt nämlich das bekannte
2975 4727 3295 4822 trat im weit
410 4784 1642 4860 diese in Eile einen Brief verbergen wollte, suchte
2975 4803 3298 4879 nachdem sie,
422 4841 1634 4917 ihr das Blatt zu entreißen, aber das wirbelte
2983 4860 3295 4932 gemeldet, ge
403 4894 1653 4955 von der kleinen Hand zusammengeballt, zum
2975 4913 3306 4986 vertreter die,
403 4940 1638 5035 Fenster hinaus und verbarg sich schuldbewußt in
2975 4963 3298 5039 in die Bera
403 4993 1638 5081 einem Winkel des Säulenhofes. Während Frau
2975 5012 3295 5107 Einführung
422 5050 1645 5141 Fanny mit gellender Stimme der ahnungslos
2991 5081 3295 5149 ein. Ein
422 5107 1653 5187 unten hantierenden Portierfrau zurief, den
2987 5126 3310 5202 macht vert
433 5168 1649 5274 Fetzen zu zerreißen, stürmte Cosimo mit Riesen¬
2994 5179 3306 5259 handelspoliti
426 5217 1600 5297 sätzen die Marmortreppen hinab, ohne
3002 5240 3295 5328 sprach ein
414 5274 1600 5354 darum zu kümmern, daß er im Nachtgewand
2975 5305 3154 5381 tung.
422 5331 1657 5407 war. Er fand den Zettel und entfaltete ihn.
3070 5320 3298 5423 Abg. Rö
414 5388 1668 5464 Da stand geschrieben: „Freitag, 1 Uhr. Artur,
2994 5381 3306 5480 rung teile
433 5438 1649 5514 warum schreibt Du mir nicht? Sind Deine Be¬
2998 5461 3302 5533 des Syndik
433 5487 1649 5575 schäftigungen wirklich so, daß Du nicht an mich
3006 5499 3302 5586 Es sei aller
433 5537 1649 5624 denken kannst? Aber die junge Dame, die stän
2991 5567 3302 5639 meinen Kon
433 5594 1649 5677 dig Dich in Deinem Bureau umschwärmt, läß
2991 5624 3298 5689 nicht nur n
433 5643 1661 5738 ich Deine Fanny vergessen. Warum, warum
3002 5673 3306 5746 noch erhöhte
422 5700 1676 5795 begreifst Du nicht, wie ich Dich liebe, wieder ich
3013 5727 3310 5803 jährige Aus¬
422 5765 1661 5837 Dein bin, ganz Dein! Nimm mich fort von die¬
3017 5772 3306 5856 sich nach der
437 5810 1661 5920 sem Menschen, weit fort, eine Stunde allein mit
3002 5841 3314 5917 Ausfuhrzoll
426 5867 1273 5977 Dir, und ich will selig sterben!“
3006 5886 3306 5962 Mark, für
505 5890 1668 6000 Die Szene, die nun folgte, erzählte Frau
3017 5939 3321 6019 also 26 Mill
445 5970 1664 6076 Fanny später dem Untersuchungsrichter: „Ich
3013 6004 3310 6076 hauptmann
445 6038 1661 6126 stand bleich, zitternd an allen Gliedern vor ihm
3017 6057 3310 6133 mögliche Re
3017 6110 3317 6183 die Steuer
3002 6160 3325 6240 renden Ind
3013 6217 3306 6300 unter diese
3105 6281 3306 6373 Darau
1699 4799 2934 4906 Fideikommißgut Tribschen, in dem Ende der
1702 4872 2926 4982 sechziger Jahre Richard Wagner lebte, und in dem
1691 4936 2915 5035 er seine „Meistersinger" und den „Siegfried“
1710 5001 2934 5111 schuf. Die Grundeigentümer haben das Gelände
1691 5069 2930 5172 vorläufig zu den Vorversuchen zur Verfügung
1710 5153 2941 5240 gestellt. Für die Inbetriebnahme genügt es je¬
1710 5206 2945 5309 doch nicht, es müssen vielmehr noch zirka 65,000
1702 5274 2937 5369 bis 80,000 Quadratmeter Land durch Aufschüt¬
1706 5343 2941 5442 tungen im See hinzugewonnen werden.
1702 5426 2941 5518 Diese Auffüllung bedeutet für die Stadt eine
1714 5480 2934 5571 weitere Ausgabe von mindestens 400,000 Frank
1718 5552 2941 5643 dazu kommt noch der Bau von Zufahrtsstraßen
1714 5616 2956 5704 und Pachtentschädigungen an die Besitzer des
1714 5692 2953 5772 Tribschengebietes, so daß die Leistungen der
1714 5746 2956 5856 Stadt ohne die Kosten der Seeauffüllung sich
1714 5818 2941 5905 auf ungefähr 1 Million Franken belaufen
1706 5882 2949 5989 Weiter ist gefordert ein jährlicher Beitrag von
1714 5958 2964 6042 10,000 M. für 10 Jahre für die Amortisation
1733 6019 2972 6110 und die Intallation. Zu diesen Opfern will sich
1733 6099 2964 6183 das Kurkomitee von Luzern verpflichten, in der
1725 6160 2960 6247 Erwartung, daß das Publikum sie mit tragen
1725 6228 2975 6312 hilft. Am nächsten Dienstag wird Zeppelins
1729 6285 2964 6384 Luftschiff auf dem Tribschenmoos zu einer
1756 6357 2979 6460 Probelandung erwartet. Eine festliche Begrü¬
1737 6430 2497 6555 ßung des Grafen ist geplant.
2949 2535 3268 2611 gestanden.
2941 2592 3264 2668 del Val, sobald
2945 2649 3287 2721 falle erhalten
2945 2702 3283 2778 heftige Vo
2930 2755 3276 2835 verlangen, d
2937 2812 3264 2884 nischen Poli
2930 2858 3287 2937 nische Gesand
2949 2922 3276 2994 Abbitte tun.
3032 2972 3283 3044 diese ter
3036 3021 3279 3097 schroffen
2937 3074 3287 3169 dungen über
3127 3211 3279 3352 Die
2991 3344 3283 3439 Nach den
2945 3393 3306 3507 kommission de
2945 3488 3306 3576 des Blockes fi
2945 3557 3302 3644 wenigstens in
2945 3625 3264 3713 nicht mehr.
2953 3694 3298 3785 genommen w
2945 3758 3295 3842 Kommission
2953 3823 3291 3906 bündeten
2968 3887 3298 3975 bar ist. D
2964 3941 3298 4036 schen Punkt
2968 4017 3310 4100 form scheitern
2968 4081 3295 4161 Parlaments
437 6084 1672 6171 und erwartete meinen Tod. Er blieb kalt und
437 6145 1683 6232 ruhig. Auf seine Frage, wer Artur sei, ant¬
437 6198 1680 6293 wortete ich ausweichend. Er zog sich eilig an
448 6259 1531 6350 und ging. Ich rief ihm nach: „Lieber der
437 6308 1539 6399 als daß du andere den Brief lesen läßt!“
3013 6335 3317 6418 die Stim
460 6357 1680 6445 ergriff einen Revolver und schoß ihn mechanisch
3029 6403 3314 6471 angeno
445 6411 1691 6502 in die Luft ab. Er kehrte zurück, entwand mir
3013 6452 3321 6525 ratung des
437 6475 1436 6582 die Waffe, nahm sie an sich, und ging.
3025 6509 3314 6582 das Zentrui
524 6494 1687 6627 Mittags sagte er: „Ich weiß wohl, an wen
3017 6566 3317 6635 wonach die
448 6578 1691 6669 du schriebst. Ich weiß auch von deinen Zu¬
1782 6547 2713 6715 Spanisch-marokkanische
3025 6612 3321 6684 beiträge
866 6620 1702 6737 Wenn du mir alles gestehst,
460 6646 882 6730 sammenkünften.
445 6707 878 6794 verzeihe ich dix¬
3040 6665 3321 6749 fünf Jahre
2367 6528 2945 6813 Zwischenfälle.
3025 6722 3298 6794 den soll.
521 6699 1699 6832 Da gestand ich ihm meine Beziehungen zum
3036 6768 3317 6855 ebenso Fin
448 6794 1702 6886 Marchese Corradi bis in alle Einzelheiten.
1767 6756 2964 6897 Telegr. unserer Korrespondenten.
3036 6832 3340 6927 ser legt ein
460 6855 1695 6946 Casimo erhob sich totenbleich und sagte weiter
2345 6855 2937 6954 sch. Paris, 29. Mai.
456 6905 1695 7011 nichts als: „Sollte ich sterben, so depeschiere mei¬
3070 6901 3325 7015 ungünf
1824 6916 2975 7011 Der Matin, der seit einiger Zeit eine lebhafte
475 6981 817 7068 nem Bruder!“
1756 6984 2979 7068 Campagne gegen Marry del Val, den spanischen
521 6969 1706 7091 Soweit die Erzählung der Frau. Zaccaria
3029 6996 3321 7110 dar, die e
1771 7049 2983 7121 Gesandten in Tanger führt, läßt sich aus dieser
460 7068 1718 7163 aber begab sich in das Hotel, wo sein
3032 7087 3336 7159 nach oben
1759 7102 2998 7186 Stadt heute drahten, das Auftreten des Diplo¬
479 7129 1714 7224 Freund, der Marchese Corradi, speiste, ließ ihn
1759 7152 2964 7247 maten habe letzthin wiederum zu zwe
3036 7140 3310 7216 Steuern s
479 7190 1695 7273 herausrufen, legte ihm familiär die linke Han=
3040 7193 3329 7269 großen Hil¬
1759 7209 2968 7285 ernsteren Zwischenfällen geführt. Al¬
460 7228 1706 7319 auf die Schulter, und drückte mit der Rechten den
3051 7254 3325 7330 würfen we
1748 7269 2869 7361 die Antwort der spanischen Regierung auf
475 7288 1695 7368 Revolver vor dem Leibe des Freundes ab; blut
3051 7307 3333 7380 Jahren, wi
1759 7315 2873 7395 marokkanischen Vorschlag, eine Gesandtschaft
460 7342 1721 7456 überströmt entfloh der Marchese, aber am nächsten
1759 7372 2991 7467 Spanien zu senden, um direkt und unter Ueber¬
3048 7357 3321 7429 Er weise
3036 7402 3329 7482 das Volksse
460 7414 897 7486 Tage starb er.
1767 7425 3002 7513 gehung Kerry del Vals mit der spanischen Re¬
581 7406 1725 7539 Zaccaria wurde verhaftet, und auch Frau
3059 7459 3321 7535 Volksschulk
1782 7478 2983 7562 gierung zu verhandeln, eingetroffen war, war
585 7505 1706 7592 ny. Warum verhaftete die Polizei auch die
3048 7516 3333 7585 hin. Vor
1771 7524 2994 7615 Merry del Val sie El Gebbas auf den Tisch und
498 7562 1695 7634 schöne Frau Fanny? Die Polizei argwöhnte, daß
3051 7562 3336 7649 Reichsschatz
1790 7589 2991 7672 sagte: „Das ist die Antwort meiner Regierung
475 7623 1706 7695 Arturo nicht Corradi war, und sie hatte recht. Im
3059 7630 3321 7695 lich, wenn
1771 7649 3006 7722 die sich strikte weigert, die marokkanische Gesandt¬
475 7676 1710 7760 Gefängnis gestand Frau Fanny, der Brief sei
3051 7676 3325 7752 Ressortchef
1782 7691 3002 7790 schaft zu empfangen.“ Dann habe Kerry del
281 7642 445 7771 endig.
498 7725 1710 7813 nicht für Corradi, sondern für einen anderen be¬
3070 7741 3340 7809 gegenzuhal
1790 7744 2987 7832 Val ohne Gruß das Zimmer verlassen. Di
274 7752 448 7824 mische
498 7782 1714 7870 stimmt gewesen. Sie habe den Gatten belogen
3063 7790 3344 7862 sind keine
1790 7805 3010 7896 spanische Antwort enthielt angeblich aber das
274 7813 448 7896 mäßige
274 7843 1718 7931 den um den Geliebten zu schützen und habe die ver¬
285 7858 3348 8026 zigung | gangene Liebe preisgegeben, um die gegenwärtige | Gegenteil, von dem, was Kerry del Bal gesagt | mais dara
