3448 4120
2543 461 2670 653 99
1161 712 1922 861 Cäcilie, Amaden.
1156 885 2973 976 Cäc: Mein Telegrammm hast du ja bekom-
1285 1032 2848 1186 men. Es war doch unbequem, in der
1287 1184 2891 1358 Nacht zu reisen; ich hätte von der
1306 1330 2808 1543 Oper direkt auf die Bahn müssen.
1150 1484 2821 1705 Amad: Das hätte gar keinen Sinn ge-
1245 1633 3002 1859 habt. - Uebrigens bist au hier morgen
1303 1816 2853 2017 und übermorgen frei. Der Direktor
409 1805 1129 2062 Mai mille marié
1308 1974 2921 2164 hatte ursprünglich für morgen eine
1310 2135 2878 2329 Probe angesetzt, aber dann kam er
1337 2324 1766 2489 davon ab.
1197 2437 3004 2620 Cäe: Das hab' ich zum Teil wol dir zu
1348 2622 1841 2817 verdanken?
1193 2787 1938 2952 Amad: O nein!.
1498 2905 1744 3006 Carp
1220 2855 2961 3115 Cäe: O, verstrubelt siehst du wieder
1339 3126 1873 3268 einmal aus!
1247 3230 2516 3440 Amad. Nun ja. Also erzähle.
1249 3352 3000 3598 Cäe: Nun, das meiste hab' ich air ja
1358 3512 2982 3734 geschrieben. - Also es war wirklich
