3480 4088
2586 406 2781 539 119
1163 597 1799 792 Cäc: Nichts.
1175 736 2646 945 Amad: Ah... du weichst zurück!
1182 884 2892 1110 Cäc: Geschehen ist nichts. Aber ich
1330 1052 2971 1244 war oder ich bin in Gefahr... Nein,
1300 1161 2867 1395 das Wort hat keinen Sinn; ich bin
1342 1342 2904 1560 doch frei; und Gefahr gibt es nur
1344 1520 2969 1711 für Leute, die sich vor jemand ver¬
1353 1692 2168 1855 antworten miissen.
1223 1841 2310 2038 Amad: Dieser Wedius...
1235 1999 1850 2159 Cäc: Wedius.
1233 2091 3097 2317 Amad: Dessen Name einige Mal in deinen
1388 2231 3087 2493 Briefen wiedergekehrt ist. Du nennst
1386 2440 3039 2658 ihn einmal eine dämonische Natur...
1274 2584 3138 2767 Cäe: Das ist er auch. Ich habe das bis-
1397 2723 3171 2943 her immer für eine Fabel gehalten von
1416 2885 3078 3113 den Männern, denen man nicht wider-
1393 3050 2983 3266 stehen kann, Und es war ein Abend,
1432 3196 3090 3459 an dem er aus mir hätte machen kön-
1397 3380 2305 3577 nen, was er wollte.
1316 3496 2700 3774 Amad: Er war aber Terere?...
