3432 4104
2537 396 2673 566 98
1158 564 2947 789 Cäs: Wie geht’s denn eurer Oper? Seid
1343 773 2078 898 ihr schon weit?
1210 936 2767 1056 Alb: Nun, das wird Ihnen Amadeus
1345 1058 3041 1201 schon alles erzählen. Ich gratuliere
1305 1234 2824 1359 Ihnen übrigens zu den Triumphen.
544 1343 1212 1615 Jetzt: Paris befohlen
1230 1401 2820 1521 Cäe: Ich danke schön. Es war sehr
1365 1512 1666 1706 se hön
1230 1646 2954 1856 Alb: Nicht wahr - in die Fremde muss
1321 1807 2920 2016 man gehen, um anerkannt zu werden?
1379 1954 2894 2161 Nur schade, dass für Manchen die
1435 2112 2936 2334 Fremde wahrsche inlich ausser der
1379 2328 1847 2493 Welt ist.
1259 2379 2967 2651 Amad: Für einen Weltbürger wie dich
1401 2624 2784 2809 natürlich. :Verabschiedung.
