3291 4280
2700 338 2975 542 10
661 720 1676 865 III.Akt. Des Morgens.
496 888 2530 1055 Der Kapellmeister im Zimmer, komponiert.
630 944 2760 1174 Abschiedsbrief der Sängerin. Brief der Jüdin.
632 1146 2241 1325 Der Dichter: Ich habe den Schluss:
638 1361 1095 1495 Die Frau.
641 1446 2808 1611 Die Sache mit dem kleinen Sigismund ist ärger,
607 1625 2757 1775 als ich dachte. Dann: Mein Lieber, wir müssen
655 1821 1251 1954 auseinander.
664 1900 2870 2102 Er: Aber es ist doch nicht so schwer zu nehmen.
672 2039 2754 2224 Schwer nicht, mein Lieber, aber ehrlich. Wir
669 2198 2927 2394 müssen auseinander, ich muss es Sigismund sagen.
752 2397 2070 2578 Er hat’s doch nie geglaubt.
698 2504 2774 2700 Nein. Freiheit! Jetzt ist die Sache doch be-
709 2638 2816 2845 schmutzt. Wir sind schwach. Und seelische Be-
698 2797 2836 3029 ziehungen reissen doch immer ein Stück Körper
720 2953 2947 3168 mit. Wenn ich jetzt bei dir bleibe, was ist von
723 3128 3004 3330 der ganzen Sache übrig? Eine  Man der seine Frau
743 3276 2564 3514 eine Frau, die ihren Mann betrogen hat,
732 3446 2734 3645 Nicht betrogen; wir haben’s uns ja gesagt,
754 3611 2249 3792 Betrug bleibt es an den Andern.
2312 3602 2859 3798 Es ist eine
