3496 4104
2712 391 2828 566 74
1305 561 2816 761 neuem erobern; du weisst es wel.
1173 730 2858 926 Amad: Wenn auch, es wird dir niemals
1310 902 2778 1063 schwer; und darauf kommt es an.
1173 1034 3065 1218 Fried: Nein, es kommt darauf an, gleich
1310 1216 2962 1388 mässig zu besitzen, ohne immer wie-
1312 1378 2366 1541 der zittern zu müssen.
1185 1484 2691 1699 Amad: Vor wem zitterst du denn?
1185 1701 2184 1854 Fried: Du fragst?...
1152 1817 2924 2012 Amad: Ich habe allen Grund zu fragen.
1322 1970 2995 2149 Denn ich habe keine Ahnung, vor wem
1348 2163 1916 2328 du zitterst.
1211 2290 2910 2483 Fried: Vor allen. Sie laufen dir ja
1341 2465 2853 2637 alle nach! - Meinst du, ich sehe
1338 2587 2875 2776 nicht, wie das Harfenfräulein an
1345 2733 2297 2934 deinem Blicke hängt?
1211 2868 2846 3089 Amad: Sonst käme sie aus dem Takt.
1211 3004 2877 3245 Fried: Wie das Fräulein Heitmüller
1371 3160 3049 3407 sich an dich heranzuschmiegen trach-
1376 3355 1581 3551 tet?
1235 3445 2604 3669 Amad: Wer ist das überhaupt?
1237 3636 2926 3841 Fried! Du weisst es wehl! Der Page!
