3448 4104
2276 453 2454 616 179
1357 576 1751 750 Cäcilie.
1366 716 2467 870 Amad: Du willst gehen?
1372 813 3075 987 Cäe: Ich könnte gleich den Buben be-
1522 906 3007 1129 gleiten. Ich will in die Kanzlei.
1514 1052 2933 1283 Ich muss wol. Grüss dich Gott.
1440 1207 2672 1425 Wir sehen uns ja zu Tisch.
1306 1381 2956 1586 Amad: Freilich, Aber wenn du nicht
1406 1529 2979 1766 sehr eilig bist - ich möchte gern
1463 1679 2931 1897 noch eine Viertelstunde mit dir
1461 1887 1916 2048 plaudern.
1338 2012 2289 2217 Fräulein und Bub ab.
