3496 4216
2746 459 2937 569 166
1413 641 2990 777 die mehr zu verraten scheinen als
1422 764 3071 939 Sympathie.... aber es sind eben nur
1422 959 2901 1100 Mmente! Dann ist gleich wieder
1443 1071 3020 1234 diese seltsame Fremdheit da,- als
1434 1257 3145 1469 wenn sie tausend Meilen weit von mir
1438 1445 1891 1568 weg wäre.
1313 1568 3089 1734 Amad: Sie sind wirklich in unerlaub-
1465 1716 3080 1837 tem Maasse skeptisch! Es gibt doch
1454 1868 3011 2025 Beweise... untrügliche Beweises...
1324 2023 2997 2171 Sigism:.:plötzlich: Hat sie sich
1474 2162 3060 2368 beklagt darüber, dass ich in Dres-
1485 2365 1884 2484 den war?
1346 2498 2303 2668 Amad: Beklagt?!...
1346 2542 2972 2849 Sigism: Nun ja, dass ich ihr ohne
1501 2804 2916 2950 direkte Erlaubnis gefolgt bin.
1360 2968 3078 3098 Amad: Sie hat es Ihnen gewiss nicht
1557 3071 3174 3300 verboten. Sie waren ja zusammen in
1519 3288 2135 3412 Gesellschaft.
1382 3342 3181 3591 Sigism: O, erinnern Sie mich nicht an
1528 3571 3185 3725 diese Gesellschaft! Da bin ich Luft
1528 3756 2303 3909 für sie gewesen.
