3496 4168
2765 454 2855 613 2
1270 652 3040 826 gleich!... Siehst du, dass du dich zu
1203 845 2956 1005 einem Nein nicht gleich entschliessen
1205 1046 1558 1154 kannst?
1249 1099 3012 1292 Ich weiss nicht, was dir wieder durch
1055 1222 1164 1309 A:
1217 1328 3079 1483 den Sinn geht! Aber ich versichere dich,
1215 1435 2912 1601 dass ich Dingen dieser Art müde bin.
1210 1625 2975 1753 Sie wirken hier auch anders als im Sij-
1217 1751 2927 1932 den, im Sommer, dort an dem See, wo
1220 1905 3084 2065 überhaupt alles Märchen war. Fühle doch,
1183 2101 3123 2219 dass das vorbei ist! Wir hätten alles ver¬
1179 2231 3072 2384 gessen sollen in dem Augenblick, als wir
1181 2381 2951 2536 wieder in der Stadt waren. Mir ist ja
1222 2533 3147 2695 manchmal, als spielten wir ein Stück ohne
1239 2702 3040 2847 Dekorationen in einem dunkeln Raum wei-
1244 2869 3048 3021 ter. Ich will jetzt allein sein, pried-
1195 3079 1451 3166 like.
1104 3164 3036 3311 F: In einer halben Stunde kommt Cäcilie,
1096 3296 2915 3473 A: War's nicht ausgemacht und hast du
1236 3478 3098 3639 nicht wenigstens das bis heute eingehal
1198 3615 3072 3842 ten, dass du über Dinge, die du nie be-
