3480 4104
2799 457 2976 600 176
1319 584 2281 814 zu ihr zurückkehren.
1130 859 1642 996 Amad: Oh!
1178 887 3013 1141 Sigism: Denn eh' ihr nicht diese Hoff-
1328 1103 2951 1262 nung genommen wird, wird sie nicht
1342 1237 2831 1444 einwilligen. Sie müssen ihr die
1346 1351 3010 1587 ganze Wahrheit sagen. "Cäcilie, ich
1312 1578 2935 1728 bin deiner nicht wert. Ich bin ein
1362 1692 2967 1876 Wüstling und ein gottloser Mensch,
1357 1851 2967 2071 Und Sigismund ist ein junger Mann,
1378 1994 2940 2208 der niemanden liebt auf Erden als
1385 2162 3013 2381 dich und der aich glücklich machen
1392 2303 3063 2517 wird. Vergiss mich! Ich werde abrei-
1396 2501 3022 2685 sen... Ich werde nach Griechenland
1401 2678 1821 2863 gehen...
1276 2792 2378 3010 Amad: Nach Australien.
1276 2954 3081 3140 Sigism: "... wehin du willst - und wer-
1392 3124 3076 3304 de dich allein lassen. Ich bin viel-
1430 3304 3049 3467 leicht ein Künstler von Bedeutung,
1446 3422 3165 3608 aber ein verworfener Mensch. Du wirst
1455 3570 3179 3729 diesen Sigismund näher kennen lernen
