3448 4184
749 702 2820 938 es ein Einverständnis ist.+ Schreibt sie dir
749 899 2040 1072 auch, mit wem sie dort ist?
749 974 2787 1247 Sie ist gar nicht mehr weit für mich u.s.w.
754 1172 2750 1389 Die Frau kommt zurück, sehr gut aufgelegt.
571 1294 682 1445 3.
763 1364 2834 1551 In der letzten Zeit haben sie wenig geredet.
768 1489 2901 1690 Frau beklagt sich sehr über die Sängerin, die
788 1673 1879 1843 sie schlecht behandelt.
791 1851 1974 2021 Ihre Erfolge waren gross.
824 1921 3040 2152 "Sigismund war mit mir, aber er ist früher abge-
810 2202 1139 2330 reist."
824 2246 2394 2480 „Sigismund wird ja doch heiraten."
813 2444 1990 2645 Der Tenor dort herrlich!
824 2620 1662 2803 Zuerst den Buben.
841 2723 2299 2926 Ich habe auf der Bahn gegessen.
846 2942 1442 3104 Nun zum Tee.
863 2951 3023 3232 Er spricht über die Komposition des Librettes,
863 3137 3037 3393 dann über seine Geliebte. Sie ist dumm. Aller-
863 3302 3101 3558 dings jetzt ein kleines Fräulein, offenbar eine
880 3471 2931 3733 Jüdin, schreibt mir sehr sonderbare Briefe.
