<?xml version="1.0" encoding="UTF-8" standalone="yes"?>
<PcGts xmlns="http://schema.primaresearch.org/PAGE/gts/pagecontent/2013-07-15" xmlns:xsi="http://www.w3.org/2001/XMLSchema-instance" xsi:schemaLocation="http://schema.primaresearch.org/PAGE/gts/pagecontent/2013-07-15 http://schema.primaresearch.org/PAGE/gts/pagecontent/2013-07-15/pagecontent.xsd">
    <Metadata>
        <Creator>prov=READ-COOP:name=TrHtr:version=2.1.0:model_id=51170:date=29_07_2023_16:32</Creator>
        <Created>2023-05-10T13:04:46.957+02:00</Created>
        <LastChange>2023-07-29T16:32:14.837+02:00</LastChange>
        <TranskribusMetadata docId="1428560" pageId="55407927" pageNr="56" tsid="131449108" status="IN_PROGRESS" userId="64420" imgUrl="https://files.transkribus.eu/Get?id=JUDVWMNDYEGIALERSNVVVBXM&amp;fileType=view" xmlUrl="https://files.transkribus.eu/Get?id=QNTWPLMWQHBZILSQCZMBPOXI" imageId="44682073"/>
    </Metadata>
    <Page imageFilename="1428560_0056.jpg" imageWidth="3368" imageHeight="4136">
        <ReadingOrder>
            <OrderedGroup id="ro_1711794768724" caption="Regions reading order">
                <RegionRefIndexed index="0" regionRef="tr_1"/>
                <RegionRefIndexed index="1" regionRef="tr_2"/>
            </OrderedGroup>
        </ReadingOrder>
        <TextRegion id="tr_1" custom="readingOrder {index:0;}">
            <Coords points="313,342 3175,342 3175,2835 313,2835"/>
            <TextLine id="tr_1_tl_1" custom="readingOrder {index:0;}">
                <Coords points="2275,458 2401,455 2440,483 2506,458 2723,504 2922,455 3000,497 3003,210 2796,192 2625,220 2384,186 2278,220"/>
                <Baseline points="2294,393 2339,405 2384,411 2429,420 2473,420 2518,423 2563,423 2608,423 2652,426 2697,420 2712,414 2718,414 2736,408 2781,411 2825,414 2870,408 2915,402 2960,402 3007,392"/>
                <TextEquiv>
                    <Unicode>merielte</Unicode>
                </TextEquiv>
            </TextLine>
            <TextLine id="tr_1_tl_2" custom="readingOrder {index:1;}">
                <Coords points="511,696 864,766 1253,651 1365,742 2264,602 2944,676 3020,668 3031,452 2709,546 1400,466 1074,466 784,616 514,546"/>
                <Baseline points="531,656 572,656 617,659 662,665 707,665 752,665 796,665 841,665 886,662 931,662 975,659 1020,659 1065,656 1110,659 1154,656 1199,650 1244,647 1289,644 1333,638 1378,638 1423,635 1468,629 1512,623 1557,623 1602,623 1647,623 1692,620 1736,617 1781,617 1826,617 1871,617 1915,614 1960,611 2005,611 2050,608 2094,605 2139,602 2184,602 2229,602 2273,599 2318,596 2363,599 2408,596 2452,596 2497,593 2542,590 2587,587 2632,587 2676,587 2721,587 2766,584 2811,581 2855,581 2900,581 2945,590 2990,596 3034,596"/>
                <TextEquiv>
                    <Unicode>Wer ich für Dich begehrenswert in dem Jahr</Unicode>
                </TextEquiv>
            </TextLine>
            <TextLine id="tr_1_tl_3" custom="readingOrder {index:2;}">
                <Coords points="294,819 672,872 2373,742 2636,816 2975,760 2978,676 2786,609 1365,742 1246,648 868,763 298,704"/>
                <Baseline points="313,802 349,796 393,796 438,796 483,796 528,796 572,796 617,793 662,793 707,793 752,796 796,796 841,796 886,793 931,793 975,790 1020,787 1065,787 1110,784 1154,781 1199,781 1244,778 1289,775 1333,769 1378,766 1423,763 1468,763 1512,760 1557,754 1602,754 1647,754 1692,754 1736,754 1781,752 1826,754 1871,754 1915,754 1960,754 2005,754 2050,749 2094,749 2139,749 2184,749 2229,737 2273,734 2318,728 2363,728 2369,725 2414,728 2458,731 2503,731 2548,728 2593,725 2637,722 2682,722 2727,722 2772,722 2817,725 2861,728 2906,728 2951,728 2987,728"/>
                <TextEquiv>
                    <Unicode>du wir fremd anleueinende lebten! War ist es</Unicode>
                </TextEquiv>
            </TextLine>
            <TextLine id="tr_1_tl_4" custom="readingOrder {index:3;}">
                <Coords points="322,970 1610,886 2436,973 3129,830 2376,742 322,906"/>
                <Baseline points="340,948 364,948 408,945 453,940 498,934 543,934 587,934 632,931 677,928 722,928 766,925 811,925 856,922 901,919 945,922 990,916 1035,913 1080,910 1125,910 1169,904 1214,901 1259,898 1304,892 1348,889 1393,886 1438,886 1483,886 1527,886 1572,883 1617,886 1662,886 1706,889 1751,889 1796,889 1841,892 1885,889 1930,889 1975,883 2020,883 2065,883 2109,880 2154,877 2199,877 2244,877 2288,871 2333,871 2378,871 2423,871 2467,868 2512,868 2557,865 2602,865 2646,862 2691,862 2736,859 2781,859 2825,862 2870,859 2915,859 2960,859 3005,859 3049,859 3094,859 3139,865"/>
                <TextEquiv>
                    <Unicode>in diesen letzten Wochen der Freundschafts Ermodie¬</Unicode>
                </TextEquiv>
            </TextLine>
            <TextLine id="tr_1_tl_5" custom="readingOrder {index:4;}">
                <Coords points="1372,987 1410,990 1438,970 1484,1012 1536,973 1589,990 1638,952 1659,952 1662,917 1645,917 1600,886 1550,903 1519,886 1488,900 1456,889 1438,900 1376,900"/>
                <Baseline points="1390,963 1399,963 1444,957 1489,954 1533,954 1578,951 1623,951 1668,948"/>
                <TextEquiv>
                    <Unicode>grud</Unicode>
                </TextEquiv>
            </TextLine>
            <TextLine id="tr_1_tl_6" custom="readingOrder {index:5;}">
                <Coords points="410,1088 990,1050 1250,1152 1407,1057 2359,994 2818,1074 3020,1018 3028,868 2436,973 2026,900 1488,1004 1292,931 900,1026 413,973"/>
                <Baseline points="432,1059 438,1059 483,1059 528,1059 572,1062 617,1059 662,1062 707,1062 752,1059 796,1059 841,1056 886,1053 931,1050 975,1047 1020,1047 1065,1044 1110,1041 1154,1035 1199,1035 1244,1035 1289,1032 1333,1032 1378,1032 1423,1029 1468,1029 1512,1023 1557,1023 1602,1023 1647,1020 1692,1020 1736,1017 1781,1017 1826,1014 1871,1011 1915,1014 1960,1014 2005,1008 2050,1005 2094,1005 2139,1002 2184,996 2229,996 2273,993 2318,993 2363,993 2408,993 2452,996 2497,996 2542,996 2587,996 2632,996 2676,993 2721,993 2766,993 2811,993 2855,996 2900,996 2945,999 2990,999 3034,999"/>
                <TextEquiv>
                    <Unicode>Warum bin ich es gestern Abend wieder für</Unicode>
                </TextEquiv>
            </TextLine>
            <TextLine id="tr_1_tl_7" custom="readingOrder {index:6;}">
                <Coords points="438,1197 616,1284 840,1186 1606,1242 2208,1120 2866,1200 2944,1057 441,1116"/>
                <Baseline points="456,1187 483,1187 528,1181 572,1184 617,1184 662,1187 707,1187 752,1187 796,1184 841,1181 886,1181 931,1178 975,1178 1020,1175 1065,1172 1110,1172 1154,1169 1199,1163 1244,1160 1289,1163 1333,1163 1378,1160 1423,1160 1468,1154 1512,1151 1557,1151 1602,1151 1647,1148 1692,1151 1736,1148 1781,1148 1826,1142 1871,1142 1915,1139 1960,1136 2005,1136 2050,1133 2094,1130 2139,1130 2184,1125 2229,1122 2273,1116 2318,1116 2363,1113 2408,1116 2452,1116 2497,1119 2542,1119 2587,1119 2632,1122 2676,1122 2721,1125 2766,1125 2811,1128 2855,1128 2900,1128 2945,1133"/>
                <TextEquiv>
                    <Unicode>dich geworden? (alstzlich! Weil ich noch</Unicode>
                </TextEquiv>
            </TextLine>
            <TextLine id="tr_1_tl_8" custom="readingOrder {index:7;}">
                <Coords points="427,1323 714,1393 2558,1270 3034,1376 3140,1190 2534,1225 2264,1134 2118,1236 427,1284"/>
                <Baseline points="447,1313 456,1316 501,1316 546,1316 590,1316 635,1316 680,1318 725,1318 769,1318 814,1316 859,1313 904,1313 948,1313 993,1307 1038,1304 1083,1301 1128,1298 1172,1298 1217,1301 1262,1298 1307,1298 1351,1298 1396,1298 1441,1295 1486,1292 1530,1295 1575,1292 1620,1289 1665,1286 1709,1289 1754,1286 1799,1286 1844,1280 1888,1280 1933,1280 1978,1280 2023,1280 2068,1280 2112,1277 2157,1271 2202,1268 2247,1268 2291,1265 2336,1265 2381,1265 2426,1265 2470,1265 2515,1265 2560,1262 2605,1265 2649,1268 2694,1265 2739,1268 2784,1268 2828,1271 2873,1271 2918,1274 2963,1274 3008,1274 3052,1271 3097,1268 3142,1265"/>
                <TextEquiv>
                    <Unicode>eingehüllt war von den Wünschen Anderer, weil ich</Unicode>
                </TextEquiv>
            </TextLine>
            <TextLine id="tr_1_tl_9" custom="readingOrder {index:8;}">
                <Coords points="424,1519 1995,1428 2978,1522 3090,1505 3094,1351 427,1390"/>
                <Baseline points="441,1435 486,1438 531,1438 575,1441 620,1441 665,1444 710,1444 754,1447 799,1447 844,1447 889,1444 934,1444 978,1441 1023,1441 1068,1438 1113,1438 1157,1441 1202,1441 1247,1441 1292,1441 1336,1444 1381,1444 1426,1441 1471,1441 1515,1441 1560,1444 1605,1441 1650,1438 1694,1435 1739,1435 1784,1435 1829,1432 1874,1429 1918,1429 1963,1429 2008,1426 2053,1426 2097,1423 2142,1420 2187,1420 2232,1417 2276,1417 2321,1417 2366,1417 2411,1417 2455,1417 2500,1417 2545,1414 2590,1414 2634,1411 2679,1414 2724,1414 2769,1414 2814,1417 2858,1420 2903,1423 2948,1426 2993,1432 3037,1438 3082,1444 3100,1453"/>
                <TextEquiv>
                    <Unicode>selbst wünschte, legehrte? – Warum hat ich dir noch</Unicode>
                </TextEquiv>
            </TextLine>
            <TextLine id="tr_1_tl_10" custom="readingOrder {index:9;}">
                <Coords points="494,1662 1057,1586 1883,1666 2051,1572 2667,1544 3115,1628 3115,1540 2860,1446 2160,1438 494,1550"/>
                <Baseline points="513,1578 558,1578 602,1581 647,1581 692,1581 737,1578 781,1581 826,1581 871,1584 916,1584 960,1584 1005,1584 1050,1578 1095,1575 1139,1572 1184,1572 1229,1578 1274,1578 1318,1578 1363,1581 1408,1578 1453,1581 1498,1581 1542,1575 1587,1575 1632,1572 1677,1569 1721,1566 1766,1566 1811,1563 1856,1563 1900,1560 1945,1560 1990,1560 2035,1560 2079,1557 2124,1554 2169,1554 2214,1548 2258,1545 2303,1548 2348,1548 2393,1548 2438,1545 2482,1545 2527,1542 2572,1542 2617,1542 2661,1545 2706,1542 2751,1551 2796,1557 2840,1563 2885,1563 2930,1569 2975,1575 3019,1581 3064,1587 3109,1593 3124,1596"/>
                <TextEquiv>
                    <Unicode>gegeben? Etwa, weil ich dich leibt? Nun</Unicode>
                </TextEquiv>
            </TextLine>
            <TextLine id="tr_1_tl_11" custom="readingOrder {index:10;}">
                <Coords points="514,1754 1418,1726 1568,1816 1922,1708 2188,1785 3157,1729 2916,1575 2502,1662 2051,1568 1869,1676 1606,1606 1396,1694 514,1659"/>
                <Baseline points="534,1733 569,1721 614,1718 659,1718 704,1715 749,1715 793,1718 838,1715 883,1718 928,1724 972,1721 1017,1727 1062,1727 1107,1730 1151,1727 1196,1727 1241,1727 1286,1724 1330,1724 1375,1724 1420,1727 1465,1727 1509,1727 1554,1727 1599,1724 1644,1721 1689,1718 1733,1718 1778,1715 1823,1712 1868,1709 1912,1706 1957,1703 2002,1700 2047,1697 2091,1700 2136,1697 2181,1697 2226,1694 2270,1694 2315,1694 2360,1694 2405,1697 2449,1694 2494,1694 2539,1694 2584,1694 2629,1692 2673,1692 2718,1694 2763,1697 2808,1700 2852,1700 2897,1706 2942,1709 2987,1709 3031,1715 3076,1718 3121,1721 3166,1727"/>
                <TextEquiv>
                    <Unicode>Weil es mir noch im Blutwer, die Wünsche</Unicode>
                </TextEquiv>
            </TextLine>
            <TextLine id="tr_1_tl_12" custom="readingOrder {index:11;}">
                <Coords points="424,1844 1330,1925 1810,1852 1988,1939 2247,1855 2548,1950 2737,1858 3031,1890 3031,1768 2706,1712 1382,1827 424,1785"/>
                <Baseline points="444,1838 489,1844 534,1844 578,1847 623,1847 668,1850 713,1850 757,1856 802,1856 847,1862 892,1862 937,1865 981,1865 1026,1868 1071,1865 1116,1865 1160,1865 1205,1865 1250,1865 1295,1856 1339,1856 1384,1856 1429,1859 1474,1859 1518,1856 1563,1856 1608,1853 1653,1853 1697,1850 1742,1850 1787,1847 1832,1847 1877,1853 1921,1850 1966,1853 2011,1847 2056,1850 2100,1853 2145,1853 2190,1850 2235,1847 2279,1847 2324,1847 2369,1847 2414,1850 2458,1847 2503,1847 2548,1847 2593,1850 2637,1847 2682,1841 2727,1838 2772,1838 2817,1844 2861,1844 2906,1844 2951,1847 2996,1850 3040,1844"/>
                <TextEquiv>
                    <Unicode>die ich geweilt, mein Begehren, das ich noch</Unicode>
                </TextEquiv>
            </TextLine>
            <TextLine id="tr_1_tl_13" custom="readingOrder {index:12;}">
                <Coords points="399,2030 1995,2082 2664,1988 2926,2082 3090,2044 3090,1911 2748,1848 2618,1946 1638,1964 1505,1869 1046,1953 791,1880 399,1995"/>
                <Baseline points="417,2023 453,2020 498,2017 543,2014 587,2011 632,2011 677,2011 722,2014 766,2011 811,2011 856,2014 901,2008 945,2008 990,2005 1035,2002 1080,2002 1125,1999 1169,1999 1214,1999 1259,1999 1304,2002 1348,2002 1393,2002 1438,2005 1483,2002 1527,2002 1572,1999 1617,1999 1662,1999 1706,1993 1751,1993 1796,1996 1841,1993 1885,1996 1930,1996 1975,1996 2020,1996 2065,1996 2109,1993 2154,1990 2199,1987 2244,1984 2288,1978 2333,1975 2378,1978 2423,1978 2467,1981 2512,1981 2557,1984 2602,1981 2646,1981 2691,1981 2736,1981 2781,1981 2825,1984 2870,1984 2915,1984 2960,1984 3005,1984 3049,1984 3094,1981"/>
                <TextEquiv>
                    <Unicode>nicht befriedigt hatte. – Mache doch kein Wesen</Unicode>
                </TextEquiv>
            </TextLine>
            <TextLine id="tr_1_tl_14" custom="readingOrder {index:13;}">
                <Coords points="427,2156 858,2146 1001,2254 1354,2138 1470,2216 1708,2124 2006,2219 2884,2149 2422,1992 1992,2090 1295,2023 934,2118 430,2044"/>
                <Baseline points="450,2142 477,2142 522,2151 566,2154 611,2154 656,2151 701,2151 746,2151 790,2151 835,2148 880,2145 925,2145 969,2145 1014,2148 1059,2145 1104,2145 1148,2145 1193,2139 1238,2136 1283,2133 1327,2130 1372,2130 1417,2130 1462,2127 1506,2121 1551,2118 1596,2115 1641,2115 1686,2115 1730,2115 1775,2115 1820,2115 1865,2118 1909,2118 1954,2124 1999,2118 2044,2118 2088,2127 2133,2130 2178,2127 2223,2121 2267,2118 2312,2118 2357,2124 2402,2124 2446,2124 2491,2124 2536,2124 2581,2124 2626,2124 2670,2124 2715,2124 2760,2124 2805,2124 2849,2124 2894,2118"/>
                <TextEquiv>
                    <Unicode>daraus, daß ich noch keine physische Untreue</Unicode>
                </TextEquiv>
            </TextLine>
            <TextLine id="tr_1_tl_15" custom="readingOrder {index:14;}">
                <Coords points="374,2300 2320,2314 2968,2282 2968,2205 2412,2149 1911,2236 1778,2149 1292,2247 480,2166 374,2236"/>
                <Baseline points="393,2282 423,2282 468,2282 513,2279 558,2279 602,2279 647,2279 692,2276 737,2276 781,2276 826,2273 871,2273 916,2279 960,2279 1005,2282 1050,2282 1095,2282 1139,2282 1184,2279 1229,2276 1274,2276 1318,2276 1363,2273 1408,2270 1453,2270 1498,2270 1542,2270 1587,2270 1632,2264 1677,2264 1721,2261 1766,2258 1811,2258 1856,2261 1900,2264 1945,2264 1990,2264 2035,2261 2079,2264 2124,2264 2169,2261 2214,2261 2258,2261 2303,2258 2348,2261 2393,2261 2438,2261 2482,2258 2527,2258 2572,2256 2617,2256 2661,2256 2706,2256 2751,2253 2796,2253 2840,2253 2885,2253 2930,2253 2975,2256"/>
                <TextEquiv>
                    <Unicode>legungen habe. Ich verdiene daher keine</Unicode>
                </TextEquiv>
            </TextLine>
            <TextLine id="tr_1_tl_16" custom="readingOrder {index:15;}">
                <Coords points="399,2460 1904,2412 2286,2502 2454,2390 2804,2510 3059,2415 3059,2261 399,2356"/>
                <Baseline points="417,2426 426,2423 471,2420 516,2420 561,2417 605,2414 650,2414 695,2414 740,2408 784,2414 829,2414 874,2417 919,2417 963,2417 1008,2417 1053,2417 1098,2417 1142,2420 1187,2417 1232,2417 1277,2414 1321,2411 1366,2408 1411,2405 1456,2408 1501,2408 1545,2402 1590,2408 1635,2408 1680,2408 1724,2405 1769,2405 1814,2402 1859,2402 1903,2402 1948,2399 1993,2399 2038,2399 2082,2399 2127,2393 2172,2393 2217,2393 2261,2393 2306,2393 2351,2390 2396,2387 2441,2387 2485,2393 2530,2393 2575,2393 2620,2390 2664,2393 2709,2393 2754,2393 2799,2390 2843,2390 2888,2387 2933,2390 2978,2390 3022,2393 3067,2396"/>
                <TextEquiv>
                    <Unicode>Dank, kein Lob. Bedenk Dich bei Sigis¬</Unicode>
                </TextEquiv>
            </TextLine>
            <TextLine id="tr_1_tl_17" custom="readingOrder {index:16;}">
                <Coords points="816,2600 892,2628 970,2562 1306,2530 1491,2604 1862,2524 1964,2572 2093,2520 2264,2548 2268,2432 1404,2429 1214,2516 980,2457 819,2510"/>
                <Baseline points="835,2536 844,2539 889,2542 934,2548 978,2545 1023,2545 1068,2545 1113,2545 1157,2545 1202,2542 1247,2536 1292,2527 1336,2527 1381,2524 1426,2524 1471,2524 1515,2524 1560,2524 1605,2527 1650,2527 1694,2527 1739,2527 1784,2524 1829,2521 1874,2524 1918,2524 1963,2521 2008,2521 2053,2521 2097,2518 2142,2521 2187,2524 2232,2521 2276,2509"/>
                <TextEquiv>
                    <Unicode>seiner Anständigkeit</Unicode>
                </TextEquiv>
            </TextLine>
            <TextLine id="tr_1_tl_18" custom="readingOrder {index:17;}">
                <Coords points="2296,2594 2345,2614 2594,2524 2723,2600 2863,2594 2936,2646 3059,2664 3171,2600 3160,2440 3059,2408 2922,2488 2814,2499 2604,2443 2516,2471 2429,2404 2334,2485 2289,2478"/>
                <Baseline points="2312,2509 2357,2515 2402,2518 2446,2521 2491,2521 2536,2518 2581,2518 2626,2518 2670,2521 2715,2521 2760,2521 2805,2524 2849,2527 2894,2530 2939,2533 2984,2542 3028,2551 3073,2554 3118,2566 3163,2572 3175,2575"/>
                <TextEquiv>
                    <Unicode>seine Hephosty¬</Unicode>
                </TextEquiv>
            </TextLine>
            <TextLine id="tr_1_tl_19" custom="readingOrder {index:18;}">
                <Coords points="392,2562 472,2569 640,2552 742,2566 777,2552 780,2464 742,2454 676,2502 634,2464 606,2460 542,2520 525,2502 438,2502 392,2524"/>
                <Baseline points="411,2551 426,2551 471,2551 516,2548 561,2545 605,2548 650,2548 695,2548 740,2548 784,2548"/>
                <TextEquiv>
                    <Unicode>mund</Unicode>
                </TextEquiv>
            </TextLine>
            <TextLine id="tr_1_tl_20" custom="readingOrder {index:19;}">
                <Coords points="427,2678 3066,2737 3066,2653 2642,2548 2345,2611 1869,2524 1498,2611 1292,2544 1183,2642 522,2572 427,2650"/>
                <Baseline points="447,2676 492,2676 537,2673 581,2673 626,2673 671,2673 716,2673 760,2673 805,2673 850,2673 895,2670 940,2667 984,2667 1029,2664 1074,2667 1119,2667 1163,2670 1208,2667 1253,2670 1298,2670 1342,2676 1387,2673 1432,2676 1477,2673 1521,2676 1566,2676 1611,2676 1656,2676 1700,2676 1745,2667 1790,2670 1835,2673 1880,2673 1924,2670 1969,2667 2014,2664 2059,2664 2103,2664 2148,2658 2193,2658 2238,2661 2282,2661 2327,2658 2372,2658 2417,2661 2461,2661 2506,2658 2551,2658 2596,2658 2640,2664 2685,2664 2730,2664 2775,2667 2820,2670 2864,2676 2909,2679 2954,2685 2999,2691 3043,2700 3076,2709"/>
                <TextEquiv>
                    <Unicode>keit: seinem Reschickt, bedenke Dich bei dem</Unicode>
                </TextEquiv>
            </TextLine>
            <TextLine id="tr_1_tl_21" custom="readingOrder {index:20;}">
                <Coords points="476,2835 3028,2821 2860,2688 1298,2716 1218,2790 476,2734"/>
                <Baseline points="495,2822 528,2825 572,2822 617,2820 662,2822 707,2820 752,2820 796,2820 841,2817 886,2817 931,2817 975,2814 1020,2817 1065,2814 1110,2814 1154,2814 1199,2817 1244,2814 1289,2814 1333,2814 1378,2811 1423,2808 1468,2805 1512,2805 1557,2805 1602,2805 1647,2802 1692,2802 1736,2802 1781,2805 1826,2802 1871,2799 1915,2796 1960,2790 2005,2787 2050,2784 2094,2787 2139,2787 2184,2790 2229,2793 2273,2790 2318,2790 2363,2790 2408,2790 2452,2790 2497,2790 2542,2787 2587,2790 2632,2790 2676,2793 2721,2793 2766,2796 2811,2796 2855,2796 2900,2799 2945,2802 2990,2802 3034,2808"/>
                <TextEquiv>
                    <Unicode>Inlendenden, daß er mich nicht vor einge¬</Unicode>
                </TextEquiv>
            </TextLine>
        </TextRegion>
        <TextRegion id="tr_2" custom="readingOrder {index:1;}">
            <Coords points="489,2868 3115,2868 3115,3808 489,3808"/>
            <TextLine id="tr_2_tl_1" custom="readingOrder {index:0;}">
                <Coords points="483,2975 592,3052 735,2954 1340,3038 1438,2954 2188,2926 2954,3006 3094,2989 3094,2832 483,2866"/>
                <Baseline points="501,2954 546,2954 590,2954 635,2954 680,2954 725,2951 769,2951 814,2951 859,2951 904,2951 948,2951 993,2954 1038,2951 1083,2948 1128,2948 1172,2948 1217,2945 1262,2945 1307,2936 1351,2936 1396,2936 1441,2933 1486,2936 1530,2936 1575,2936 1620,2936 1665,2936 1709,2936 1754,2936 1799,2933 1844,2927 1888,2927 1933,2936 1978,2936 2023,2936 2068,2933 2112,2933 2157,2930 2202,2927 2247,2930 2291,2930 2336,2927 2381,2924 2426,2924 2470,2921 2515,2921 2560,2918 2605,2921 2649,2921 2694,2918 2739,2918 2784,2918 2828,2918 2873,2924 2918,2930 2963,2936 3008,2945 3052,2948 3097,2951 3103,2954"/>
                <TextEquiv>
                    <Unicode>Tage in der in gehalten hat. Vielleicht hätte</Unicode>
                </TextEquiv>
            </TextLine>
            <TextLine id="tr_2_tl_2" custom="readingOrder {index:1;}">
                <Coords points="1214,3140 1330,3182 1480,3073 3108,3094 3108,3014 2996,2992 2586,3014 2208,2930 2037,3017 1900,2968 1634,3031 1442,2950 1344,3038 1214,3006"/>
                <Baseline points="1232,3091 1235,3088 1280,3082 1324,3076 1369,3073 1414,3070 1459,3070 1504,3067 1548,3067 1593,3067 1638,3067 1683,3067 1727,3067 1772,3067 1817,3064 1862,3064 1906,3064 1951,3064 1996,3064 2041,3061 2085,3061 2130,3064 2175,3064 2220,3064 2264,3058 2309,3058 2354,3055 2399,3052 2444,3049 2488,3046 2533,3043 2578,3046 2623,3046 2667,3046 2712,3046 2757,3046 2802,3046 2846,3046 2891,3046 2936,3052 2981,3058 3025,3061 3070,3064 3115,3067"/>
                <TextEquiv>
                    <Unicode>dich zuweckt, daß er mir ge¬</Unicode>
                </TextEquiv>
            </TextLine>
            <TextLine id="tr_2_tl_3" custom="readingOrder {index:2;}">
                <Coords points="469,3094 514,3101 528,3090 553,3112 570,3112 630,3090 672,3108 693,3108 690,3052 672,3052 662,3062 644,3048 620,3048 612,3056 584,3052 522,2989 486,3017 466,3020"/>
                <Baseline points="489,3082 534,3085 578,3085 623,3085 668,3088 701,3091"/>
                <TextEquiv>
                    <Unicode>den</Unicode>
                </TextEquiv>
            </TextLine>
            <TextLine id="tr_2_tl_4" custom="readingOrder {index:3;}">
                <Coords points="483,3332 668,3234 1428,3332 1589,3210 2079,3311 2478,3202 2740,3206 2898,3318 3104,3283 3108,3087 486,3185"/>
                <Baseline points="501,3237 516,3237 561,3237 605,3237 650,3234 695,3231 740,3234 784,3231 829,3231 874,3231 919,3228 963,3231 1008,3231 1053,3237 1098,3234 1142,3234 1187,3231 1232,3231 1277,3228 1321,3225 1366,3225 1411,3219 1456,3216 1501,3213 1545,3207 1590,3207 1635,3204 1680,3204 1724,3204 1769,3201 1814,3201 1859,3201 1903,3201 1948,3201 1993,3204 2038,3201 2082,3201 2127,3196 2172,3196 2217,3196 2261,3198 2306,3201 2351,3201 2396,3196 2441,3193 2485,3193 2530,3193 2575,3193 2620,3193 2664,3193 2709,3193 2754,3196 2799,3198 2843,3207 2888,3204 2933,3207 2978,3213 3022,3219 3067,3222 3112,3228"/>
                <TextEquiv>
                    <Unicode>füllt. Und auch diese physische Untreuen, je¬</Unicode>
                </TextEquiv>
            </TextLine>
            <TextLine id="tr_2_tl_5" custom="readingOrder {index:4;}">
                <Coords points="518,3423 984,3384 1127,3472 1421,3381 1533,3458 1624,3378 1743,3465 2272,3350 2958,3381 3010,3283 2877,3318 2716,3202 2065,3322 1656,3322 1536,3238 1446,3328 1270,3272 1071,3346 861,3255 518,3339"/>
                <Baseline points="537,3366 558,3372 602,3372 647,3366 692,3369 737,3366 781,3366 826,3363 871,3363 916,3366 960,3366 1005,3369 1050,3369 1095,3369 1139,3366 1184,3369 1229,3372 1274,3372 1318,3369 1363,3369 1408,3363 1453,3363 1498,3366 1542,3363 1587,3360 1632,3357 1677,3357 1721,3360 1766,3360 1811,3360 1856,3360 1900,3363 1945,3363 1990,3360 2035,3357 2079,3348 2124,3345 2169,3345 2214,3345 2258,3342 2303,3339 2348,3336 2393,3336 2438,3336 2482,3336 2527,3339 2572,3342 2617,3345 2661,3342 2706,3348 2751,3348 2796,3354 2840,3357 2885,3357 2930,3357 2975,3357 3019,3357"/>
                <TextEquiv>
                    <Unicode>hd. ich sie schon begangen, mit Dir denn</Unicode>
                </TextEquiv>
            </TextLine>
            <TextLine id="tr_2_tl_6" custom="readingOrder {index:5;}">
                <Coords points="469,3560 690,3602 802,3518 920,3602 1334,3510 1460,3619 1582,3518 1771,3608 2520,3496 3084,3580 3108,3367 2726,3434 2345,3346 1743,3465 1634,3370 1060,3490 469,3412"/>
                <Baseline points="489,3521 516,3518 561,3515 605,3512 650,3509 695,3509 740,3509 784,3512 829,3512 874,3515 919,3515 963,3515 1008,3515 1053,3515 1098,3512 1142,3509 1187,3506 1232,3506 1277,3506 1321,3506 1366,3506 1411,3503 1456,3503 1501,3500 1545,3500 1590,3500 1635,3503 1680,3506 1724,3506 1769,3509 1814,3509 1859,3503 1903,3503 1948,3503 1993,3509 2038,3503 2082,3500 2127,3500 2172,3497 2217,3494 2261,3491 2306,3491 2351,3491 2396,3491 2441,3488 2485,3488 2530,3485 2575,3482 2620,3485 2664,3485 2709,3491 2754,3494 2799,3494 2843,3497 2888,3497 2933,3500 2978,3500 3022,3506 3067,3509 3112,3506"/>
                <TextEquiv>
                    <Unicode>derjenigt, dem ich nicht die Thüre gewiesen</Unicode>
                </TextEquiv>
            </TextLine>
            <TextLine id="tr_2_tl_7" custom="readingOrder {index:6;}">
                <Coords points="486,3668 805,3668 942,3766 1186,3668 1883,3734 2156,3644 2880,3650 2880,3532 2314,3598 1946,3518 1771,3608 1600,3532 1449,3619 1141,3535 746,3633 486,3556"/>
                <Baseline points="504,3658 516,3661 561,3661 605,3658 650,3658 695,3658 740,3658 784,3658 829,3658 874,3658 919,3658 963,3658 1008,3658 1053,3658 1098,3658 1142,3655 1187,3658 1232,3652 1277,3652 1321,3649 1366,3646 1411,3646 1456,3646 1501,3646 1545,3649 1590,3652 1635,3649 1680,3646 1724,3643 1769,3646 1814,3646 1859,3646 1903,3646 1948,3646 1993,3646 2038,3643 2082,3640 2127,3640 2172,3640 2217,3637 2261,3637 2306,3637 2351,3634 2396,3634 2441,3631 2485,3625 2530,3622 2575,3622 2620,3622 2664,3622 2709,3622 2754,3625 2799,3628 2843,3631 2888,3628"/>
                <TextEquiv>
                    <Unicode>des weiß nicht du, nicht mein Neu</Unicode>
                </TextEquiv>
            </TextLine>
            <TextLine id="tr_2_tl_8" custom="readingOrder {index:7;}">
                <Coords points="528,3798 914,3801 1012,3899 1194,3798 1914,3857 2656,3766 2926,3832 2930,3672 2636,3633 2471,3720 2282,3640 1572,3752 1270,3654 959,3762 528,3762"/>
                <Baseline points="549,3792 564,3792 608,3795 653,3798 698,3798 743,3795 787,3795 832,3795 877,3795 922,3789 966,3786 1011,3789 1056,3792 1101,3792 1145,3792 1190,3795 1235,3795 1280,3795 1324,3792 1369,3795 1414,3792 1459,3795 1504,3798 1548,3798 1593,3798 1638,3798 1683,3795 1727,3798 1772,3795 1817,3795 1862,3795 1906,3792 1951,3792 1996,3792 2041,3789 2085,3789 2130,3786 2175,3786 2220,3780 2264,3777 2309,3780 2354,3777 2399,3780 2444,3774 2488,3771 2533,3768 2578,3768 2623,3762 2667,3762 2712,3762 2757,3760 2802,3762 2846,3762 2891,3762 2936,3760"/>
                <TextEquiv>
                    <Unicode>mein Gelielter, es war der 2 Unis¬</Unicode>
                </TextEquiv>
            </TextLine>
        </TextRegion>
    </Page>
</PcGts>
