3448 4104
2601 408 2776 556 172
1350 556 3044 796 will, darf kein Makel haften - nicht
1357 752 3051 930 vor den Menschen und nicht vor Gott!
1202 909 3055 1108 Amad: Nicht vor Gott... dem nichts ver
1355 1082 2107 1251 borgen bleibt? -
1209 1195 2880 1410 Sigism: Gestern erst auf der Fahrt
1355 1357 2921 1551 nach Wien hab' ich es ihr gesagt:
1373 1539 3111 1694 "Gnädige Frau, lassen Sie es auf eine
1357 1638 2988 1883 Probezeit ankommen... Ich will auf
1378 1844 3004 2028 ein Jahr nach Amerika, nach Austra-
1375 1996 2942 2176 lien... Ich werde Ihnen irgendwie
1433 2116 3124 2344 beweisen, dass ich Ihrer würdig bin.
1253 2296 3014 2504 Amad: Nun, Sie können doch nicht von
1405 2439 3011 2633 ihr verlangen, dass sie Sie gleich
1405 2596 2517 2806 auf ein Jahr fortlässt.
1262 2753 3117 2956 Sigism: Aber nein; sie sagt mir: "Wenn
1419 2898 3127 3104 es Ihnen beliebt, gehen Sie nach Ame-
1426 3053 3085 3279 rika; aber ich kann Ihnen nicht ver-
1440 3219 3097 3445 sprechen, dass es anders sein wird,
1435 3387 2483 3572 wenn Sie zurückkommen.
1290 3544 2421 3717 Amad: Nicht anders?...
