3464 4152
2495 345 2681 484 156
1196 533 2075 720 Amad: Was gibt’s?
1212 631 2951 860 Stubenm:.:meldet den Fürsten Sigism:
1208 849 2000 999 Amad: Wie?!...
1219 992 2756 1171 Die Bulgarin: erschrickt sehr:
1233 1112 3060 1312 Amad: schickt sie fort: Sie sagten,
1389 1258 2915 1462 dass ich zuhause bin?... Das ist
1396 1432 2862 1594 doch... Nun, ich lasse bitten.
1255 1575 2994 1784 Amad: Wie darf er es wagen?.. Natür¬
1405 1734 2806 1905 lich darf er es... Warum denn
1423 1868 2999 2066 nicht? Er hält mich ja für den
1432 2041 2985 2202 besten Freund seiner Geliebten...
1435 2229 2429 2399 Was soll ich nur....
