3448 4120
2720 322 2857 451 52
1301 480 3080 663 Amad: Ganz richtig. So hab' ich’s ge-
1432 645 2875 812 meint. Du verstehst einen doch
1457 812 2997 974 gleich. Es ist ein wahres Vergnü¬
1506 990 2677 1130 gen, mit dir zu arbeiten.
1339 1100 3128 1279 Cäc: Das hast du mir eigentlich schon
1479 1263 3044 1412 lang nicht so beglückt gesagt. Du
1486 1412 3051 1572 bist in der letzten Zeit strenger
634 1518 1360 1712 in mei
1484 1531 2916 1757 mit mir gewesen. Ich hoffe, du
1509 1680 3094 1869 wirst nicht plötzlich zu nachsich-
613 1768 778 1863 w
1515 1926 1703 2084 tig.
1380 2030 2997 2214 Amad: Du weisst sehr gut, dass du
1522 2194 2907 2379 für mich die Einzige bist und
1533 2397 1921 2544 bleibst.
1396 2440 2771 2677 Cäc: XXXX Als Liedersängerin.
1409 2616 2920 2844 Amad: Als Künstlerin überhaupt.
1594 2794 3071 2979 Aber du wirst auch an mir deine
1558 2959 3044 3159 Freude erleben. Was ich für die
1565 3047 3173 3281 nächste Zeit alles vorhabe... Aber
1371 3267 3189 3479 davon später. [:Er beginnt wieder
1569 3412 3042 3642 zu spielen. Hört plötzlich auf:
1642 3529 3105 3761 Ich verehre dich sehr, Cäcilie.
