3544 4184
2546 291 2673 464 96
2416 418 3063 622 1Odate Faren
789 554 1371 746 :Zum II.Akt:
2407 597 2722 829 III tn
662 773 1952 1018 Friederike: Wo ist er? wo?
662 900 2339 1194 Amadeus: ikommt herein:  Was ist?
671 981 3097 1343 Fr: Bist du's, Amadeus?... bist du es wirklich?...
876 1265 1386 1454 und lebst?
699 1374 2410 1590 Amad: Friederike, was ist dir denn?
705 1513 2376 1757 Fr: :auf dem Diwan, lacht u.weint:
761 1603 3041 1927 Amad: Ja, was ist dir? was fällt dir ein? Woher
922 1878 1426 2054 kommst du?
956 1946 3122 2197 Woher?... Nein, geträumt hab' ich nicht - ich
940 2110 3047 2373 hab' es gehört. Wort für Wort! Aber du lebst,
755 2079 916 2252 Fr :
953 2271 2444 2500 darüber kann kein Zweifel sein!
773 2395 3267 2682 Amad: So erkläre doch! Was hat man dir gesagt? Komm
981 2642 1581 2834 doch zu dir!
801 2772 1776 2989 Fr: Wie spät ist's?
807 2948 1596 3153 Amad: Acht Uhr.
838 2998 3143 3295 Fr: Da hab' ich also drei Stunden nichts von der
1083 3140 3205 3456 Welt gewusst... Ja, es war noch licht, als er
1049 3378 1921 3592 zu mir hereintrat.
910 3518 2203 3762 Amad: Wer trat zu dir ein?
888 3706 1680 3914 Fr: Mein Gatte.
