3368 4104
541 661 855 804 I. Akt.
735 781 2974 938 Der Kapellmeister, die Sängerin, die ihm Liebes-
486 807 666 1015 I.1
735 955 2666 1115 geständnisse macht. "Und Ihre Frau - oh!“
721 1098 2837 1253 Er: Unmöglich! Wir haben uns geschworen, uns
738 1267 2082 1401 die ganze Wahrheit zu sagen.
724 1384 2932 1570 Nun, so sage ihr, dass du mich liebst. Du tust
752 1613 1050 1710 es ja.
749 1745 2225 1859 Der Freund. Bürgerlicher Beruf.
146 1742 672 1896 Libretto.2.
755 1853 2994 2079 Glückliche Ehe. 6 Kinder. Kümmert sich nicht um
752 1996 2974 2242 meine Sachen, ich nicht um ihre. Ich kann Lieb-
758 2205 1916 2308 schaften nicht brauchen.
755 2311 2940 2491 Kapellm: Und du glaubstr, das ist das Bessere?
761 2505 2977 2623 Ein erotisches Verhältnis? Pfui! Ich würde lie-
775 2614 2874 2800 ber ein seelisches mit meiner Frau haben und
778 2777 3026 2937 erotisch möge Frau und Mann jeder seinen eigenen
772 2986 2342 3155 Weg gehen. Ich werde es auch tun,
772 3126 1187 3246 Der Bub.
775 3215 3014 3383 Die Frau: Mein Liebster, ehe wir korrepetieren,
589 3303 704 3452 3.
792 3392 2940 3544 will ich dir sagen, dass die Zeit um ist. Ich
784 3546 3020 3752 sehne mich nach einem Andern. Es wäre mir wider
798 3621 3100 3884 lich, es zu verbergen,- so wie du. Unsere Wünsche
