3512 4152
2863 340 2961 522 3
1154 597 2865 844 greifen wirst, nicht mit mir redest?
988 806 3016 1031 F: Du weisst, dass der Fürst Sigismund in
1167 1043 1696 1174 Berlin war.
1033 1149 2898 1351 A: Ich weiss. Was kümmert das dich und
1162 1366 1457 1520 Mich?
1104 1441 2921 1635 F: Ich habe Nachrichten, dass sie den
1194 1630 2240 1814 Fürsten heiraten wird.
1247 1764 3021 1958 Ein Gerücht, das durch Sigismunds Auf-
1068 1814 1174 1953 A:
1220 1898 3064 2107 enthalt in Berlin entstanden ist.- Aber
1227 2061 2475 2265 wozu? was willst du damit?
1315 2180 3150 2397 Ich meine, dass wir Zwei zusammen fort-
1134 2293 1257 2419 F:
1240 2384 2964 2596 gehen sollten - nach Amerika zum Bei¬
1250 2588 1562 2734 spiel.
1157 2689 2883 2873 A: Ja, was geht denn da vor? Du ver-
1257 2832 2409 3027 hehlst mir irgend etwas!
1172 2996 2971 3203 F: Amerika bietet uns mehr - in jeder
1275 3208 1721 3367 Hinsicht.
1144 3299 3064 3541 A: Es ist bisher kein Antrag an mich ge-
1288 3541 1608 3707 langt.
1154 3614 3064 3853 F: Ich hab' ihn auch für dich. Vor acht
