3416 4104
2916 384 3039 503 49
1487 503 3044 712 davon sprechen, und da wir ja als
1516 683 3122 851 Freunde davon sprechen - was wirst
1489 813 3154 977 du tun? Es fügt sich vielleicht gut,
1483 950 3172 1143 dass der Sommer nahe ist und dass du
1487 1134 3129 1323 eine Zeitlang allein sein kannst...
1480 1285 2480 1458 ich meine, ohne mich.
1346 1451 3136 1629 Cäc: Du lässt mir doch den Buben über
1492 1629 2031 1772 den Sommer?
1346 1743 3053 1943 Amad : Also du bist dafür, dass wir
1496 1898 2967 2078 den Sommer getrennt verbringen?
1354 2026 3160 2208 Cäc: Ja. Ich will zwei Monate mich ir¬
1492 2226 3172 2370 gendwo ins Gebirg zurückziehen, ohne
1503 2352 3181 2520 irgend jemanden zu sehen. Ich denke,
1503 2523 3023 2704 du kannstmir's glauben, wenn ich
1512 2666 3107 2850 dir's sage. Sieh mich nicht so an.
1554 2833 3098 2999 Wir Frauen sind eben zögernde. We-
1563 2976 2974 3165 sen, selbst wenn wir ganz ent-
1512 3125 3028 3302 schlosen sind. - Ja, zwei Monate
1516 3257 3129 3464 will ich ganz allein sein; es wird
1548 3439 3003 3630 mir wohl tun. Ich brauche das.
1525 3601 3183 3805 Du wirst dich ein bisschen nach dem
