3480 4104
2660 333 2791 493 84
1232 470 2944 663 Amad: Du scheinst das doch nicht se
1377 682 2894 824 allgemein zu verbreiten, als mir
1377 849 2573 987 wünschenswert ist. Bitte!
1248 1005 2114 1131 Alb: Was ist das?
1265 1150 2623 1274 Amad: Der 27. anonyme Brief.
1258 1285 2986 1427 Alb: :liest:! "Mein Herr! Sie sind
1418 1446 2974 1584 von Gott wahrhaftig mit Blindheit
1416 1586 3121 1756 geschlagen. Oder sind Sie wahrhaftig
1425 1740 3156 2006 der Einzige, der nicht wissen sollte,
1423 1919 2362 2139 dass Frau Cäcilie
1297 2072 2430 2290 Amad: Name ist bekannt.
1299 2208 2997 2465 Alb: "Ihre Ihnen angetraute Gemalin,
1460 2380 3202 2554 die zärtlichsten Beziehungen zu einem
1471 2541 2821 2745 jungen Kavalier...“ Nun ja.
1329 2740 1864 2912 Amad: Nun?
1331 2825 3181 3066 Alb: Wenn's derselbe ist, so ist er ja
1437 2981 3110 3229 sehr liebenswürdig geworden. In dem
1492 3123 3289 3371 gestrigen Brief stand ja, dass du ein
1499 3312 3151 3514 Idiet bist, und im vorgestrigen hat
1501 3449 3006 3674 man dich einen Schurken genannt.
487 3399 1065 3612 have brought his
1391 3523 3050 3835 Amad: Es gibt also eine ganze Menge
