3416 4072
2462 385 2617 537 125
1350 544 2962 736 kein Mensch kümmerte sich um mich,
1350 687 3065 888 und meine Lieder. Ich war ja auf dem
1348 846 3063 1040 Sprung, nach Amerika zu gehen und wä-
1348 1002 2680 1206 re wol nicht wiedergekommen.
1234 1168 2958 1353 Cäc: Und unsere Hochzeit war eigent-
1367 1322 2598 1514 lich auch noch ein Wagnis.
1229 1465 2600 1668 Amad: Ein Sprung ins dunkle.
1234 1624 2420 1811 Cäc: Aber es ward Licht.
1196 1783 3075 1927 Amad: Ja wahrhaftig. Gleich auf unserer
1369 1939 2930 2154 Hochzeitsreise fing das Glück an.
1385 2075 3089 2299 In dem kleinen tiroler Nest hab' ich
2446 2168 2652 2280 Shil
1397 2236 3004 2462 die Symphonie geschrieben, und auf
1397 2357 3063 2598 der Probe hier hab' ich dann den Di-
1402 2549 2974 2750 rektor kennen gelernt - sonst wär
1397 2689 2916 2890 ich ja nie in die Oper gekommen.
1273 2848 3028 3082 Cäc: Und ich ein Jahr darauf. :Noch
425 2920 1163 3105 Man on halb gute
1418 3030 2215 3247 Einiges darüber:
397 3060 1086 3261 Durchzeugn hat
364 3175 1180 3390 dur ist w. de nicht
1285 3196 2313 3383 Amad: Und das Kind...
1252 3296 2705 3586 Cäc: Ja, das war auch schön...
1301 3437 3135 3710 Amad: Nun, es mag werden, was es will:
