3384 4040
2771 428 2913 544 44
1476 596 3081 718 Du wirst Sigismund nicht ewig lie-
1474 751 3068 856 ben, ich weiss es; er ist zu jung.
1037 858 1360 996 derwegen!
1474 898 3035 1046 Er ist dir nicht ebenbüritig, bei
1474 1037 3164 1219 aller Vornehmheit,- du weisst es ja.
1474 1197 3136 1332 Aber trotzdem wirst du leiden, wenn
1478 1376 3070 1492 du ihn verlierst. Das ist nun ein-
1470 1520 2952 1633 mal so. Auch mit diesem Schmerz
1476 1671 3046 1810 ärzt du zu mir kommen; wie du  zu
1531 1832 2413 1935 einem Bruder kämst.
1332 1994 3079 2092 Cac: Lass’ doch!... Sollen wir immer
1470 2153 2955 2258 gleich ans Ende denken? Du bist
1476 2306 2948 2415 seltsam. Denkast du denn daran?
1332 2455 2002 2551 Amad: Ich?...
1332 2596 3005 2730 Cäc: Denkst du schon daran, wie es
548 2769 1221 2946 Nung. d. Aufsch.
1467 2758 2531 2865 mit Isolde enden wird?
349 2869 1090 3059 weil mit so xxx
1330 2915 2765 3051 Amad: Mit Isolde... enden...?
494 3051 801 3188 fahren
1330 3062 3086 3193 Cäc: :nicht schwer:  Kannst du mir
513 3142 950 3278 das Ihr
657 3228 981 3367 nicht
1474 3223 3066 3380 schwören, Amadeus, dass nichts ge-
1474 3328 3040 3503 schehen ist bis zum heutigen Tag?
1328 3525 2959 3667 Amad: Nichts... Nichts als was du
