3416 4072
2500 243 2678 400 126
1269 417 2905 604 wir haben schöne Tages mit einander
1316 602 1718 763 verlebt.
1178 700 2976 936 Cäc: Du redest ja, als wäre alles vor-
1335 866 2983 1077 bei?... Du vergisst ganz, dass sich
1337 1037 3009 1239 im Wesentlichen nichts geändert hat.
1327 1182 3067 1398 Dass das, was uns wirklich verbindet,
1342 1318 2945 1515 nie zerstört werden kann; dass wir
1351 1480 3088 1688 uns die Hände eichen über alles; dass
1358 1688 2964 1843 der tiefe Kern unserer Beziehungen
1372 1789 2957 1997 der selbe ist und dass sich unsere
1363 1920 3018 2145 Freundschaft durch alles eigentlich
1372 2149 2227 2332 nur festigen kann.
1241 2271 3121 2454 Amad: Ja, das ist es. Und wenn sich
1402 2397 2962 2629 de inetwegen die Männer morden und
1414 2601 3004 2772 wenn du sie selber vergiftest, und
1461 2730 2969 2929 wenn ich die Weiber zu Dutzenden
1435 2866 2938 3112 verführe, wie ich nicht übel Lst
1377 3011 3100 3254 habe - unsere Freundschaft bleibt un-
1435 3278 1821 3392 berührt.
1316 3327 3142 3554 Cäe: Und was das Wunderbarste ist, ist
1456 3498 3001 3709 dass wir noch so jung sind Beide.
