3464 4152
2696 422 2891 540 154
1317 561 3005 738 Amadeus allein: Zum Teufel! wenn er
1460 710 2948 906 ahnte, wie wenig mich das ganze
1460 857 3064 1032 Zeug interessiert. :Nach rechts:
1460 1032 3078 1202 Es rührt sich nichts... Es ist gaz
1477 1170 2984 1343 klar: sie will mich nicht sehen.
1481 1326 3118 1502 Und ich ahne nicht, was in ihr vor-
1490 1513 3080 1662 geht... Sie hat sich schlafend ge¬
1496 1620 3089 1815 stellt, als ich sie verliess. Aber
1496 1813 3179 1990 endlich wird sie doch kommen müssen.
1511 2030 2538 2217 Ob sie merklich geklaf haben
1433 2263 2511 2419 (1) - Brief..... among...
1441 2389 2912 2576 Sie. Mit:.. Er war ihr univerl.
1303 2652 2017 2837 Gut W. Neipan,
