3512 4136
2664 368 2851 506 141
1410 576 3021 689 nigen Monaten lächerlich vorgekom¬
1417 735 2952 855 men bist und denen du vielleicht
1467 883 2984 1007 jetzt plötzlich imponieren wirst;
1434 1020 3002 1142 obwol sie naturgemäss fragen wer¬
1437 1192 3091 1312 den: "Gerade heute -?" gerade Don¬
1439 1336 3109 1472 nerstag den siebzehnten Oktober ist
1450 1500 2991 1624 er eifersüchtig geworden?... Ein
1450 1672 2200 1777 seltsamer Kauz!
1312 1796 3017 1931 Amad: Sie mögen sagen, was sie wol¬
1458 1953 2998 2088 len. Ueber das, was ich tue, bin
1463 2130 3035 2237 ich mir und keinem Andern Rechen¬
1467 2269 3104 2391 schaft schuldig. Es muss sein. Ich
1480 2424 3139 2542 brauche das einfach für meine Ruhe.
1474 2555 3194 2692 Es ist der einzige Ausweg; sonst ist
1493 2738 2677 2862 es überhaupt aus mit mir.
1343 2906 2274 3069 Alb: Plötzlich...?
1354 3037 2995 3192 Amad: Seit gestern Abend hat sich
565 3176 1288 3368 as folbit viel gewachte
1498 3218 2178 3342 viel geändert.
687 3342 1210 3497 seit geben wir
1360 3372 2163 3499 Alb: So... hm...
1362 3516 3115 3632 Amad: Also auch du hast es nicht ge-
1491 3693 1853 3843 glaubt
