3400 4104
2527 325 2708 451 182
1380 517 3056 698 re Ehe eine Ehe geworden wie tausend
1378 743 3080 844 andere - man findet sich und betrügt
1391 872 3037 1079 sich - und findet sich wieder. Dass
1382 1027 2912 1173 man sich's eingesteht, macht die
1391 1184 3041 1319 Sache nicht moralischer sondern nur
1384 1367 2956 1485 bequemer... Ja, se ist unsere Ehe
1408 1509 3069 1633 geworden. Alles das, was wir von un-
1408 1652 3048 1785 serer neuen Ehe sprachen, ist Gefa¬
1415 1803 3080 1931 sel - unsere Seelenfreundschaft ein
1424 1964 3076 2086 Wort ohne Sinn - wir haben uns über
1430 2110 3113 2241 schätzt und sind lächerlich geworden
1288 2278 2952 2391 Amad : Es ist nun sinmal sei solang
1474 2437 2873 2564 man jung ist, haben die Selen
1441 2581 2982 2721 zweier Menschen verschiedenen Ge-
1441 2745 3098 2943 schlechts, die sich verstehen, eine
1493 2882 3013 3021 besondere Kraft; sie reissen die
1456 3052 2991 3176 Sinne mit sich und gerade in dem
1454 3181 3146 3407 Augenblick, da man sich am besten zu
1472 3338 3026 3566 verstehen glaubt. Es ist ein Ver-
1478 3534 1877 3691 hängnis!
1295 3649 3050 3828 Cäc: Ja. Du hast es nun selbst ausge
