3384 4088
1438 543 2845 821 wenn man sie sich schliesslich
1404 787 1686 950 nimmt
1286 874 2965 1123 Amad: Soll ich dir mein Wort geben,
1436 1062 2842 1261 dass ich dir nichts übel nehme.
508 1102 1217 1335 Je un di allin
1445 1230 2858 1433 dass ich nicht das Recht hätte
407 1241 1154 1454 der abwenden wurde
411 1353 1313 1579 wenn ich ich viel ist.
1447 1393 2429 1570 etwas übel zu nehmen?
1297 1516 3093 1720 Cäc: Das weiss ich. - Aber da wir nun
1438 1677 2961 1878 in diese Epoche eingetreten sind.
1445 1847 2923 2051 die wir wol vorausgesehen haben
1445 1979 3073 2194 aber doch nicht anders als den Tod
1445 2174 2994 2339 der immer eine unangenehme Ueber¬
1445 2288 2968 2496 raschung bleibt —, so wollen wir
1451 2455 3059 2672 doch nicht pedantisch sein und auf
1463 2603 2543 2827 unserm Schein bestehen.
1324 2780 2500 2952 Amad: Wie meinst du das?
1326 2938 3082 3129 Cäc: Ich meine: Wenn du glaubst, dass
1474 3073 3155 3243 unter diesen veränderten Bedingungen
1474 3225 3068 3424 nicht weiter zusammenleben können,
1478 3399 3032 3605 wir können in Frieden auseinander
1465 3538 1771 3768 gehen.
1196 3730 1333 3916 Mr
