3416 4040
2506 291 2704 455 128
1172 467 2867 660 Cäc: Das auch? - Ja, sag' nur, wie
1312 654 3013 807 hast du zu allem die Zeit hergenem-
1318 861 1546 994 men?
1192 942 3002 1134 Amad: Zeit?... Ah, du weisst ja nicht,
1339 1116 2905 1296 wie es in mir wühlt! Besonders in
1348 1246 2988 1440 den zwei Wochen, die du fort warst,
1303 1429 2912 1593 war ja jede Stunde zehnmal länger.
1348 1584 3045 1740 Ich schlafe kaum. Meine Existenz ist
1350 1738 2871 1936 so ungeheuer reich. Ich bin voll
1366 1886 3056 2073 Entwürfen und Plänen; alles angefan-
1325 2015 3031 2240 gen und nichts vollendet. Jetzt wird
1357 2182 3110 2400 hoffentlich wieder Ordnung in all das
1382 2362 2961 2547 Gewirr kommen. Du siehst, es sind
1382 2495 3004 2695 lauter angefangene Dinge. Hier ein
1386 2644 3106 2851 Bruchstück zu einem Sextett /u.s.w./
1418 2754 3187 2968 Aber nun hab' ich eine Frage an dich.
1409 2950 3106 3124 Werden wir auch die schönen Abende,
1411 3090 3164 3309 wo wir beide nicht in der Oper zu tun
1361 3306 2457 3471 haben, für uns haben?
1289 3417 2594 3640 Cäc: sieht vor sich hin:
1291 3590 2405 3829 Amad: Das dacht ich!
