3464 4152
2610 473 2795 599 183
1460 615 3067 827 sprochen. Und so bleibt uns nichts
1456 818 2328 960 Anderes übrig......
1330 926 2756 1116 Amad: Als wirkliche Trennung.
1341 1104 3094 1285 Cäc : Ja. Denn wenn wir zusammen blei-
1478 1278 3013 1424 ben, sind wir einfach Phrasendre-
1483 1418 2490 1564 scher und Schwindler.
1345 1560 3112 1767 Amaa: Du wolltest also wirklich fort-
1494 1697 3034 1873 gehen? Nach auch in diesen Haus zuröckkehren.
1359 1859 3171 2071 Cäc: Aber!... Wie stellst du dir denn
1508 2024 3178 2222 das vor? Es ist doch viel vernünfti-
1472 2186 3187 2398 ger, gleich die Angelegenheiten wirk-
1512 2333 3196 2544 lich zu ordnen, als sich pathetisch
1519 2497 3196 2664 Lebewohl zu sagen, und dann doch zu-
1539 2657 3056 2819 riickkommen müssen und die Koffer
1539 2790 3128 2977 packen... Die Sache eilt umseweni-
1557 2966 3162 3137 ger, als du ja dieser Tage sowiese
1564 3101 3162 3284 abreisen musst, und ich - ich habe
1519 3275 3139 3444 ja den Eventualvertrag mit Dresden
1573 3419 3137 3615 in der Tasche; und wenn du zurück
1571 3534 3144 3752 kommst, im Jänner, werde ich wahr-
