3512 4184
2765 406 2945 532 161
1471 568 3082 757 wendig, um diese Klärunt überhaupt
1471 728 3096 881 möglich zu machen, dass Frau Adams
1483 892 3007 1036 für eine Zeit dem Einfluss Ihrer
1481 1047 2870 1207 Persönlichkeit entzogen wird.
1357 1191 3191 1382 Ämad: Ich nehme keinerlei Einfluss auf
1490 1376 3064 1503 meins Frau. Es ist Ihnen bekannt,
1515 1499 3198 1658 dass unsere Beziehungen ausschliess-
1508 1686 2986 1798 lich künstlerischer Natur sind.
1371 1839 3180 2008 Sigism: Ich weiss es: Es wird mir un-
1528 1955 3107 2119 unterbrochen versichert. Aber ich
1538 2131 3112 2256 verstehe nicht, warum Sie mit ihr
1528 2293 3160 2414 noch unter einem Dache wohnen. Sie
1538 2461 3080 2585 sind ihr Freund, sagt sie. Wohin
1544 2592 2982 2744 käme man, wenn Jedermit seiner
1549 2756 3141 2888 Freundin einen gemeinschaftlichen
1549 2895 3223 3052 Haushalt führen würdes?... Das wäre
1560 3073 3007 3212 geradezu der erste Schritt zur
1570 3212 3171 3347 freien Liebe! Ein durchaus unmorat
1572 3379 3194 3490 lischer Zustand. - Ich weiss, dass
1579 3525 3226 3652 Ihre Frau keine Geheimnisse vor Ih-
1570 3696 3105 3862 nen hat. Sie müssen doch wissen,
