3448 4152
2464 497 2744 696 184
1382 662 2655 878 scheinlich schon dort sein.
1239 846 2156 1033 Amad: Und der Bub?
1250 940 3016 1166 Cäs: Ich glaube, es wird für dich be-
1405 1109 3007 1332 quemer sein, er bleibt bei mir. Du
1403 1250 2993 1449 könntest mir ja das Gleiche sagen,
1462 1405 3098 1647 aber ich bin die Mutter und glaube
1426 1574 3075 1779 dass ich mich doch besser zur Erzie¬
1421 1759 2329 1946 herin eigne als du.
1293 1871 3134 2087 Amad: Ich bin durchaus nicht so deiner
1428 2030 3093 2258 Meinung... Man könnte doch ganz gut
1501 2167 3027 2388 in ein und der selben Stadt blei-
1462 2347 2911 2555 ben und alle Gelegenheiten aus-
1471 2471 3027 2701 schliessen. Auch vergisst du ganz
1485 2642 3114 2847 unsere Kunst... Wir brauchen einan-
1490 2788 3068 3048 der. Durch Briefe ist eine Freund-
1510 2956 3059 3189 schaft doch nicht auf recht zu er-
1494 3185 1864 3344 halten.
1387 3258 3055 3497 Cäc: schüttelt den Kopf: Du ver-
1544 3415 3045 3629 stehst mich noch immer nicht. Es
1549 3554 3187 3769 geht nicht. Daran liegt es ja eben.
