<?xml version="1.0" encoding="UTF-8" standalone="yes"?>
<PcGts xmlns="http://schema.primaresearch.org/PAGE/gts/pagecontent/2013-07-15" xmlns:xsi="http://www.w3.org/2001/XMLSchema-instance" xsi:schemaLocation="http://schema.primaresearch.org/PAGE/gts/pagecontent/2013-07-15 http://schema.primaresearch.org/PAGE/gts/pagecontent/2013-07-15/pagecontent.xsd">
    <Metadata>
        <Creator>prov=READ-COOP:name=TrHtr:version=2.1.0:model_id=51170:date=29_07_2023_16:32</Creator>
        <Created>2023-05-10T13:05:06.493+02:00</Created>
        <LastChange>2023-07-29T16:32:35.881+02:00</LastChange>
        <TranskribusMetadata docId="1428560" pageId="55408397" pageNr="133" tsid="131449189" status="IN_PROGRESS" userId="64420" imgUrl="https://files.transkribus.eu/Get?id=CJFLJEZRYBRUTHZUYBQSKRTV&amp;fileType=view" xmlUrl="https://files.transkribus.eu/Get?id=YVORXPFOWZDQGEJMHKUGQPCB" imageId="44682543"/>
    </Metadata>
    <Page imageFilename="1428560_0133.jpg" imageWidth="3448" imageHeight="4088">
        <ReadingOrder>
            <OrderedGroup id="ro_1711794841794" caption="Regions reading order">
                <RegionRefIndexed index="0" regionRef="tr_2"/>
                <RegionRefIndexed index="1" regionRef="tr_1"/>
            </OrderedGroup>
        </ReadingOrder>
        <TextRegion id="tr_2" custom="readingOrder {index:0;}">
            <Coords points="1163,406 3034,406 3034,1657 1163,1657"/>
            <TextLine id="tr_2_tl_1" custom="readingOrder {index:0;}">
                <Coords points="2613,464 2625,464 2651,490 2667,483 2679,495 2698,492 2714,504 2728,504 2735,384 2716,389 2709,384 2702,389 2688,382 2672,391 2644,387 2616,394"/>
                <Baseline points="2625,459 2646,462 2691,459 2736,456"/>
                <TextEquiv>
                    <Unicode>73</Unicode>
                </TextEquiv>
            </TextLine>
            <TextLine id="tr_2_tl_2" custom="readingOrder {index:1;}">
                <Coords points="1221,750 1741,694 1952,738 2116,659 2393,720 2852,694 2876,539 2545,579 2236,516 1929,609 1228,607"/>
                <Baseline points="1238,695 1265,695 1309,686 1354,683 1399,680 1444,680 1488,677 1533,677 1578,674 1623,671 1668,668 1712,668 1757,665 1802,662 1847,659 1891,659 1936,656 1981,653 2026,653 2070,650 2115,650 2160,647 2205,644 2249,641 2294,641 2339,638 2384,635 2428,632 2473,629 2518,629 2563,626 2607,626 2652,623 2697,620 2742,617 2787,617 2831,617 2876,617"/>
                <TextEquiv>
                    <Unicode>ganz allein waren! Die Spaziergänge</Unicode>
                </TextEquiv>
            </TextLine>
            <TextLine id="tr_2_tl_3" custom="readingOrder {index:2;}">
                <Coords points="1261,867 1652,846 1997,926 2234,870 2564,888 3000,780 3005,689 1676,717 1418,783 1268,734"/>
                <Baseline points="1277,847 1303,841 1348,838 1393,835 1438,832 1483,829 1527,829 1572,829 1617,829 1662,829 1706,829 1751,826 1796,820 1841,817 1885,814 1930,811 1975,811 2020,808 2064,805 2109,805 2154,802 2199,802 2243,802 2288,796 2333,793 2378,790 2422,787 2467,787 2512,787 2557,784 2601,781 2646,781 2691,778 2736,775 2781,772 2825,769 2870,766 2915,763 2960,763 3004,766"/>
                <TextEquiv>
                    <Unicode>im Wald, die Kahfahrten auf dem klei-</Unicode>
                </TextEquiv>
            </TextLine>
            <TextLine id="tr_2_tl_4" custom="readingOrder {index:3;}">
                <Coords points="1223,1045 1252,1052 1280,1036 1341,1062 1404,1038 1470,1057 1542,1027 1645,1036 1650,909 1498,914 1486,902 1441,935 1395,942 1303,898 1287,912 1230,900"/>
                <Baseline points="1238,990 1250,993 1295,990 1339,993 1384,990 1429,987 1474,984 1518,984 1563,981 1608,978 1653,981"/>
                <TextEquiv>
                    <Unicode>nen See!</Unicode>
                </TextEquiv>
            </TextLine>
            <TextLine id="tr_2_tl_5" custom="readingOrder {index:4;}">
                <Coords points="1148,1205 2023,1141 2170,1177 2203,1010 1802,1022 1603,1088 1498,1057 1369,1097 1155,1064"/>
                <Baseline points="1163,1163 1175,1166 1220,1163 1265,1163 1309,1160 1354,1160 1399,1157 1444,1151 1488,1148 1533,1148 1578,1145 1623,1145 1668,1142 1712,1139 1757,1139 1802,1136 1847,1136 1891,1130 1936,1130 1981,1127 2026,1124 2070,1121 2115,1118 2160,1118 2205,1113"/>
                <TextEquiv>
                    <Unicode>Amad: Es war reizend!</Unicode>
                </TextEquiv>
            </TextLine>
            <TextLine id="tr_2_tl_6" custom="readingOrder {index:5;}">
                <Coords points="1160,1416 1474,1336 1744,1406 2224,1312 2960,1329 2970,1151 1643,1254 1172,1214"/>
                <Baseline points="1178,1321 1184,1318 1229,1318 1274,1318 1318,1318 1363,1315 1408,1315 1453,1312 1497,1306 1542,1306 1587,1306 1632,1303 1676,1303 1721,1298 1766,1298 1811,1295 1856,1292 1900,1286 1945,1286 1990,1283 2035,1280 2079,1280 2124,1277 2169,1274 2214,1274 2258,1271 2303,1268 2348,1265 2393,1262 2437,1259 2482,1256 2527,1253 2572,1250 2616,1247 2661,1244 2706,1244 2751,1241 2795,1238 2840,1235 2885,1232 2930,1229 2974,1229"/>
                <TextEquiv>
                    <Unicode>Fried: Nun gibt es keine Seen und kei-</Unicode>
                </TextEquiv>
            </TextLine>
            <TextLine id="tr_2_tl_7" custom="readingOrder {index:6;}">
                <Coords points="1296,1486 1388,1533 1462,1493 1657,1488 1746,1460 1819,1477 1845,1453 1924,1488 2023,1470 2030,1350 1821,1366 1744,1406 1624,1380 1301,1404"/>
                <Baseline points="1309,1471 1312,1471 1357,1471 1402,1468 1447,1465 1491,1462 1536,1459 1581,1459 1626,1456 1671,1453 1715,1450 1760,1450 1805,1447 1850,1444 1894,1441 1939,1438 1984,1432 2029,1435"/>
                <TextEquiv>
                    <Unicode>ne Wälder mehr!</Unicode>
                </TextEquiv>
            </TextLine>
            <TextLine id="tr_2_tl_8" custom="readingOrder {index:7;}">
                <Coords points="1739,1535 2166,1509 2231,1542 2801,1458 2913,1491 3028,1455 3033,1357 2869,1402 2775,1373 2637,1432 2180,1399 2027,1479 1744,1462"/>
                <Baseline points="1751,1524 1781,1524 1826,1515 1870,1509 1915,1506 1960,1506 2005,1500 2049,1500 2094,1494 2139,1494 2184,1494 2229,1491 2273,1488 2318,1483 2363,1480 2408,1477 2452,1474 2497,1471 2542,1471 2587,1465 2631,1462 2676,1459 2721,1453 2766,1450 2810,1444 2855,1441 2900,1441 2945,1438 2989,1438 3034,1435"/>
                <TextEquiv>
                    <Unicode>ich bin möchtl gegen järziger Verhel¬</Unicode>
                </TextEquiv>
            </TextLine>
            <TextLine id="tr_2_tl_9" custom="readingOrder {index:8;}">
                <Coords points="1170,1671 2515,1648 2880,1575 2888,1491 1448,1584 1179,1538"/>
                <Baseline points="1184,1647 1187,1647 1232,1644 1277,1641 1321,1641 1366,1638 1411,1635 1456,1632 1500,1626 1545,1626 1590,1623 1635,1620 1679,1617 1724,1614 1769,1614 1814,1611 1858,1611 1903,1605 1948,1602 1993,1599 2038,1596 2082,1596 2127,1593 2172,1590 2217,1584 2261,1584 2306,1578 2351,1578 2396,1575 2440,1572 2485,1569 2530,1566 2575,1563 2619,1563 2664,1560 2709,1557 2754,1551 2798,1548 2843,1542 2888,1542"/>
                <TextEquiv>
                    <Unicode>Amad: Kind, das liegt in den geegra-</Unicode>
                </TextEquiv>
            </TextLine>
        </TextRegion>
        <TextRegion id="tr_1" custom="readingOrder {index:1;}">
            <Coords points="1211,1653 3186,1653 3186,3671 1211,3671"/>
            <TextLine id="tr_1_tl_1" custom="readingOrder {index:0;}">
                <Coords points="1329,1833 1713,1788 1842,1840 2288,1741 2850,1732 2857,1629 1338,1713"/>
                <Baseline points="1345,1805 1381,1793 1426,1790 1471,1787 1515,1784 1560,1781 1605,1775 1650,1775 1694,1772 1739,1769 1784,1763 1829,1760 1873,1760 1918,1757 1963,1754 2008,1751 2052,1748 2097,1745 2142,1745 2187,1742 2231,1739 2276,1733 2321,1730 2366,1727 2411,1724 2455,1721 2500,1721 2545,1718 2590,1715 2634,1712 2679,1709 2724,1706 2769,1703 2813,1703 2858,1703"/>
                <TextEquiv>
                    <Unicode>phischen Verhältnissen begründet.</Unicode>
                </TextEquiv>
            </TextLine>
            <TextLine id="tr_1_tl_2" custom="readingOrder {index:1;}">
                <Coords points="1195,1980 1413,2018 2121,1929 2316,1985 2702,1962 2834,1943 2843,1805 1202,1861"/>
                <Baseline points="1211,1951 1235,1948 1280,1951 1324,1948 1369,1948 1414,1945 1459,1945 1503,1939 1548,1936 1593,1936 1638,1933 1682,1930 1727,1927 1772,1924 1817,1921 1861,1915 1906,1912 1951,1906 1996,1906 2041,1903 2085,1903 2130,1900 2175,1897 2220,1894 2264,1891 2309,1888 2354,1885 2399,1879 2443,1879 2488,1876 2533,1873 2578,1870 2622,1864 2667,1861 2712,1858 2757,1856 2801,1856 2846,1856"/>
                <TextEquiv>
                    <Unicode>Fried: Du scherzst dich über alles</Unicode>
                </TextEquiv>
            </TextLine>
            <TextLine id="tr_1_tl_3" custom="readingOrder {index:2;}">
                <Coords points="1320,2149 3014,2100 3030,1877 2367,1997 2191,1962 1702,2034 1331,1980"/>
                <Baseline points="1336,2106 1372,2103 1417,2103 1462,2097 1506,2094 1551,2094 1596,2091 1641,2088 1685,2085 1730,2085 1775,2082 1820,2079 1864,2073 1909,2070 1954,2067 1999,2064 2044,2058 2088,2058 2133,2055 2178,2052 2223,2049 2267,2049 2312,2044 2357,2041 2402,2038 2446,2035 2491,2032 2536,2029 2581,2026 2625,2023 2670,2020 2715,2017 2760,2014 2804,2008 2849,2008 2894,2005 2939,2005 2983,2002 3028,1999"/>
                <TextEquiv>
                    <Unicode>hinweg. Und doch ist es keine Frage:</Unicode>
                </TextEquiv>
            </TextLine>
            <TextLine id="tr_1_tl_4" custom="readingOrder {index:3;}">
                <Coords points="1334,2313 1739,2252 1922,2297 2330,2201 2934,2210 2941,2093 2616,2138 2309,2109 1978,2182 1343,2149"/>
                <Baseline points="1348,2255 1375,2255 1420,2255 1465,2252 1509,2249 1554,2249 1599,2243 1644,2240 1688,2240 1733,2237 1778,2234 1823,2229 1867,2226 1912,2223 1957,2220 2002,2217 2046,2214 2091,2214 2136,2208 2181,2205 2226,2202 2270,2199 2315,2199 2360,2196 2405,2193 2449,2190 2494,2187 2539,2187 2584,2181 2628,2181 2673,2178 2718,2175 2763,2175 2807,2169 2852,2169 2897,2166 2942,2160"/>
                <TextEquiv>
                    <Unicode>seit wir Alle wieder in Wien sind,</Unicode>
                </TextEquiv>
            </TextLine>
            <TextLine id="tr_1_tl_5" custom="readingOrder {index:4;}">
                <Coords points="1350,2461 2817,2405 2932,2325 3089,2332 3094,2243 2391,2306 2184,2266 1666,2344 1359,2316"/>
                <Baseline points="1366,2411 1393,2414 1438,2414 1483,2411 1527,2405 1572,2402 1617,2402 1662,2399 1706,2396 1751,2393 1796,2390 1841,2387 1885,2384 1930,2378 1975,2375 2020,2372 2064,2369 2109,2366 2154,2363 2199,2363 2243,2357 2288,2357 2333,2354 2378,2351 2422,2348 2467,2345 2512,2342 2557,2342 2601,2339 2646,2336 2691,2333 2736,2330 2781,2330 2825,2324 2870,2321 2915,2318 2960,2315 3004,2312 3049,2309 3094,2312"/>
                <TextEquiv>
                    <Unicode>ist es mit unser Beider Glück zu En###.</Unicode>
                </TextEquiv>
            </TextLine>
            <TextLine id="tr_1_tl_6" custom="readingOrder {index:5;}">
                <Coords points="1228,2632 1720,2571 2098,2597 2248,2541 2337,2595 2658,2580 2913,2505 2920,2407 1636,2498 1238,2473"/>
                <Baseline points="1244,2581 1262,2581 1306,2578 1351,2575 1396,2572 1441,2572 1486,2569 1530,2563 1575,2560 1620,2557 1665,2557 1709,2551 1754,2548 1799,2545 1844,2542 1888,2539 1933,2536 1978,2533 2023,2530 2067,2527 2112,2524 2157,2524 2202,2521 2246,2515 2291,2512 2336,2509 2381,2506 2425,2506 2470,2500 2515,2497 2560,2500 2604,2494 2649,2491 2694,2488 2739,2485 2784,2479 2828,2476 2873,2473 2918,2467"/>
                <TextEquiv>
                    <Unicode>Amad: Du bist ein Kind! Du sprichst</Unicode>
                </TextEquiv>
            </TextLine>
            <TextLine id="tr_1_tl_7" custom="readingOrder {index:6;}">
                <Coords points="1371,2735 2789,2733 2965,2667 2972,2548 1781,2651 1378,2623"/>
                <Baseline points="1384,2721 1405,2724 1450,2724 1494,2724 1539,2721 1584,2718 1629,2718 1673,2712 1718,2709 1763,2706 1808,2703 1853,2697 1897,2697 1942,2694 1987,2688 2032,2688 2076,2682 2121,2679 2166,2676 2211,2673 2255,2670 2300,2670 2345,2664 2390,2664 2434,2658 2479,2655 2524,2652 2569,2652 2613,2649 2658,2646 2703,2640 2748,2640 2792,2637 2837,2631 2882,2634 2927,2631 2972,2637"/>
                <TextEquiv>
                    <Unicode>Dinge, von denen du selbst weisst,</Unicode>
                </TextEquiv>
            </TextLine>
            <TextLine id="tr_1_tl_8" custom="readingOrder {index:7;}">
                <Coords points="1383,2904 1955,2864 2126,2916 2491,2822 2939,2812 2944,2726 2562,2700 1868,2808 1390,2796"/>
                <Baseline points="1399,2879 1426,2879 1471,2879 1515,2876 1560,2873 1605,2873 1650,2870 1694,2867 1739,2861 1784,2858 1829,2855 1873,2852 1918,2849 1963,2843 2008,2843 2052,2840 2097,2837 2142,2834 2187,2831 2231,2828 2276,2825 2321,2822 2366,2819 2411,2816 2455,2813 2500,2813 2545,2810 2590,2807 2634,2804 2679,2798 2724,2795 2769,2792 2813,2789 2858,2787 2903,2781 2948,2781"/>
                <TextEquiv>
                    <Unicode>dass sie nicht wahr sind. Du hast</Unicode>
                </TextEquiv>
            </TextLine>
            <TextLine id="tr_1_tl_9" custom="readingOrder {index:8;}">
                <Coords points="1402,3066 2030,3019 2306,3073 2520,3049 2998,2953 3002,2878 2529,2838 2220,2923 2020,2892 1938,2948 1411,2927"/>
                <Baseline points="1417,3037 1441,3037 1486,3034 1530,3034 1575,3031 1620,3028 1665,3022 1709,3019 1754,3016 1799,3013 1844,3010 1888,3004 1933,3004 1978,3001 2023,2998 2067,2995 2112,2992 2157,2989 2202,2986 2246,2983 2291,2980 2336,2980 2381,2974 2425,2974 2470,2969 2515,2969 2560,2966 2604,2966 2649,2960 2694,2954 2739,2954 2784,2948 2828,2945 2873,2942 2918,2936 2963,2933 3007,2918"/>
                <TextEquiv>
                    <Unicode>ein schlechtes Gedächtnis. :Zärt</Unicode>
                </TextEquiv>
            </TextLine>
            <TextLine id="tr_1_tl_10" custom="readingOrder {index:9;}">
                <Coords points="1399,3265 1861,3180 2745,3197 2979,3155 2988,3035 2402,3082 2224,3030 1662,3117 1413,3068"/>
                <Baseline points="1417,3189 1426,3189 1471,3189 1515,3189 1560,3186 1605,3183 1650,3180 1694,3177 1739,3174 1784,3168 1829,3168 1873,3165 1918,3162 1963,3162 2008,3157 2052,3154 2097,3148 2142,3148 2187,3142 2231,3139 2276,3136 2321,3133 2366,3130 2411,3130 2455,3127 2500,3124 2545,3121 2590,3115 2634,3115 2679,3109 2724,3106 2769,3103 2813,3100 2858,3097 2903,3094 2948,3088 2992,3085"/>
                <TextEquiv>
                    <Unicode>licher: Wir haben auch hier hüb-</Unicode>
                </TextEquiv>
            </TextLine>
            <TextLine id="tr_1_tl_11" custom="readingOrder {index:10;}">
                <Coords points="1420,3363 3082,3347 3094,3173 1427,3265"/>
                <Baseline points="1435,3344 1438,3344 1483,3344 1527,3344 1572,3342 1617,3339 1662,3336 1706,3333 1751,3330 1796,3327 1841,3324 1885,3324 1930,3321 1975,3315 2020,3315 2064,3309 2109,3306 2154,3300 2199,3297 2243,3294 2288,3294 2333,3291 2378,3285 2422,3282 2467,3279 2512,3273 2557,3270 2601,3270 2646,3264 2691,3261 2736,3264 2781,3261 2825,3255 2870,3249 2915,3249 2960,3246 3004,3246 3049,3243 3094,3240"/>
                <TextEquiv>
                    <Unicode>sche - ja geradezu wundervolle Stun-</Unicode>
                </TextEquiv>
            </TextLine>
            <TextLine id="tr_1_tl_12" custom="readingOrder {index:11;}">
                <Coords points="1432,3513 1610,3537 2210,3466 2295,3523 2543,3450 2590,3483 2695,3448 2698,3394 2569,3338 2205,3415 2011,3391 1912,3424 1816,3375 1669,3427 1439,3408"/>
                <Baseline points="1444,3497 1450,3497 1494,3497 1539,3497 1584,3494 1629,3491 1673,3488 1718,3485 1763,3482 1808,3479 1853,3476 1897,3473 1942,3470 1987,3467 2032,3461 2076,3461 2121,3458 2166,3455 2211,3449 2255,3449 2300,3446 2345,3443 2390,3440 2434,3437 2479,3434 2524,3431 2569,3428 2613,3425 2658,3422 2703,3422"/>
                <TextEquiv>
                    <Unicode>den mit einander verbracht.</Unicode>
                </TextEquiv>
            </TextLine>
            <TextLine id="tr_1_tl_13" custom="readingOrder {index:12;}">
                <Coords points="1296,3677 2067,3694 2257,3626 2564,3703 2991,3677 3178,3607 3185,3478 3016,3445 2749,3513 2630,3464 1741,3574 1308,3492"/>
                <Baseline points="1312,3658 1351,3661 1396,3658 1441,3658 1486,3655 1530,3652 1575,3649 1620,3646 1665,3643 1709,3640 1754,3637 1799,3634 1844,3631 1888,3631 1933,3625 1978,3622 2023,3622 2067,3616 2112,3613 2157,3610 2202,3607 2246,3607 2291,3601 2336,3598 2381,3595 2425,3592 2470,3592 2515,3589 2560,3589 2604,3586 2649,3583 2694,3580 2739,3577 2784,3574 2828,3574 2873,3568 2918,3565 2963,3562 3007,3559 3052,3556 3097,3553 3142,3550 3186,3547"/>
                <TextEquiv>
                    <Unicode>Fried! Ich muss dich von Tag zu Tag von</Unicode>
                </TextEquiv>
            </TextLine>
        </TextRegion>
    </Page>
</PcGts>
