3512 4152
2541 390 2717 527 198
1386 533 3006 761 du nicht das Recht! Du selbst hast
1425 692 3004 941 mich ja in alles hineingetrieben!
1258 917 1838 1088 Cäc: Oh!...
1309 996 3036 1219 Amad: Ja. Erinnere dich nur. Wie du
1448 1136 3062 1380 plötzlich begannst, mir von Sigis-
1455 1281 3134 1538 mund vorzuschwärmen, wie du sagtest
1489 1465 3152 1714 er sei se schön und elegant, wie du
1491 1618 3160 1845 sagtest, seine Stimme habe etwas Be¬
1500 1776 3092 2025 seligendes für dich, wie du manch-
1502 1943 2982 2187 mal Lust bekämst, ihm durch die
1528 2072 3141 2325 blonden Haare zu streichen,... das
1493 2256 2687 2502 alles musst' ich anhören.
1412 2355 3117 2584 Cäc: Ja. Wir hatten uns vollkommene
1596 2517 3094 2704 Wahrheit geschworen. Es kostete
1581 2633 3231 2856 dich ja nur ein Wort, mich zurückzu
677 2674 1354 2873 Mrs lea Reaubform
1570 2732 3205 3004 holen. Aber du bliebst starr. Mehr
1596 2916 3167 3152 als das: du warst froh! Leugne es
1594 3012 3119 3306 nicht! Du wolltest wieder einmal
1615 3179 3244 3456 flattern, neus Kisse, neue Umarmun-
1630 3314 3074 3670 gen... Du varst eben ein Mann!
