3448 4088
2433 254 2639 524 133
423 537 1199 756 ustat d'Ain
1228 476 1707 730 Sehoess:
287 648 2909 958 Schnung des Holsshofe Amad: Gestehen wir es uns: wir haben
1296 805 2202 1046 uns viel zugemutet.
1166 1020 1805 1235 Cäc: Du dir.
1166 1101 3010 1358 Amad: :ist wieder aufgestanden: Aber
1336 1251 2925 1456 es ist nur der Uebergang; es wird
1323 1440 2013 1635 besser werken.
1189 1577 2981 1805 Cäc: Warum siehst du mich denn so an?
1199 1753 3010 1961 Amad: Es ist für mich doch etwas Selt.
1352 1873 3026 2124 sames - ich kann's dir nicht verheh-
1349 2016 3013 2270 len-, wie du mir nun mit einem Mal
1358 2212 3000 2427 se in einem Duft von Abenteuern da-
1352 2329 3029 2590 herkommst - von vergangenen und von
1375 2495 2990 2736 zukünftigen; denn auch Träume sind
1336 2652 3056 2857 Abenteuer. Du hast irgend etwas Frem-
1388 2821 3111 3049 des für mich - ja etwas Unheimliches.
1410 2997 2228 3179 Verstehst du das?
1270 3104 2974 3329 Cäc: Gewiss versteh' ich es. - Aber
1414 3244 3016 3508 siehst du, auch hierin sind wir so
1427 3414 3029 3671 verschieden. Du bist für mich ganz
1420 3573 3130 3805 unberührt. Du spielst draussen deine
