3384 4152
2418 685 2650 829 196b
885 870 1721 1081 Amadeus: Gewiss.
900 1051 2792 1218 Cäcilie: Nun, ist das etwa der Ausdruck
1169 1196 2873 1367 unseres wahren Gefühls gewesen, dass
1176 1364 2971 1577 wir uns beide so rasch
1178 1513 2186 1680 dreingefunden hatten?
892 1694 2601 1841 Amadeus: Was hätten wir tun sollen?
900 1834 2866 1985 Cäcilie: Gesteh' es nur: deine erste Reg-
1169 2007 2866 2156 ung in jener Stunde war Zorn, Erbit-
1166 2117 2912 2315 terung, Verzweiflung - wie die meine.
1166 2298 2829 2467 Hätten wir einander damals all das,
1176 2452 2856 2609 unsern ganzen Schmerz, einer dem an¬
1176 2599 2958 2763 dern ins Gesicht geschrieen, statt die
1174 2731 2817 2919 Gefassten und Ueberlegenen zu spie-
1176 2885 1812 3059 len, dann — —
1834 2907 2056 3076 eben
892 3064 2804 3181 Amadeus: Dann wäre es ein rasches Ende
1178 3205 1819 3320 gewesen - ja.
900 3293 2841 3462 Cäclie: Oder der Anfang eines neuen Ver-
1183 3450 2802 3621 stehens. Denn damals haben wir uns
1174 3641 1814 3778 noch geliebt.
