3464 4120
2346 348 2528 501 206
1196 547 2999 777 Sigismund tritt ein, er ist etwas ver-
1207 740 1528 888 legen.
1212 850 2462 1057 Sigiem: Es ist zwölf Uhr.
1453 1009 2059 1166 Alle lachen.
1228 1084 3054 1357 Sig: Ich bitte... Parden, ich meine...
1241 1259 2965 1489 Amad: Herr Albert Rohn ist mein be-
1403 1403 2988 1638 ster Freund. Es ist mir erwünscht,
1410 1585 2979 1799 dass er bei dieser Erklärung zuge-
1421 1733 3002 1961 gen bleibt. - Ich habe meiner Gat-
1382 1895 3104 2118 tin alles vorgebracht; sie möge Ihnen
1435 2093 2252 2278 sel bst antworten.
1266 2139 3104 2435 Cäc: Lieber Sigismund, reichen Sie mir
1462 2323 2977 2562 die Hand - ich sage Ihnen anlieu.
1326 2539 2291 2751 Sig: Sie reisen ab?
1348 2580 3084 2879 Cäc: Nein! Sie. Ich bitte Sie darum.
1485 2799 3081 3050 Reisen Sie nach Indien und verges-
1496 2961 3040 3202 sen Sie mich. Es hat sich ein an-
1521 3077 3072 3352 derer Bewerber gefunden, der grös¬
1517 3300 3009 3494 sere Chancen hat als Sie. - Ich
1544 3412 2986 3690 sage "Chancen" - das will viel-
1540 3626 2774 3792 leicht nicht viel heissen.
