<?xml version="1.0" encoding="UTF-8" standalone="yes"?>
<PcGts xmlns="http://schema.primaresearch.org/PAGE/gts/pagecontent/2013-07-15" xmlns:xsi="http://www.w3.org/2001/XMLSchema-instance" xsi:schemaLocation="http://schema.primaresearch.org/PAGE/gts/pagecontent/2013-07-15 http://schema.primaresearch.org/PAGE/gts/pagecontent/2013-07-15/pagecontent.xsd">
    <Metadata>
        <Creator>prov=READ-COOP:name=TrHtr:version=2.1.0:model_id=51170:date=29_07_2023_16:32</Creator>
        <Created>2023-05-10T13:05:14.487+02:00</Created>
        <LastChange>2023-07-29T16:32:42.178+02:00</LastChange>
        <TranskribusMetadata docId="1428560" pageId="55408523" pageNr="156" tsid="131449212" status="IN_PROGRESS" userId="64420" imgUrl="https://files.transkribus.eu/Get?id=YGMYGVQYGEXKKFXZYJRFEDTF&amp;fileType=view" xmlUrl="https://files.transkribus.eu/Get?id=KPMNFDJNJFPFAEDUCXGYTZVF" imageId="44682669"/>
    </Metadata>
    <Page imageFilename="1428560_0156.jpg" imageWidth="3416" imageHeight="4120">
        <ReadingOrder>
            <OrderedGroup id="ro_1711794863857" caption="Regions reading order">
                <RegionRefIndexed index="0" regionRef="tr_1"/>
                <RegionRefIndexed index="1" regionRef="tr_2"/>
            </OrderedGroup>
        </ReadingOrder>
        <TextRegion id="tr_1" custom="readingOrder {index:0;}">
            <Coords points="758,559 2910,559 2910,2496 758,2496"/>
            <TextLine id="tr_1_tl_1" custom="readingOrder {index:0;}">
                <Coords points="2788,648 2799,648 2808,657 2842,653 2847,648 2863,662 2890,650 2904,653 2906,550 2885,550 2879,543 2865,550 2847,541 2826,548 2813,539 2801,548 2790,548"/>
                <Baseline points="2800,615 2821,612 2866,609 2910,612"/>
                <TextEquiv>
                    <Unicode>95</Unicode>
                </TextEquiv>
            </TextLine>
            <TextLine id="tr_1_tl_2" custom="readingOrder {index:1;}">
                <Coords points="1016,821 1123,780 1696,846 1858,787 1946,828 2633,816 2633,723 2535,700 1016,684"/>
                <Baseline points="1030,776 1074,773 1119,773 1164,776 1209,779 1253,779 1298,776 1343,773 1388,776 1433,776 1477,776 1522,776 1567,776 1612,776 1656,776 1701,776 1746,776 1791,773 1836,773 1880,773 1925,773 1970,773 2015,773 2060,770 2104,770 2149,770 2194,773 2239,773 2283,773 2328,773 2373,770 2418,770 2463,770 2507,770 2552,773 2597,773 2639,779"/>
                <TextEquiv>
                    <Unicode>Das Fräulein mit dem Buben herein.</Unicode>
                </TextEquiv>
            </TextLine>
            <TextLine id="tr_1_tl_3" custom="readingOrder {index:2;}">
                <Coords points="1032,1005 1401,1000 1546,939 2033,1019 2781,985 2824,830 2347,882 1035,855"/>
                <Baseline points="1047,925 1092,925 1137,925 1182,925 1227,928 1271,928 1316,928 1361,928 1406,928 1450,931 1495,934 1540,931 1585,931 1630,928 1674,925 1719,925 1764,925 1809,925 1854,925 1898,922 1943,922 1988,925 2033,925 2077,925 2122,925 2167,928 2212,928 2257,928 2301,928 2346,931 2391,928 2436,925 2480,925 2525,925 2570,925 2615,925 2660,925 2704,925 2749,925 2794,925 2830,928"/>
                <TextEquiv>
                    <Unicode>Fräulein: Er hat den Wagen gehört und</Unicode>
                </TextEquiv>
            </TextLine>
            <TextLine id="tr_1_tl_4" custom="readingOrder {index:3;}">
                <Coords points="1203,1110 1389,1130 1457,1176 1726,1105 2062,1144 2215,1100 2215,971 1930,1025 1794,991 1614,1030 1526,1003 1421,1044 1348,1007 1203,1010"/>
                <Baseline points="1215,1080 1259,1080 1304,1080 1349,1080 1394,1083 1439,1083 1483,1080 1528,1080 1573,1080 1618,1080 1662,1080 1707,1080 1752,1080 1797,1080 1842,1077 1886,1077 1931,1077 1976,1080 2021,1077 2065,1077 2110,1077 2155,1080 2200,1083 2221,1089"/>
                <TextEquiv>
                    <Unicode>hat gesagt: Die Mama.</Unicode>
                </TextEquiv>
            </TextLine>
            <TextLine id="tr_1_tl_5" custom="readingOrder {index:4;}">
                <Coords points="1080,1346 2797,1271 2822,1160 1080,1166"/>
                <Baseline points="1092,1236 1137,1233 1182,1233 1227,1236 1271,1238 1316,1238 1361,1236 1406,1236 1450,1236 1495,1233 1540,1233 1585,1233 1630,1233 1674,1233 1719,1233 1764,1230 1809,1233 1854,1233 1898,1233 1943,1233 1988,1233 2033,1233 2077,1233 2122,1233 2167,1233 2212,1233 2257,1233 2301,1233 2346,1236 2391,1238 2436,1238 2480,1238 2525,1238 2570,1238 2615,1241 2660,1238 2704,1238 2749,1238 2794,1236 2827,1238"/>
                <TextEquiv>
                    <Unicode>Cäs: nimmt ihn in den Arm: Ja, da</Unicode>
                </TextEquiv>
            </TextLine>
            <TextLine id="tr_1_tl_6" custom="readingOrder {index:5;}">
                <Coords points="1255,1423 1608,1462 1990,1407 2167,1467 2599,1482 2863,1439 2863,1296 2535,1339 1987,1312 1889,1364 1683,1303 1255,1326"/>
                <Baseline points="1268,1385 1313,1388 1358,1388 1403,1388 1447,1388 1492,1388 1537,1388 1582,1388 1627,1385 1671,1385 1716,1388 1761,1388 1806,1388 1851,1388 1895,1388 1940,1388 1985,1388 2030,1385 2074,1385 2119,1385 2164,1385 2209,1385 2254,1388 2298,1388 2343,1388 2388,1388 2433,1388 2477,1388 2522,1388 2567,1388 2612,1388 2657,1388 2701,1388 2746,1388 2791,1385 2836,1385 2869,1388"/>
                <TextEquiv>
                    <Unicode>ist die Mama. - Na Bubi, hast aich</Unicode>
                </TextEquiv>
            </TextLine>
            <TextLine id="tr_1_tl_7" custom="readingOrder {index:6;}">
                <Coords points="1223,1605 1342,1610 1403,1585 1435,1610 1482,1580 1555,1603 1601,1589 1603,1471 1455,1498 1423,1482 1396,1498 1351,1476 1312,1492 1226,1480"/>
                <Baseline points="1238,1552 1250,1552 1295,1549 1340,1546 1385,1546 1430,1546 1474,1543 1519,1543 1564,1543 1609,1543"/>
                <TextEquiv>
                    <Unicode>gesehnt?</Unicode>
                </TextEquiv>
            </TextLine>
            <TextLine id="tr_1_tl_8" custom="readingOrder {index:7;}">
                <Coords points="1071,1710 1253,1769 2858,1714 2858,1623 2692,1601 1328,1653 1071,1592"/>
                <Baseline points="1083,1701 1116,1698 1161,1698 1206,1698 1250,1698 1295,1698 1340,1698 1385,1695 1430,1695 1474,1695 1519,1698 1564,1698 1609,1695 1653,1695 1698,1695 1743,1695 1788,1695 1833,1695 1877,1695 1922,1695 1967,1695 2012,1695 2057,1692 2101,1692 2146,1692 2191,1692 2236,1692 2280,1692 2325,1692 2370,1692 2415,1692 2460,1692 2504,1692 2549,1689 2594,1689 2639,1689 2683,1689 2728,1692 2773,1689 2818,1686 2863,1692"/>
                <TextEquiv>
                    <Unicode>Bub: Aber Mama, ich bin doch schon so</Unicode>
                </TextEquiv>
            </TextLine>
            <TextLine id="tr_1_tl_9" custom="readingOrder {index:8;}">
                <Coords points="1219,1944 1435,1889 2476,1937 2765,1887 2751,1758 1726,1810 1221,1783"/>
                <Baseline points="1233,1865 1247,1862 1292,1859 1337,1856 1382,1856 1427,1856 1471,1859 1516,1856 1561,1856 1606,1854 1650,1854 1695,1854 1740,1854 1785,1854 1830,1854 1874,1854 1919,1854 1964,1854 2009,1854 2054,1854 2098,1854 2143,1851 2188,1851 2233,1851 2277,1851 2322,1848 2367,1848 2412,1848 2457,1848 2501,1845 2546,1845 2591,1845 2636,1845 2680,1842 2725,1842 2770,1848"/>
                <TextEquiv>
                    <Unicode>gross, warum tragst du mich denn?</Unicode>
                </TextEquiv>
            </TextLine>
            <TextLine id="tr_1_tl_10" custom="readingOrder {index:9;}">
                <Coords points="1089,2080 1396,2055 1544,2110 2151,2035 2588,2094 2899,2051 2901,1940 1091,1937"/>
                <Baseline points="1101,2027 1113,2027 1158,2021 1203,2024 1247,2021 1292,2021 1337,2021 1382,2018 1427,2018 1471,2015 1516,2015 1561,2015 1606,2015 1650,2015 1695,2015 1740,2015 1785,2015 1830,2012 1874,2015 1919,2015 1964,2015 2009,2012 2054,2012 2098,2012 2143,2012 2188,2012 2233,2009 2277,2012 2322,2009 2367,2009 2412,2006 2457,2003 2501,2003 2546,2003 2591,2003 2636,2003 2680,2003 2725,2003 2770,2003 2815,2003 2860,2000 2904,2000"/>
                <TextEquiv>
                    <Unicode>Cäs: Freust dich, dass die Mama wieder</Unicode>
                </TextEquiv>
            </TextLine>
            <TextLine id="tr_1_tl_11" custom="readingOrder {index:10;}">
                <Coords points="744,2105 759,2112 794,2103 803,2108 859,2078 884,2080 923,2060 939,2065 950,2055 971,2055 973,1974 955,1971 930,1987 912,1969 898,1978 889,1967 878,1971 866,1962 848,1969 839,1958 775,1990 746,1992"/>
                <Baseline points="758,2065 797,2065 841,2062 886,2062 931,2060 976,2062"/>
                <TextEquiv>
                    <Unicode>All-</Unicode>
                </TextEquiv>
            </TextLine>
            <TextLine id="tr_1_tl_12" custom="readingOrder {index:11;}">
                <Coords points="1166,2226 1182,2228 1219,2199 1280,2221 1307,2212 1348,2242 1364,2231 1414,2249 1439,2233 1510,2235 1510,2096 1369,2101 1339,2076 1301,2071 1264,2099 1235,2092 1166,2115"/>
                <Baseline points="1179,2170 1224,2170 1268,2170 1313,2170 1358,2167 1403,2167 1447,2167 1492,2167 1516,2170"/>
                <TextEquiv>
                    <Unicode>da ist?</Unicode>
                </TextEquiv>
            </TextLine>
            <TextLine id="tr_1_tl_13" custom="readingOrder {index:12;}">
                <Coords points="1073,2381 1428,2335 1892,2381 2019,2331 2447,2392 2613,2324 2863,2337 2865,2233 1075,2240"/>
                <Baseline points="1086,2328 1122,2325 1167,2322 1212,2325 1256,2325 1301,2328 1346,2331 1391,2328 1436,2328 1480,2328 1525,2328 1570,2328 1615,2328 1659,2325 1704,2325 1749,2325 1794,2325 1839,2325 1883,2325 1928,2322 1973,2322 2018,2322 2062,2322 2107,2322 2152,2322 2197,2322 2242,2322 2286,2322 2331,2322 2376,2322 2421,2322 2466,2322 2510,2322 2555,2319 2600,2319 2645,2322 2689,2322 2734,2322 2779,2319 2824,2319 2869,2319"/>
                <TextEquiv>
                    <Unicode>Bub: O ja. Aber das Fräulein ist auch</Unicode>
                </TextEquiv>
            </TextLine>
            <TextLine id="tr_1_tl_14" custom="readingOrder {index:13;}">
                <Coords points="1210,2515 1223,2517 1248,2497 1323,2512 1355,2492 1369,2499 1382,2490 1455,2492 1453,2347 1419,2351 1394,2337 1353,2360 1328,2358 1312,2374 1294,2372 1269,2390 1205,2397"/>
                <Baseline points="1221,2477 1265,2480 1310,2480 1355,2483 1400,2483 1444,2483 1459,2486"/>
                <TextEquiv>
                    <Unicode>lieb.</Unicode>
                </TextEquiv>
            </TextLine>
        </TextRegion>
        <TextRegion id="tr_2" custom="readingOrder {index:1;}">
            <Coords points="337,2520 3015,2520 3015,3753 337,3753"/>
            <TextLine id="tr_2_tl_1" custom="readingOrder {index:0;}">
                <Coords points="412,2626 489,2624 584,2594 634,2606 662,2590 739,2622 784,2590 798,2606 834,2592 891,2610 900,2492 866,2478 778,2501 689,2462 573,2478 523,2435 425,2458"/>
                <Baseline points="426,2600 453,2600 498,2597 543,2597 588,2591 632,2588 677,2582 722,2579 767,2576 812,2570 856,2570 901,2570"/>
                <TextEquiv>
                    <Unicode>Man in die</Unicode>
                </TextEquiv>
            </TextLine>
            <TextLine id="tr_2_tl_2" custom="readingOrder {index:1;}">
                <Coords points="1073,2692 1769,2642 2435,2672 2435,2569 2378,2558 1996,2538 1537,2592 1426,2553 1323,2603 1073,2563"/>
                <Baseline points="1086,2648 1095,2645 1140,2645 1185,2642 1230,2642 1274,2642 1319,2648 1364,2642 1409,2642 1453,2645 1498,2642 1543,2645 1588,2645 1633,2642 1677,2642 1722,2642 1767,2642 1812,2642 1856,2642 1901,2642 1946,2642 1991,2642 2036,2639 2080,2639 2125,2639 2170,2639 2215,2639 2260,2636 2304,2636 2349,2636 2394,2639 2439,2645"/>
                <TextEquiv>
                    <Unicode>Alb: Das wird ein Politiker.</Unicode>
                </TextEquiv>
            </TextLine>
            <TextLine id="tr_2_tl_3" custom="readingOrder {index:2;}">
                <Coords points="325,2813 423,2826 482,2876 555,2819 587,2835 700,2783 732,2799 832,2774 864,2797 905,2792 910,2715 857,2744 800,2744 719,2690 550,2728 459,2697 330,2719"/>
                <Baseline points="337,2797 373,2797 417,2797 462,2797 507,2794 552,2791 597,2788 641,2785 686,2782 731,2779 776,2776 821,2770 865,2770 910,2764"/>
                <TextEquiv>
                    <Unicode>des jepetium</Unicode>
                </TextEquiv>
            </TextLine>
            <TextLine id="tr_2_tl_4" custom="readingOrder {index:3;}">
                <Coords points="1089,2890 1260,2799 2101,2808 2342,2867 2519,2806 2892,2835 2915,2706 2617,2667 2342,2756 1091,2699"/>
                <Baseline points="1101,2803 1128,2797 1173,2797 1218,2797 1262,2797 1307,2800 1352,2800 1397,2797 1442,2797 1486,2797 1531,2797 1576,2797 1621,2794 1665,2794 1710,2797 1755,2797 1800,2794 1845,2794 1889,2797 1934,2797 1979,2797 2024,2797 2068,2797 2113,2794 2158,2794 2203,2794 2248,2794 2292,2791 2337,2794 2382,2794 2427,2794 2472,2794 2516,2794 2561,2794 2606,2791 2651,2791 2695,2794 2740,2794 2785,2791 2830,2791 2875,2794 2919,2791"/>
                <TextEquiv>
                    <Unicode>Cäc: Ich hab' dir auch was mitgebracht;</Unicode>
                </TextEquiv>
            </TextLine>
            <TextLine id="tr_2_tl_5" custom="readingOrder {index:4;}">
                <Coords points="427,2981 475,2954 518,2965 609,2933 750,2997 925,2990 930,2844 759,2822 673,2844 618,2835 557,2867 432,2863"/>
                <Baseline points="441,2946 483,2934 528,2934 573,2931 618,2925 662,2925 707,2925 752,2925 797,2925 841,2922 886,2922 931,2919"/>
                <TextEquiv>
                    <Unicode>ta nicht gelegt</Unicode>
                </TextEquiv>
            </TextLine>
            <TextLine id="tr_2_tl_6" custom="readingOrder {index:5;}">
                <Coords points="1207,3029 1353,2967 1883,3040 2265,2974 2763,2988 2888,2972 2888,2844 1749,2924 1207,2890"/>
                <Baseline points="1221,2967 1236,2964 1280,2967 1325,2967 1370,2967 1415,2967 1459,2967 1504,2967 1549,2967 1594,2967 1639,2964 1683,2964 1728,2964 1773,2961 1818,2961 1862,2961 1907,2961 1952,2961 1997,2961 2042,2961 2086,2964 2131,2961 2176,2961 2221,2958 2266,2961 2310,2961 2355,2958 2400,2958 2445,2958 2489,2958 2534,2955 2579,2955 2624,2958 2669,2958 2713,2958 2758,2958 2803,2955 2848,2958 2892,2964"/>
                <TextEquiv>
                    <Unicode>du kriegst es aber erst morgen Früh.</Unicode>
                </TextEquiv>
            </TextLine>
            <TextLine id="tr_2_tl_7" custom="readingOrder {index:6;}">
                <Coords points="1062,3161 2028,3115 2760,3154 2776,3047 1062,3060"/>
                <Baseline points="1074,3122 1080,3122 1125,3122 1170,3119 1215,3119 1259,3122 1304,3122 1349,3125 1394,3122 1439,3119 1483,3119 1528,3119 1573,3119 1618,3116 1662,3113 1707,3113 1752,3116 1797,3116 1842,3113 1886,3113 1931,3113 1976,3113 2021,3113 2065,3113 2110,3113 2155,3113 2200,3113 2245,3113 2289,3113 2334,3113 2379,3110 2424,3110 2469,3113 2513,3110 2558,3110 2603,3113 2648,3110 2692,3107 2737,3107 2782,3113"/>
                <TextEquiv>
                    <Unicode>Amad: Das hättst au ihm nicht sagen</Unicode>
                </TextEquiv>
            </TextLine>
            <TextLine id="tr_2_tl_8" custom="readingOrder {index:7;}">
                <Coords points="346,3161 521,3183 584,3133 753,3151 787,3133 823,3165 850,3149 884,3174 971,3172 975,3035 828,3022 698,3060 548,3031 348,3081"/>
                <Baseline points="358,3143 394,3143 438,3140 483,3134 528,3131 573,3128 618,3125 662,3125 707,3128 752,3128 797,3125 841,3125 886,3125 931,3122 976,3122"/>
                <TextEquiv>
                    <Unicode>1. hf. am 23 Mai</Unicode>
                </TextEquiv>
            </TextLine>
            <TextLine id="tr_2_tl_9" custom="readingOrder {index:8;}">
                <Coords points="1207,3336 1464,3279 1937,3338 2419,3272 2765,3311 2808,3301 2810,3181 1210,3224"/>
                <Baseline points="1221,3272 1265,3272 1310,3272 1355,3272 1400,3272 1444,3272 1489,3275 1534,3272 1579,3278 1624,3278 1668,3275 1713,3275 1758,3272 1803,3269 1848,3269 1892,3269 1937,3269 1982,3272 2027,3269 2071,3269 2116,3269 2161,3269 2206,3269 2251,3269 2295,3269 2340,3269 2385,3266 2430,3266 2474,3266 2519,3269 2564,3266 2609,3266 2654,3269 2698,3269 2743,3269 2788,3269 2812,3272"/>
                <TextEquiv>
                    <Unicode>sollen; jetzt wird er zu aufgeregt</Unicode>
                </TextEquiv>
            </TextLine>
            <TextLine id="tr_2_tl_10" custom="readingOrder {index:9;}">
                <Coords points="1207,3458 1330,3497 1396,3461 1644,3483 1703,3436 1812,3456 1942,3427 2062,3490 2210,3449 2210,3386 2112,3349 2019,3372 1862,3342 1785,3383 1721,3352 1642,3381 1558,3365 1448,3402 1360,3338 1207,3338"/>
                <Baseline points="1221,3427 1265,3427 1310,3430 1355,3430 1400,3430 1444,3433 1489,3430 1534,3430 1579,3430 1624,3427 1668,3424 1713,3424 1758,3424 1803,3424 1848,3424 1892,3424 1937,3421 1982,3421 2027,3421 2071,3421 2116,3421 2161,3424 2206,3430 2215,3430"/>
                <TextEquiv>
                    <Unicode>sein, um zu schlafen.</Unicode>
                </TextEquiv>
            </TextLine>
            <TextLine id="tr_2_tl_11" custom="readingOrder {index:10;}">
                <Coords points="1075,3640 2731,3615 2858,3595 2860,3499 2506,3449 2219,3522 1078,3545"/>
                <Baseline points="1089,3615 1116,3612 1161,3612 1206,3612 1250,3612 1295,3612 1340,3612 1385,3609 1430,3609 1474,3609 1519,3603 1564,3603 1609,3603 1653,3603 1698,3600 1743,3600 1788,3600 1833,3597 1877,3597 1922,3600 1967,3597 2012,3594 2057,3594 2101,3597 2146,3597 2191,3594 2236,3594 2280,3591 2325,3588 2370,3588 2415,3588 2460,3588 2504,3588 2549,3585 2594,3588 2639,3585 2683,3585 2728,3582 2773,3579 2818,3579 2863,3579"/>
                <TextEquiv>
                    <Unicode>Bub: O ich werd' sehen schlafen; nur</Unicode>
                </TextEquiv>
            </TextLine>
            <TextLine id="tr_2_tl_12" custom="readingOrder {index:11;}">
                <Coords points="1207,3759 1567,3799 1930,3740 3013,3756 3013,3661 2028,3679 1635,3622 1558,3679 1207,3679"/>
                <Baseline points="1221,3743 1224,3743 1268,3740 1313,3743 1358,3740 1403,3740 1447,3740 1492,3737 1537,3737 1582,3737 1627,3737 1671,3734 1716,3731 1761,3731 1806,3731 1851,3731 1895,3731 1940,3728 1985,3731 2030,3728 2074,3731 2119,3731 2164,3734 2209,3731 2254,3728 2298,3728 2343,3728 2388,3725 2433,3725 2477,3725 2522,3722 2567,3722 2612,3722 2657,3722 2701,3722 2746,3722 2791,3722 2836,3722 2881,3728 2925,3731 2970,3725 3015,3728"/>
                <TextEquiv>
                    <Unicode>muss mir die Mama sagen, was es ist.</Unicode>
                </TextEquiv>
            </TextLine>
        </TextRegion>
    </Page>
</PcGts>
