3480 4168
2849 418 2961 523 57
1344 603 2221 765 Amadeus und Maria,
1359 724 3067 883 Amad: rasch herein: Was?... Ach,
1501 874 3063 1075 Sie sind’s, Marie! - Guten Abend.
1501 1029 2994 1208 Ich dachte schon, es wäre meine
1505 1176 3000 1350 Frau. - Aber die kann natürlich
1510 1342 3091 1495 noch nicht da sein. Der Zug kommt
1521 1503 2910 1656 um acht, jetzt ist es sieben.
1518 1663 3226 1822 Bitte, setzen Sie sich doch. - Brin¬
1533 1818 3196 1956 gen Sie mir Nachricht von Albertus?
1538 1930 3250 2128 Kommt er etwa nicht? Ich erwarte ihn
1542 2111 3172 2270 Ich habe diese Stunde für ihn frei
1607 2309 2042 2429 gehalten.
1415 2449 3123 2580 Maria: Ich wollte Cäcilie besuchen,
1555 2567 3144 2722 ich glaubte, sie käme schon heute
1561 2783 1831 2914 Früh.
1432 2852 3166 3039 Amad: Ja, so war es ursprünglich be-
1587 3020 3157 3198 stimmt. Aber da kam gestern Nacht
1574 3181 3015 3394 noch das Telegramm. (Sehen Sie,
1628 3375 3045 3534 :Liest: “Ich kann unmöglich
889 3390 1387 3631 (lücken so, daß
1600 3513 3123 3666 gleich nach der Oper### abreisen.
922 3582 1426 3745 ers nicht laut
1596 3627 3200 3855 Liebster Freund, sei nicht beunru-
1019 3711 1245 3875 lieft.
