3347 4264
696 730 2040 898 II.Akt. Einige Monate später
511 895 1884 1057 1. Der Kapellmeister allein.
699 1054 1432 1239 Anonyme Briefe.
693 1199 2560 1361 Die Sängerin, die ihn quält, langweilt.
713 1315 2952 1483 Eine Schülerin, die jetzt beginnt. Eine Jüdin
719 1472 2926 1656 Briefe von seiner Gattin, über die er immer be¬
727 1685 1267 1821 seligt ist.
727 1790 2995 1960 Die Sängerin eifersüchtig, obzwar sie auch schon
739 1969 1929 2137 was Anderes in petto hat.
747 2097 2867 2256 Immer ist die Stimmung noch eine gute, er ist
750 2293 1426 2438 sehr vergnügt.
750 2395 2176 2563 So findet ihn auch der Freund.
557 2415 676 2586 2.
759 2515 2955 2708 Er hat ihm ein Libretto gebracht. :Seine Frau
733 2719 2006 2898 ein unbedeutendes Geschöpf:
779 2855 1921 3052 Freund: Noch immer wohl!
776 2944 3060 3168 Drei Tage ist meine Frau in München und pastiert
781 3142 2963 3373 Es scheint, du hast meine Bitte nicht erfüllt:
796 3302 2071 3500 ich bekomme anonyme Briefe.
787 3466 3069 3654 Freund: Ja, ich kann es doch nicht allen Leuten
858 3577 3105 3782 sagen. Beruhige dich, die Meisten wissen es, dass
