3416 4104
2665 517 2847 665 105
1186 627 2889 790 Cäc: Es gibt eben Momente, we meine
1311 844 2095 967 Neugier aufhört.
1182 955 2930 1113 Amad: Jedenfalls scheint sie eminent
1321 1125 2925 1314 musikalisch zu sein. Ich habe ihre
1323 1267 2892 1451 letzten Briefe, die du noch nicht
1333 1429 3000 1630 kennst, beiseite gelegt; sie werden
1340 1616 2297 1743 dich sehr amiisieren.
1149 1738 2981 1908 Cäc: Der letzte, den ich gelesen habe,
1352 1911 2670 2059 war ein bisschen affektiert.
1208 2064 2986 2255 Amad: Sie hat mir ihr Bild geschickt.
1385 2208 2689 2359 - Schau.... Warum lachst du?
1219 2342 3064 2545 Cäc: Na, - Rumänien - Bulgarien... das
1359 2531 3000 2696 ist ganz einfach ein kleines Juden-
1354 2703 1658 2892 mädel.
1222 2823 2892 3043 Amad: Das spricht nicht gegen sie.
1238 2991 2998 3189 Cäe : Aber dass sie sich für eine Bul-
1380 3156 2144 3326 garin ausgibt...
1255 3279 3114 3451 Amad: Wir werden ja sehen - wir warden
1408 3533 1852 3644 ja sehen.
1262 3585 3158 3840 Cäc: Gute Unterhaltung. - Aber nun bitt
