3416 4040
2529 450 2727 572 131
1310 594 2923 756 vös... Es gibt eben Epochen - - Du
1328 745 3006 922 kannst das vielleicht nicht so ganz
1354 943 1852 1116 verstehen.
1901 1060 2045 1202 G.H.F.P.
1210 1078 1816 1269 Cäc: Oh!...
1206 1224 3015 1384 Amad: Du warst ja immer die Ruhigere.
1348 1400 2882 1532 Bisher wenigstens. Freilich, das
1359 1546 2970 1681 wird jetzt, nach allem, was du mir
1377 1701 2968 1863 erzählst, ein wenig anders werden.
1235 1822 2950 2012 Cäc: Freilich. Aber in Hinsicht auf
1382 1991 2950 2138 dich wird es natürlich nie anders
1384 2151 3110 2322 werden. Das ist es ja eben. Was immer
1375 2300 3002 2495 mir beschieden sein wird: wenn ich
1384 2439 3080 2689 zu dir zurückkomne, wird alles abge-
1411 2606 3096 2812 glitten sein. Und wenn ich einen aus
1400 2736 2941 2959 Eifersucht vergiftet hätte ich
1413 2918 2972 3110 würd' es dir natürlich erzählen -
1418 3049 3123 3262 aber die Stürme draussen, die dürfen
1406 3240 3031 3431 in unsern Hafen keine Wellen brin-
1323 3422 1660 3582 gen.
1294 3501 3103 3766 Amad: Mein Kind!... meine Liebe! dass
