3400 4040
2496 444 2675 578 132
1357 614 2867 745 dir doch Manches erspart bliebe!
1223 781 2997 895 Cäc: Wünsche mir das nicht. Ich sehne
1348 908 2926 1078 mich nach Stürmen! nach Gefahren -
1379 1065 3046 1196 vielleicht nach Tod! Ich weiss es ja
1366 1230 3008 1450 gar nicht! - Aber bei dir ist Ruhe.
1359 1388 3015 1524 Hier in diesem Zimmer ist Ruhe. Ich
1384 1556 2895 1755 spüre nichts von allem, was mich
1386 1701 2772 1896 draussen in der Welt bewegt.
1246 1857 2994 2057 Amad: Das ist das Bewundernswerte an
1391 1982 2999 2242 dir. Ich finde mich nicht so rasch
1402 2177 2997 2358 wieder. Du musst es mir verzeihen.
1266 2331 3087 2532 Cäc: Ich habe dir nichts zu verzeihen.
1409 2492 2478 2670 Sei, wie du sein musst,
1284 2612 3105 2836 Amad: I:ist hin- und hergegangen, sitzt
1438 2777 3119 2963 jetzt auf einem Schemel zu Cäeiliens
1447 2933 3053 3123 Füssen und verbirgt das Gesicht in
1443 3119 1977 3307 den Händen:
1318 3259 3040 3443 Cäc: Amadeus!... Aber Kind!... Na...
1565 3391 3008 3552 :Sie streichelt seine Haare. Er
1459 3552 2890 3751 ###rbirgt sein Gesicht in ihrem
