3464 4136
2510 466 2686 596 102
1168 554 2943 788 Cäc: Natürlich.-Er ist mit mir zusam-
1302 776 2165 962 men zurückgereist.
1166 862 2783 1117 Amad: Er war die ganze Zeit dort?
1184 1036 2911 1244 Cäc: Er hat auch die Gelegenheit be-
1309 1194 2934 1395 nützt, Verwandte zu besuchen. Auch
1328 1395 2976 1583 auf der Seirée beim Intendanten war
1298 1543 3078 1761 er. Er hat dort Wiener Walzer gespielt
1363 1632 2941 1875 - die Leute waren ganz entzückt...
1342 1833 3066 2051 Aber ich glaub), das hab' ich dir (ja)
1372 2039 1947 2185 geschrieben.
1226 2137 2983 2366 Amad: Nein, das von dem Klavierspiel
1381 2299 3036 2524 war nicht erwähnt; aber es ist auch
1381 2454 2577 2654 kein wesentliches Detail.
1261 2577 3129 2837 Cäc: Man vergisst eben doch mancherlei.
1404 2730 3105 2985 Es ist schon besser, dass man wieder
1414 2913 3036 3161 mit einander reden kann. In deinen
1432 3010 3124 3279 Briefen gibt es sogar ganze Stunden,
1393 3221 2941 3418 über die du hinweggeglitten bist,
1314 3323 3045 3592 Amad: Bei mir ist ja die Stundenein-
1483 3537 3175 3743 teilung so gegeben... Aber ich hatte
