3416 4120
2689 341 2863 522 189
1421 520 2579 712 mich allein gelssen?"...
1257 666 3003 881 Cäc: Ja, du hast Recht. Es ist unser
1435 817 3053 991 Beider nicht würdig. Denn dies wür
1444 973 3051 1154 deimmer ärger und schmutziger wer-
1405 1135 3014 1289 den. Und wenn wir uns „versöhnten“
1453 1286 3136 1449 selbst unsere Freundschaft würde da¬
1453 1414 3202 1607 mit vergiftet. Wir müssen uns endlich
1467 1572 2955 1778 schämen! :Viel stärker: Ah,
1463 1762 2454 1923 mich ekelt ein wenig!
1334 1895 2817 2096 Amad: Cäcilie, sage das nicht!
1341 2019 3067 2234 Cäc! Kannst du leugnen, dass es dir
1495 2241 2275 2424 geradese ergeht?
1353 2337 3193 2570 Amad: Cäcilie! Cäcilie! wie weit willt
1515 2483 3090 2730 du es denn noch treiben? wie tief
1504 2671 2712 2870 willst du mich demitigen?
1382 2847 2252 3044 Cäe: Ich dich?...
1339 3007 3081 3218 Amad:  Ich weiss ja alles. Ich weiss,
1543 3131 3184 3303 dass ich dir alles abzubitten habe,
1549 3264 3186 3497 dass ich ein Schurke war und nebst-
1476 3424 3184 3660 Theilain die Staufeigterecht war vor ei-
