3448 4088
2643 409 2818 583 118
1313 606 2877 804 vor zwei... Hättest du es für mög-
1306 727 2948 957 lich gehalten, dass ein solches Ge-
1311 875 2986 1090 spräch zwischen uns einmal stattfin-
1319 1052 2928 1251 den wird? dass wir einander einmal
1324 1178 2997 1421 von unseren Abenteuern erzählen wer-
2166 1341 2416 1467 aden?
1326 1388 3023 1587 den wie gute Kamerdane und nun ist
1341 1520 3037 1704 es doch so gekommen. Und es hat sich
1346 1713 2959 1872 ganz von selbst, ganz natürlich ge-
1333 1861 1651 2042 macht.
1211 2009 2957 2210 Amad: Mir geht etwas durch den Sinn.
1403 2084 2990 2329 Wenn es zwischen uns geblieben wä-
1375 2237 3032 2495 re, wie es war, ob du mir auch dann
1390 2440 2968 2656 von diesen seltsamen Regungen Mit-
1395 2623 2535 2829 teilung gemacht hättest?
1264 2729 3014 3003 Cäc: Ich glaube, dann hätt' es diese
1357 2880 3083 3107 Art Regungen nicht gegeben. Ich glau-
1412 3034 3072 3275 be, wenn ich a ich noch liebte,
1423 3176 3072 3426 dann hätt' es nie geschehen können.
1288 3414 3063 3571 Amad: Was ist denn nun eigentlich ge-
1432 3596 1845 3772 schehen?
