3496 4120
2552 422 2680 559 77
1398 557 2911 761 damit ihre Stelle verbessert, se
1400 737 2940 939 wird sie eben nach Dresden gehen.
1347 927 3037 1047 Uebrigens ist sie hier noch für zwei
1265 1063 2940 1245 Jahre gebunden, wir dir bekannt ist.
1256 1174 2991 1371 Fried: Der Kontrakt wird ohneweiters
1398 1353 3046 1549 gelöst werden, dafür garantier' ich
1398 1555 1609 1700 dir.
1247 1682 2540 1864 Amad: Woher weisst du das?
1262 1784 2993 2012 Fried: Willst du mir das überlassen?
1398 1944 3084 2143 Du weisst, ich habe einigen Einfluss
1520 2119 1868 2210 chen Mutter
1360 2132 2982 2350 auf ihn noch von früherer Zeit her.
1400 2310 2955 2489 Jetzt hab' ich ihn natürlich auch
1418 2443 2900 2640 sehon längst zum Bruder ernannt.
1267 2594 3053 2813 Amad: Ich verbiete dir aufs Entsche-
1416 2696 3088 2960 denste, dich in unsere Angelegenhei-
1409 2893 2969 3104 ten zu mischen. Das ist eine aus-
1384 3071 3069 3244 sehliesslich künstlerisch-geschäftli-
1416 3226 3071 3421 ehe Angelegenheit, in die keinerlei
1418 3337 3106 3586 andere Momente hineinspielen dürfen.
1296 3501 2898 3752 Fried:::nimmt einen andern Brief:
