3448 4104
2649 524 2775 688 96
1182 698 2870 894 Cäs: Bausteine sind’s. Da kannst du
1308 854 2859 1041 draus ein Haus machen - oder eine
1295 999 2862 1175 Kirche - oder ein Theater.... So,
1314 1152 2862 1360 jetzt gib mir noch einen Kuss und
584 1158 1144 1297 Nun, ich bei ein.
645 1310 1108 1444 sans sa telles.
1306 1335 1983 1510 schlaf' schön.
1182 1457 2620 1653 Bub: küsst Cäs.und will fort:
1180 1642 2271 1810 Amad: Und dem Papa -?
1194 1764 2790 1955 Bub: Dir hab' ich doch schon gute
1322 1924 2992 2140 Nacht gesagt. :Geht mit dem Fräu-
1335 2098 2607 2309 lein ab. Die Andern lachen:
1392 2348 1486 2477 r
