3464 4120
2602 379 2781 518 103
1315 581 2992 725 doch den Eindruck, dass ich ein wah-
1317 696 2971 906 res Tagebuch führe. Allabendlich um
1313 873 2778 1037 zwölf hab' ich dir geschrieben.
1195 1037 3086 1219 Cäc: Ja, Amadous. Und in deinem letzten
1332 1169 3004 1402 Brief hat mich Einiges ein bissehen
1346 1393 2113 1541 besorgt gemacht.
1216 1531 1854 1706 Amad: Wieso?
1233 1637 3079 1851 Cäe: Es scheint bei dir nicht alles in
1369 1844 2303 2023 Ordnung zu sein...?
1242 2000 2416 2237 Amad: Nicht in Ordnung?
1261 2148 2355 2343 Cäe: Isolde mein ich.
1270 2268 3030 2494 Amad: Nun, sie hat mich ein bisschen
1419 2402 2981 2647 nervös gemacht, das kannst du dir
1433 2545 3176 2781 wol denken. Du kennst sie ja. - Denke
1444 2734 3115 2945 sie war vor einer Stunde da und hat-
1447 2929 2280 3105 mich gelangweilt.
1327 3014 3141 3289 Cäe: Es wäre mir interessant zu erfah-
1480 3237 2009 3432 ren, womit.
1353 3326 3101 3597 Amad: Gar nicht interessant... Eifer-
1506 3552 2082 3679 süchteleien.
