3416 4072
2804 359 2931 561 45
1505 624 1849 730 weisst.
1366 675 2931 888 Cäc: Ich weiss nur, dass sie dir
1507 894 3068 1020 nachstellt und dass dich die Glut
1563 1039 3076 1176 ihrer Augen schon einmal beinahe
1520 1180 3074 1321 verwirrt hat. Das hast du mir (vor
1535 1353 3087 1526 ein paar Tagen gesagt. - Aber sie
1524 1539 3183 1622 war ja heute wieder da, und ich bin
1522 1684 3096 1814 ihr begegnet. Sie grüsste mich in
1537 1821 3185 1957 einer Weise, die mich sehr geärgert
1524 1983 3089 2113 hätte, wenn ich noch in dich ver-
1528 2081 2665 2260 liebt wäre.. als Sie
1394 2223 3096 2405 Amad: Heute küsste sie meine Hände,
1401 2464 2018 2596 Cäc: Und?...
1403 2520 3144 2765 Amad: Und ich hab' ihr auch allerlei
1546 2771 3096 2879 über ihre miserable Brunhilde ge-
1552 2940 1803 3055 sagt.
1420 3076 3144 3180 Cäc: Sigismund war auch sehr verwun-
1552 3189 3040 3343 dert über die Art, wie sie mich
1565 3306 2949 3512 grüsste... Sonst ist wirklich
1554 3483 2382 3663 nichts geschehen?
