3432 4088
2676 362 2852 529 108
1105 496 2006 712 Cäe: Eure Oper?...
1138 682 2897 846 Amad: Ja. Und noch allerlei Anderes.
1246 809 2995 990 Ich hab' was angefangen, das will ich
1293 983 2166 1152 dir morgen zeigen.
1159 1147 2205 1310 Cäc: Was ist es denn?
1157 1305 2499 1470 Amad: Nicht neugierig sein.
1117 1432 3007 1613 Cäc: Na, du willst etwa gar Geheimnisse
1274 1608 1947 1770 vor mir haben?
1169 1766 2786 1928 Amaa: Aber nein, mein Kind.
1267 1883 2885 2095 streicht ihr wie zufällig über die
1693 2060 1813 2215 P.S.
1314 2088 1625 2243 Haare:
1194 2231 2476 2410 Cäc: :schaut ihn fremd an:
1140 2365 2991 2535 Amad: :sachlich: Es ist eine Art von
1331 2523 3040 2727 S Straphonia, die mit einem Chor endet.
1293 2676 3033 2866 Da ist ein Selo drin, das nur ein We-
1350 2857 3040 3007 sen auf erden singen kann - Frau Cä-
1343 2988 2337 3172 cilie Adams.- Ortentärz
1227 3141 2948 3346 Cäc: sich verbeugend: Ich bin ge¬
1354 3294 2970 3501 rührt, verehrter Meister. - Und we
1366 3463 2932 3614 werd' ich das Glück haben, dieses
1368 3583 2198 3764 Solo zu kreieren?
