3464 4120
2317 473 2504 579 206
1388 627 3005 779 Sie sich wundern. Aber dieser Mann
1355 790 2930 950 hat dadurch mehr Chansen, dass er
1373 926 2702 1113 der Vater meines Kindes ist.
1241 1142 1951 1285 Amad: Nur.
1258 1230 2715 1437 Cäc: Gib dich damit zufrieden.
1252 1371 2963 1602 Alb: Ah, ich verstehe!... Ah, jetzt
1426 1564 2411 1749 versteh ich Manches!
1272 1661 2983 1888 Sig: Hm. se... - Nun, so war es
1432 1855 3078 2028 eben ein Traum - ein schöner Traum.
1423 2090 1742 2191 Adieu.
1296 2114 3073 2378 Alb: Mein Herr, ich glaube, zwischen
1448 2407 1815 2519 uns...
1322 2433 3080 2669 Sig! Ach se! - Ich war vereilig. Sie
1533 2585 3032 2801 werden das Ihrige tun, diese Ge-
1496 2768 2957 2946 riichte zu zerstreuen. Ich bitte
1494 2950 2534 3131 Sie um Entschuldigung,
1322 3106 2770 3276 Alb: Ich hitte... ich danke...
1371 3214 3091 3434 Sig: Es ist an mir zu danken. : ab:
