3416 4104
2759 408 2882 556 17
982 543 2999 775 Alb! Ah, machen wir daraus einen Präsiden-
1127 747 3070 885 ten einer Republik. - Das Wesebtliche ist
1176 880 2759 1079 Folgendes. Es ist ein Mensch, der
1170 1071 3029 1204 Macht hat über Länder und Menschen. Nur
1188 1209 2894 1387 an einem Punkt versagt seine Macht:,
1191 1339 2981 1522 über seine Träume kann er nicht gebie-
1196 1510 2866 1688 ten. - Beginn ungefähr so: Fest. Er
1155 1663 2968 1859 kommt eben von einem Kriegszug als Sie
1206 1839 2953 2050 ger zurück. Prinzen sind seine Gefan-
1216 1992 2830 2185 genen, die schönsten Frauen hat er
1204 2162 2185 2351 nackt mitgeschleppt.
1028 2292 2853 2532 Amad: Die werden wol hinter der Szene
1288 2486 2022 2657 bleiben müssen.
1053 2588 3017 2856 Alb: Man wird die Nacktheit andeuten; am
1239 2805 1742 2999 besten...
1066 2904 2581 3134 Amad: Indem sie nichts anhaben.
1063 3086 3111 3284 Alb: Du bringst mich aus der Stimmung. Mit
1219 3238 2981 3440 dem ist es schon nichts mehr.... Hier
1313 3358 3032 3590 ist ein dritter Stoff, ein lustiger.
1265 3567 1816 3731 Zum Kugeln.
