3560 4264
2897 409 2984 522 7
1210 701 2349 898 schied die Hand geküsst.
1085 809 2953 1057 A: Aber du scheinst auch nicht sehr er-
1223 1036 1643 1228 griffen?
1146 1075 3001 1356 F: Wie kann ich denn? Was war mir denn
1251 1241 3147 1522 heute noch dieser Mensch, den er getötet
1256 1418 3004 1673 hat? So wenig... nein, weniger als ir
1279 1576 3040 1832 gend ein Anderer. Denn mit gar keinem
1282 1694 3150 1970 menschlichen Wesen bin ich so fertig ge-
1315 1909 3094 2129 wesen als mit dem. Es ist, wie wenn er
1315 2029 2735 2290 ein Gespenst umgebracht hätte.
1233 2162 3017 2462 A: Aber für Andere war er ein Mensch,
1341 2344 3221 2584 einer, der geliebt, bewundert wurde, der
1351 2518 3163 2758 auf der Welt noch was zu tun hatte und
1369 2699 3078 2889 der nun für irgend etwas hat sterben
1374 2830 3201 3053 müssen, an das alle Beteiligten verges-
1395 2984 3083 3204 sen hatten. Ist es nicht wahnwitzig?
1405 3114 3262 3355 Warum lässt du dich nicht von ihm schei-
1423 3408 1632 3511 den?
1282 3378 3347 3766 Fr: Ich will es ja tun; meine Posit on hier
1441 3554 3344 3892 ist unhaltbar. Ich will nach Amerika und
1458 3853 2116 4010 du sollst mit.
