3528 4168
2737 460 2924 637 146
1456 616 3154 798 gegenseitigem Betrug über den Betrug
1462 755 3066 945 mit Gewissensbissen bis zum still-
1479 943 2969 1106 schweigenden Dulden- ja bis zum
1477 1101 3131 1249 Frohsein, dass es nicht anders ist.
1490 1258 3064 1390 Aber eure Ehe war doch mindestens
1504 1401 3180 1545 etwas Exceptionellesund die seltsam
1504 1549 3070 1720 Art dieser Ehe macht es nicht nur
1507 1707 3159 1861 möglich, sondern gebietet es sogar,
1532 1863 3207 2023 dass du deine Frau, die deine Freun¬
1532 2004 3043 2167 din ist, fragst, ob du als Mann,
1542 2163 3207 2323 der zugleich der Freund deiner Frau
1547 2336 3209 2479 ist, berechtigt bist, den Geliebten
1549 2464 3142 2623 deiner Frau, der nicht ihr Freund
1549 2621 3228 2825 ist, für etwas, das du ausdrücklich
1572 2792 3087 2981 gestattet hast, nachträglich zur
1574 2937 3157 3102 Rechenschaft zu fordern. Es kommt
1568 3112 3254 3252 mir geradeso vor, wie wenn mich ein
1585 3247 3123 3403 Direktor, der mir xxx Freibillet
1597 3408 3281 3574 geschenkt hat, nach Schluss der Vor-
1599 3581 2745 3711 stellung pfänden liesse.
