3400 4104
2897 517 3028 625 14
983 628 1731 813 Amadeus, Albert
939 759 2881 908 Albert: Grüss dich Gott. Wie geht's dir?
391 911 813 1060 über ihren je
980 913 2089 1088 Amadeus: Virtrefflich.
363 1024 772 1158 meintheresse
985 1034 2933 1214 Alb: :Zetteln aus der Tasche: Ich habe
481 1137 684 1309 Reise
1173 1191 2964 1381 unter meinen Papieren gekramt. Es wim-
1129 1425 1387 1538 melt.
1132 1559 1996 1711 Amad: Wimmelt?...
1003 1698 2987 1839 Alb: Von Stoffen. Du kannst dir's aussu¬
1196 1852 3028 2004 chen. Ernste grosse Oper - leicht koni¬
1194 2004 2873 2179 sche Oper - Singspiel - Pantomime -
1194 2176 2446 2364 Bist du gelaunt zuzuhören?
975 2341 2217 2508 Amad: Selbstverständlich.
1019 2480 3084 2647 Alb: Es handelt sich um einen König und um
1240 2627 3113 2799 eine Königin. Beide sind jung und schön.
1188 2737 3100 2946 Er singt Bariton, und siecepran. Sie be-
1232 2928 2822 3138 ten sich an. Sie waren vollkommen
1235 3092 3108 3270 glücklich, wenn der Bariton - der König
2822 3167 3059 3280 Kitz
1302 3249 3105 3439 nicht an einer Art von fixen Idee, an
1219 3403 3154 3622 einer Art von Wahnsinn könnte man beinah
1266 3558 2454 3746 sagen... Hörst du zuf....
