3368 4040
2557 328 2749 504 129
1234 522 2998 723 Cäc: Ich verstehe dich nicht. Hat es
1333 661 3063 829 bisher einen Abend gegeben, an dem du
1372 799 3019 1030 mich vermisstest? Warum sollte sich
1386 986 2950 1153 das ändern? - Soll es noch einmal
1386 1118 2985 1310 wiederholt werden: das Wesentliche
1393 1273 3052 1458 und das einzig Wichtige bleibt unse-
1395 1411 3054 1624 re Beziehung, unsere gemeinschaftli-
1404 1608 1929 1788 che Arbeit.
1268 1763 2673 1933 Amad: Das beruhigt mich sehr.
346 1783 1148 1982 Ao un été au sud
1273 1903 3114 2107 Cäc: Eher hätt' ich ein Recht, dich zu
330 1987 899 2169 list... Covelg.
1411 2044 3070 2243 fragen. Du bist des öftern für mich
1435 2257 2051 2449 verschwunden.
1294 2303 3015 2562 Amad : Das wird nicht mehr vorkommen.
1423 2518 3095 2684 Im übrigen irrst au dich, ich versi-
1444 2650 3070 2851 chere aich. In dieser Nacht, an die
1455 2823 3084 3003 du eben denkst, we du bis zwölf auf
1830 2918 2772 3042 an de lui aussi en suis
1444 2950 3095 3174 mich wartetest - kurz bevor du nach
1404 3123 3095 3331 Dresden abgereist bist, bin ich ganz
1467 3285 2906 3467 allein gewisen. Ich schwör’ es.
1296 3421 3155 3641 Cäc: O bitte, das ist wider die Abrede.
1469 3583 3183 3777 Ich werde mich auch nicht entschuldi-
