3464 4104
2734 464 2915 590 175
1352 595 2557 801 riichte über Ihre Frau....
1212 799 1946 966 Amad: Aber - -
1161 927 3031 1117 Sigism: Er ist Ihr Freund. Ich bin ihm
1370 1068 3077 1261 segar früher bei Ihnen begegnet. Das
1366 1238 2954 1431 macht die Sache nicht besser. Ich
1387 1407 3070 1568 warte nur darauf, ihn wiederzusehen.
1349 1544 3031 1730 Er soll erfahren, dass man nicht un-
1354 1695 3103 1893 gestraft den Ruf einer Heiligen antas-
1410 1946 1630 2058 tet!
1275 1995 3033 2213 Amad: schüttelt ihm die Hand:
1438 2137 3045 2341 sind ein prächtiger junger Mensch!
1421 2313 3131 2511 Hier haben Sie meine Hand. - Und was
1405 2480 3140 2682 diesen Albertus anbelangt, se wird es
1454 2648 3082 2845 meiner Frau überlassen sein zu ent-
1419 2773 3054 3001 scheiden, wer ihn zu züchtigen hat
1468 2915 3186 3189 Sie oder ich. Ich spreche noch heute
1484 3166 1900 3323 mit ihr.
1361 3226 3159 3467 Sigism: Aber wissen Sie auch, was Sie
1521 3379 3212 3621 ihr zu sagen haben? - Sie müssen ihr
1586 3523 3145 3762 alle Hoffnung nehmen, dass Sie je
