3496 4168
2797 383 2908 492 60
1491 554 3064 703 sinkt, darin liegt doch nicht das
1502 703 3108 859 Wesen das Sichgefundenhabens... Es
1509 870 2993 1030 liegt darin, dass man alles von
1520 1008 2861 1184 einander weiss, sich für das
1520 1144 3144 1333 Schieksal und das Glück des Andern
1529 1311 3148 1468 interessiert... Aber was ist's mit
1542 1453 2973 1635 Albertus? kommt er etwa nicht?
1402 1638 2966 1820 Maria: Ich weiss wirklich nicht.
1413 1740 3200 1949 Amad: Ich erwarte ihn mit Sicherheit.
1560 1936 3050 2085 Denken Sie, dass ich den ganzen
1099 1980 1448 2252 of his furlig
1558 2089 3099 2234 zweiten Akt komponiert habe seit
1569 2229 3269 2401 zehn Tagen... Ja, so herrlich ist es
1580 2381 3113 2568 mir gegangen! Cäcilie wird Augen
1580 2550 2984 2728 machen! Es ist, wie wenn alle
1606 2672 3151 2879 Quellen sprängen... Ist er wenig-
1644 2841 3257 3037 stens mit dem dritten Akt zu Ende?
1460 3015 3168 3220 Maria: Ich weiss nicht. Ich glaube.
1609 3171 3313 3349 Er arbeitet ja sehr viel; den ganzen
1629 3326 3248 3493 Tag beinahe. Aber er spricht nicht
1640 3453 3253 3642 viel darüber. Er liebt es ja nicht
1626 3622 3106 3831 darüber zu reden. Es stört ihn,
