3512 4184
2568 507 2754 649 162
1518 644 2420 867 dass ich sie liebe.
1376 852 1876 998 Amad: Ja.
1393 965 3044 1140 Sigism: Und bei meinen Grundsätzen
1522 1109 3188 1280 wird es Sie nicht wundernehmen, dass
1537 1267 3177 1476 es mein sehnlichster Wunsch ist, sie
1533 1459 2125 1618 zu heiraten.
1402 1557 3049 1758 Amad: Aber Ihre Familie hat anders
1544 1719 3099 1909 über Sie bestimmt, soviel mir be-
1544 1926 2044 2079 kannt ist.
1422 1970 3153 2214 Sigism: Pardon, ich bin ein vollkom-
1555 2175 3210 2350 men freier Mann, bin fünfundzwanzig
1577 2330 3232 2524 Jahre und habe das volle Verfügungs-
1566 2518 2708 2684 recht über meine Person.
1435 2638 3195 2837 Amad: Hm... ja... Aber, was gedenken
1579 2817 3147 2970 Sie zu tun, wenn Ihre Familie die
1579 2944 3219 3160 Hand von Ihnen abzieht? - Entschul¬
1599 3099 3156 3297 digen Sie, bester Fürst, aber Sie
1583 3249 3243 3459 haben mir durch das Vorhergegangene
1596 3418 3208 3601 das Recht gegeben, ganz ehrlich zu
1612 3614 3171 3784 Ihnen zu reden. Die Dame, die Sie
