3528 4248
2748 350 2879 576 99
515 728 1490 978 Amad: Du weisst —?
530 899 2851 1130 Alb: O, ich... Es steht in der Zeitung, Der Herr
728 990 2830 1273 Graf hat sich persönlich gestellt und ist in
728 1197 1755 1438 Haft behalten worden.
554 1316 3010 1608 Amad: Das interessiert uns weniger. Wir wünschen zu
762 1551 1956 1739 wissen, wer der Tote ist.
573 1721 1596 1910 Alb: :weicht zurück:
588 1864 1931 2084 Fr: Es ist Ferry Birkhofen?
594 2062 1060 2218 Alb: Ja.
600 2108 2796 2327 Amad: Dabei zu denken, dass es ihm vollkommen
798 2273 2934 2489 gleichgiltig war, dass er ihn gewiss so wenig
816 2400 2900 2669 gehasst hat als irgend einen andern Menschen
822 2629 1465 2812 auf der Welt.
865 2684 3007 2946 Ja, ist es denn nur möglich!... Bin ich wach?
640 2836 807 2958 Fr:
960 2863 2870 3119 Sind wir..? Mach' doch Licht, Amadeus!
652 3083 1703 3308 Amad: : schaltet ein:
670 3156 3095 3445 Fr: Ich werde nun wol für einige Zeit aus Wien ver-
865 3409 1682 3592 schwinden miissen.
682 3439 3083 3735 Alb: Ich las sogar schon in einer gut unterrichte-
890 3607 3049 3921 ten Zeitung, dass Sie an die Riviera gereist
2169 3799 2288 3994 G.C.P.
902 3872 1800 4039 seien, Frau Gräfin.
