3400 4072
2782 349 2961 464 157
1351 529 2251 679 Amadeus, Sigismund.
1344 656 3040 849 Sigism: Grüss Sie Gott, lieber Ka-
1539 831 2115 977 pellmeister.
1351 988 2157 1147 Amad: Guten Tag.
1360 1089 3064 1306 Sigism: Sie haben mich längere Zeit
1492 1295 3071 1447 nicht in Ihrem Hause gesehen, und
1503 1436 3064 1570 die Stunde, zu der ich mich heute
1503 1595 3049 1758 bei Ihnen einfinde, ist etwas un-
1503 1752 3123 1891 gewöhnlich. Es wird Ihnen also von
1512 1922 3136 2070 vornherein klar sein, dass mich be-
1503 2056 3064 2220 sondere Umstände zu Ihnen führen.
1373 2184 3179 2370 Amad: ( Sie sind mir in jedem Fall will-
1519 2386 3098 2536 kommen.) Bitte. [:Lädt ihn zum Si-
1516 2529 1956 2681 tzen ein:
2032 2549 2307 2677 G.H.F.P.
1375 2650 3107 2818 Sigism: :stehen bleibend: Ich ver-
1510 2809 3116 2984 meide jede Vorrede, lieber Kapell-
1508 2981 3156 3158 meister. - Kurz und gut, ich möcht
1521 3165 3055 3315 Sie sehr bitten: lassen Sie sich
1530 3308 2672 3463 von Ihrer Frau scheiden.
1389 3445 3188 3629 Amad:.:zuerst aufgebracht; dann lacht
1537 3606 2471 3797 er, geht auf und ab:
