3528 4248
2865 421 2954 557 6
1148 714 1991 889 F: :lacht: Ja.
1205 835 2646 1030 A: Und woher vermutest du -?
1173 983 3067 1188 F: Aus einem so triftigen Grund als nur
1318 1141 3023 1343 möglich: heute Mittag hat er ihn er-
1328 1358 1786 1518 schossen.
1367 1520 1840 1646 Heute -?
1207 1520 1333 1661 A:
1385 1599 3112 1794 Ja. Er hat es mir um drei Uhr selbst
1197 1693 1338 1816 F:
1348 1757 3035 1946 mitgeteilt. Ich XXXXK wusste vorher
1360 1939 2653 2111 nicht, dass er etwas ahnte.
1279 2025 3235 2267 A: Und wusste er auch, dass es schon vor
1387 2264 1806 2429 bei ist?
1259 2353 3245 2575 F: Natürlich. Es wäre ihm übrigens gerade
1417 2530 3215 2710 so gleichgiltig gewesen, wenn es nicht
1431 2663 3329 2880 vorüber wäre. Du weisst, er kümmert sich
1431 2841 3341 3033 so wenig um mich als möglich. Das Einzige
1449 2971 3343 3183 wozu er sich verpflichtet fühlt, ist, ge-
1436 3134 3225 3353 legentlich einen, von dem er etwas er-
1449 3304 3358 3499 fährt, niederzuschiessen. Du hättest ihn
1461 3437 3136 3656 sehen müssen! Er hat es mir mit der
1478 3590 3383 3831 grössten Ruhe mitgeteilt und mir beim Ab-
