3320 4072
529 605 2972 836 Albert: Ich arbeite an meiner innerlichen Reinigung
526 866 2917 1143 Sind wir dazu da, die Leute zu beruhigen? Alles ist
559 1073 1124 1325 Einzelfall.
538 1237 1972 1535 Der Phonograph im zweiten Akt.
553 1522 1197 1714 Seine Stoffe:
550 1620 2808 1848 Der Bildhauer, der König und Königen modelliert;
611 1823 1468 2006 der Wunderspiegel;
574 1966 2306 2164 die Ohnmacht der Traumwelt gegenüber;
571 2133 1869 2325 die Porträts, die sprechen.
577 2252 3014 2431 Er korrespondiert mit einer Dame, die durch die Welt
580 2346 3027 2604 reist. Sie umkreist mich in Spielen. Dann mit einem
593 2525 3021 2780 depravierten jungen Mädchen; dann mit einer Frau, die
620 2668 2826 2908 unglücklich ist und die er ihrem Gatten bewahrt
711 2893 1878 3066 :Bist du dessen sicher?:
611 2990 2993 3209 Und wenn mir die Weltgeschichte zu armselig ist und
626 3136 2574 3382 das Leben zu phantasielos, so erfind' ich
