3544 4248
1220 580 3035 809 der geschmiedet - hoch über uns werden
1230 800 2136 947 die Lose verknüpft.
1092 901 3030 1104 A: Friederike, du verschweigst mir etwas!
1247 1049 3115 1264 Friedriks, dein Mann - - Rede!... Nein,
1249 1223 3122 1404 sprich nicht! Kein Wort, ehe ich gespro-
1310 1387 3163 1578 chen habe! Denn das, was du jetzt hören
1269 1527 3078 1699 sollst, sein unabhängig von allem, was
1278 1689 3199 1848 du mir zu sagen hast.- Du denkst, dass er
1293 1819 3192 2032 etwas vermutet,- du hast Angst, für dich,
1288 1976 3233 2172 für dich; du willst fort mit mir und dich
1298 2143 3110 2344 und mich in Sicherheit bringen, ehe es
1302 2308 3156 2530 Ezu spät ist. - Nun, mag geschehen, was
1319 2452 3209 2643 da wolle: ich bin frei! nichts schmiedet
1317 2610 3257 2786 uns an einander! Friederike! warum schweig
1334 2800 2614 3020 du? Er weiss...! Friederike!
1247 2989 2073 3127 F: Ja, er weiss,
1249 3156 1805 3291 A: Nun —?
1215 3238 3076 3446 F: Aber nicht von dir. So weit hält er
1363 3458 1911 3595 noch nicht.
1232 3545 3122 3801 A: Wie? was heisst das? - Der Maler...
