3512 4168
2340 395 2511 529 197
1326 513 2854 780 Seine warst, hat sich der Himmel
1296 736 2163 926 für mich aufgetan!
1219 852 2878 1073 Cäc: Mir tut sich eben keiner mehr
1361 1009 3022 1206 auf. Ich muss nach andern Himmeln auf
2674 1108 2913 1193 chen.
1228 1180 2924 1390 Amad: Sage das nicht, Cäcilie! Habe
1392 1328 2983 1560 doch Mitleid! Du darfst mich nicht
1366 1464 3070 1682 verlassen!... Nein! :uf den Knie¬
1425 1746 1567 1844 en:
1280 1752 3042 2021 Cäc! Se ein Kind! Und das will einen
1377 1993 2111 2154 Buben erziehen!
1311 2047 2956 2323 Amad: Ich will dir alles erklären.
1398 2253 2882 2489 Dass diese Dinge beinäh zu ande
1468 2353 3092 2618 sind, weisst du ja. Gieb mir wenig-
1481 2596 2425 2768 stens eine Hoffnung!
1350 2694 2963 2939 Cäc: Nun wirst du bescheiden. Nun
1514 2832 3116 3079 lässt sich drüber reden. - Es kann
1567 3000 3162 3208 sich auf neuer Basis zwischen zwei
1580 3142 3190 3385 sch wergeprüften Menschen eine neue
1538 3321 3118 3529 Freundschaft entwickeln; das kann
1554 3503 2467 3688 ich mir wol denken.
1425 3568 3179 3837 Amad: Du spielst mit mir - dazu hast
