3352 4040
2731 381 2866 504 63
1043 466 2665 647 Maria: O nein, ich bin nur stolz.
1031 659 2964 822 Amad: Hm... Aber ich glaube, Sie tun da
1171 795 2939 1003 Albertus ein bisschen Unrecht. (Er ist
1179 970 2929 1113 vielleicht der Stolze. Er weiss, dass
1161 1153 2971 1279 Sie - wie soll ich sagen? - eigentlich
1156 1309 3062 1459 höhere Interessen haben als derlei posti-
1163 1482 3042 1585 sches Larifari, und möchte Sie nicht da-
1108 1635 1848 1750 mit langweilen.
1016 1770 2961 1886 Maria! Sie wissen, dass es sich nicht so
1171 1893 3052 2066 verhält. Ihnen gegenüber spricht er sich
1161 2109 2919 2217 ja aus. Nicht mich, ihn langweilt es,
1163 2214 2949 2390 von derlei Dingen mit mir zu sprechen.
1101 2402 2886 2553 Er gibt nichts auf mein Urteil und so
1158 2513 3037 2663 glaubt er, sich zu verschwenden, wenn er
1141 2691 2613 2851 mit mir über dergleichen redet.
1000 2811 2811 3017 Amad: Nein, so ist es gewiss nicht.
960 2991 2976 3172 Maria: Oh, trösten Sie mich nur nicht. Da-
1141 3169 3099 3358 mit kommen Sie zu spät. Nun hab' ich mich
1143 3270 2991 3445 längst dareingefunden... Ja, sehen Sie
1131 3455 2991 3608 mich nur an - ich bin gar nicht so, wie
1146 3576 3006 3811 Sie offenbar glauben. Ich kann selbst deren
