3416 4104
1217 456 3055 653 Wahrheit sagen dürfen, sollen auseinan-
1185 651 2616 820 der gehen. Verstehen Sie mich?
1040 803 3047 980 F ied: Wünschen Sie, dass ich meinen Mann
1249 948 3020 1140 verlasse?... Wenn Sie es wünschen, tu
1239 1120 3005 1269 ich es sofort. Alles, was Sie wollen!
1252 1282 2396 1426 Es braucht nur ein Wort.
1070 1446 2409 1608 Amad: Gehen Sie nach Hause.
1075 1581 3035 1751 Fried: Das nicht. Unsere Stunde ist noch
1269 1736 3075 1930 nicht aus. Es ist erfstdreiviertel auf
1244 1960 1494 2092 eins.
1037 2062 3035 2279 Amad: Es ist wahr, unsere Stunde. Weiter-
1252 2197 3137 2431 gesungen. Es ist mir noch immer lieber,
1292 2424 1855 2566 Sie singen.
1130 2549 2529 2743 Friec: :singt. r begleitet:
1152 2661 3092 2865 Amad: : unterbrechend: Weil Sie nämlich
608 2781 1102 2997 des Eins nicht
1389 2833 3012 2997 von dem Wesen der wahren Ehe keine
1389 2963 2985 3190 Ahnung haben. Sonst würden Sie es
1354 3122 3150 3317 nicht wagen, in dieser feigen, erbärm-
1364 3284 3135 3499 lichen Art Mistrauen gegen Agathe, ge
1337 3469 3229 3688 gegen die Mutter meines Kindes in mein
