<?xml version="1.0" encoding="UTF-8" standalone="yes"?>
<PcGts xmlns="http://schema.primaresearch.org/PAGE/gts/pagecontent/2013-07-15" xmlns:xsi="http://www.w3.org/2001/XMLSchema-instance" xsi:schemaLocation="http://schema.primaresearch.org/PAGE/gts/pagecontent/2013-07-15 http://schema.primaresearch.org/PAGE/gts/pagecontent/2013-07-15/pagecontent.xsd">
    <Metadata>
        <Creator>prov=READ-COOP:name=TrHtr:version=2.1.0:model_id=51170:date=29_07_2023_16:33</Creator>
        <Created>2023-05-10T13:05:51.699+02:00</Created>
        <LastChange>2023-07-29T16:33:12.379+02:00</LastChange>
        <TranskribusMetadata docId="1428560" pageId="55409083" pageNr="264" tsid="131449322" status="IN_PROGRESS" userId="64420" imgUrl="https://files.transkribus.eu/Get?id=GXRYXQIWKPXMNZLJJMJRKMNZ&amp;fileType=view" xmlUrl="https://files.transkribus.eu/Get?id=BTMCLEBXZRFAGWAHBHORMRTB" imageId="44683228"/>
    </Metadata>
    <Page imageFilename="1428560_0264.jpg" imageWidth="3496" imageHeight="4152">
        <ReadingOrder>
            <OrderedGroup id="ro_1711794957993" caption="Regions reading order">
                <RegionRefIndexed index="0" regionRef="tr_1"/>
                <RegionRefIndexed index="1" regionRef="tr_2"/>
            </OrderedGroup>
        </ReadingOrder>
        <TextRegion id="tr_1" custom="readingOrder {index:0;}">
            <Coords points="1262,457 3059,457 3059,2260 1262,2260"/>
            <TextLine id="tr_1_tl_1" custom="readingOrder {index:0;}">
                <Coords points="2089,530 2157,541 2179,536 2192,523 2210,539 2243,519 2269,528 2274,411 2245,411 2238,418 2223,407 2190,411 2183,405 2139,418 2131,411 2093,411"/>
                <Baseline points="2101,516 2140,510 2184,510 2229,507 2274,507"/>
                <TextEquiv>
                    <Unicode>202</Unicode>
                </TextEquiv>
            </TextLine>
            <TextLine id="tr_1_tl_2" custom="readingOrder {index:1;}">
                <Coords points="1412,752 1561,767 1810,686 2201,712 2388,653 2544,695 2944,644 2949,547 2634,598 2368,552 2003,624 1836,567 1418,591"/>
                <Baseline points="1426,689 1471,692 1516,689 1561,689 1605,689 1650,686 1695,683 1740,680 1784,677 1829,674 1874,674 1919,671 1964,668 2008,668 2053,665 2098,665 2143,662 2187,662 2232,659 2277,656 2322,653 2367,653 2411,650 2456,647 2501,647 2546,644 2590,641 2635,638 2680,638 2725,638 2769,635 2814,629 2859,626 2904,626 2949,626"/>
                <TextEquiv>
                    <Unicode>dir jemanden Anderen suchen. Und</Unicode>
                </TextEquiv>
            </TextLine>
            <TextLine id="tr_1_tl_3" custom="readingOrder {index:2;}">
                <Coords points="1414,869 2632,822 2658,693 2293,763 1952,730 1642,776 1420,754"/>
                <Baseline points="1429,844 1450,844 1495,841 1540,841 1584,841 1629,838 1674,838 1719,832 1764,829 1808,826 1853,823 1898,823 1943,823 1987,820 2032,817 2077,811 2122,811 2167,808 2211,808 2256,805 2301,805 2346,802 2390,802 2435,799 2480,799 2525,796 2570,793 2614,790 2659,793"/>
                <TextEquiv>
                    <Unicode>ich gehe ver - verstanden?</Unicode>
                </TextEquiv>
            </TextLine>
            <TextLine id="tr_1_tl_4" custom="readingOrder {index:3;}">
                <Coords points="1282,1038 2922,987 3043,956 3047,862 2704,895 2309,840 2179,901 1286,934"/>
                <Baseline points="1295,1011 1304,1008 1349,1005 1393,1005 1438,1002 1483,999 1528,996 1573,996 1617,996 1662,993 1707,990 1752,988 1796,988 1841,985 1886,982 1931,979 1976,976 2020,976 2065,973 2110,973 2155,973 2199,973 2244,970 2289,964 2334,964 2378,961 2423,961 2468,958 2513,955 2558,955 2602,952 2647,952 2692,946 2737,946 2781,940 2826,940 2871,940 2916,937 2961,931 3005,931 3050,934"/>
                <TextEquiv>
                    <Unicode>Amad: Aber Mensch, du als prinzipiel-</Unicode>
                </TextEquiv>
            </TextLine>
            <TextLine id="tr_1_tl_5" custom="readingOrder {index:4;}">
                <Coords points="1383,1165 1541,1192 1649,1163 1796,1192 1968,1174 2045,1157 2047,1064 1697,1047 1533,1091 1467,1075 1431,1102 1385,1093"/>
                <Baseline points="1396,1155 1423,1155 1468,1152 1513,1152 1558,1152 1602,1149 1647,1146 1692,1143 1737,1143 1781,1140 1826,1140 1871,1140 1916,1137 1961,1137 2005,1137 2050,1140"/>
                <TextEquiv>
                    <Unicode>ler Gegner....</Unicode>
                </TextEquiv>
            </TextLine>
            <TextLine id="tr_1_tl_6" custom="readingOrder {index:5;}">
                <Coords points="1247,1339 2689,1260 2845,1302 3008,1277 3014,1176 2924,1141 2691,1203 2566,1148 2401,1207 1251,1264"/>
                <Baseline points="1262,1316 1268,1319 1313,1316 1358,1313 1402,1313 1447,1310 1492,1310 1537,1307 1581,1301 1626,1301 1671,1304 1716,1301 1761,1298 1805,1298 1850,1295 1895,1292 1940,1289 1984,1286 2029,1286 2074,1283 2119,1280 2164,1277 2208,1274 2253,1271 2298,1268 2343,1265 2387,1262 2432,1259 2477,1259 2522,1259 2567,1253 2611,1253 2656,1250 2701,1250 2746,1247 2790,1247 2835,1244 2880,1244 2925,1241 2969,1238 3014,1241"/>
                <TextEquiv>
                    <Unicode>Alb: Wage nicht, dich noch über mich</Unicode>
                </TextEquiv>
            </TextLine>
            <TextLine id="tr_1_tl_7" custom="readingOrder {index:6;}">
                <Coords points="1442,1506 1794,1458 2172,1480 2298,1427 2496,1460 2570,1414 2953,1460 2973,1321 2421,1326 1915,1405 1447,1390"/>
                <Baseline points="1456,1462 1498,1459 1543,1459 1587,1456 1632,1456 1677,1456 1722,1453 1767,1450 1811,1450 1856,1447 1901,1444 1946,1441 1990,1438 2035,1435 2080,1435 2125,1432 2170,1429 2214,1426 2259,1429 2304,1423 2349,1417 2393,1417 2438,1417 2483,1417 2528,1417 2572,1411 2617,1408 2662,1405 2707,1405 2752,1402 2796,1399 2841,1396 2886,1393 2931,1393 2975,1390"/>
                <TextEquiv>
                    <Unicode>lustig zu machen - du, der an al-</Unicode>
                </TextEquiv>
            </TextLine>
            <TextLine id="tr_1_tl_8" custom="readingOrder {index:7;}">
                <Coords points="1445,1642 1869,1667 2051,1598 3028,1579 3056,1460 1449,1555"/>
                <Baseline points="1456,1617 1492,1614 1537,1611 1581,1614 1626,1611 1671,1608 1716,1608 1761,1605 1805,1605 1850,1599 1895,1599 1940,1596 1984,1593 2029,1593 2074,1590 2119,1587 2164,1584 2208,1581 2253,1581 2298,1579 2343,1576 2387,1573 2432,1570 2477,1570 2522,1567 2567,1564 2611,1564 2656,1561 2701,1558 2746,1555 2790,1552 2835,1552 2880,1552 2925,1546 2969,1543 3014,1543 3059,1546"/>
                <TextEquiv>
                    <Unicode>lem schuld ist. Du sollst mir auch</Unicode>
                </TextEquiv>
            </TextLine>
            <TextLine id="tr_1_tl_9" custom="readingOrder {index:8;}">
                <Coords points="1451,1803 1629,1814 1950,1755 2124,1788 2287,1752 2372,1772 2412,1763 2419,1634 2269,1664 2188,1642 2080,1689 1458,1695"/>
                <Baseline points="1465,1779 1480,1779 1525,1776 1570,1773 1614,1773 1659,1767 1704,1767 1749,1764 1793,1761 1838,1758 1883,1755 1928,1752 1973,1752 2017,1752 2062,1749 2107,1746 2152,1743 2196,1743 2241,1737 2286,1734 2331,1731 2375,1728 2420,1734"/>
                <TextEquiv>
                    <Unicode>nicht leer ausgehen!</Unicode>
                </TextEquiv>
            </TextLine>
            <TextLine id="tr_1_tl_10" custom="readingOrder {index:9;}">
                <Coords points="1317,2001 1572,1935 2896,1913 2973,1893 2977,1794 2124,1794 1651,1878 1326,1832"/>
                <Baseline points="1334,1946 1370,1943 1414,1940 1459,1940 1504,1937 1549,1937 1593,1934 1638,1931 1683,1928 1728,1925 1773,1922 1817,1922 1862,1919 1907,1916 1952,1913 1996,1910 2041,1910 2086,1907 2131,1904 2175,1901 2220,1901 2265,1898 2310,1895 2355,1892 2399,1889 2444,1883 2489,1883 2534,1883 2578,1880 2623,1877 2668,1871 2713,1868 2758,1865 2802,1865 2847,1865 2892,1865 2937,1868 2981,1868"/>
                <TextEquiv>
                    <Unicode>Amad: Aber du bist ja blutdürstig,</Unicode>
                </TextEquiv>
            </TextLine>
            <TextLine id="tr_1_tl_11" custom="readingOrder {index:10;}">
                <Coords points="1414,2095 1528,2115 1568,2098 1587,2115 1675,2124 1750,2089 1779,2102 1783,2018 1693,2021 1640,2040 1581,2023 1539,2036 1418,2023"/>
                <Baseline points="1426,2095 1429,2092 1474,2089 1519,2086 1564,2086 1608,2083 1653,2083 1698,2080 1743,2077 1787,2080"/>
                <TextEquiv>
                    <Unicode>Mens ch!</Unicode>
                </TextEquiv>
            </TextLine>
            <TextLine id="tr_1_tl_12" custom="readingOrder {index:11;}">
                <Coords points="1341,2282 2698,2183 2938,2232 3041,2188 3047,2060 1816,2181 1348,2148"/>
                <Baseline points="1355,2250 1390,2250 1435,2250 1480,2247 1525,2244 1570,2244 1614,2238 1659,2235 1704,2232 1749,2232 1793,2229 1838,2229 1883,2226 1928,2223 1973,2220 2017,2217 2062,2214 2107,2211 2152,2208 2196,2205 2241,2199 2286,2199 2331,2199 2375,2193 2420,2190 2465,2190 2510,2187 2555,2184 2599,2181 2644,2181 2689,2178 2734,2175 2778,2170 2823,2170 2868,2167 2913,2167 2958,2164 3002,2161 3047,2164"/>
                <TextEquiv>
                    <Unicode>Alb: Lache nicht! Am liebsten würde</Unicode>
                </TextEquiv>
            </TextLine>
        </TextRegion>
        <TextRegion id="tr_2" custom="readingOrder {index:1;}">
            <Coords points="1432,2260 3208,2260 3208,3776 1432,3776"/>
            <TextLine id="tr_2_tl_1" custom="readingOrder {index:0;}">
                <Coords points="1486,2416 2944,2333 3105,2372 3111,2234 1491,2337"/>
                <Baseline points="1498,2402 1543,2396 1587,2393 1632,2393 1677,2387 1722,2387 1767,2384 1811,2381 1856,2381 1901,2375 1946,2372 1990,2372 2035,2370 2080,2367 2125,2364 2170,2361 2214,2361 2259,2358 2304,2355 2349,2352 2393,2349 2438,2346 2483,2343 2528,2340 2572,2340 2617,2337 2662,2334 2707,2331 2752,2328 2796,2328 2841,2325 2886,2322 2931,2322 2975,2319 3020,2316 3065,2313 3110,2310"/>
                <TextEquiv>
                    <Unicode>ich eine Pistole in die rechte und</Unicode>
                </TextEquiv>
            </TextLine>
            <TextLine id="tr_2_tl_2" custom="readingOrder {index:1;}">
                <Coords points="1544,2581 2999,2507 3043,2500 3047,2427 2828,2377 2520,2414 2326,2381 2054,2476 1895,2445 1548,2493"/>
                <Baseline points="1558,2546 1573,2549 1617,2546 1662,2546 1707,2543 1752,2540 1796,2540 1841,2537 1886,2534 1931,2531 1976,2528 2020,2525 2065,2522 2110,2519 2155,2519 2199,2516 2244,2513 2289,2513 2334,2507 2378,2504 2423,2501 2468,2501 2513,2498 2558,2495 2602,2492 2647,2492 2692,2489 2737,2486 2781,2483 2826,2480 2871,2477 2916,2477 2961,2477 3005,2480 3050,2477"/>
                <TextEquiv>
                    <Unicode>eine in die linke Hand nehmen...</Unicode>
                </TextEquiv>
            </TextLine>
            <TextLine id="tr_2_tl_3" custom="readingOrder {index:2;}">
                <Coords points="1449,2746 2931,2676 3160,2638 3164,2559 2562,2601 2199,2557 2036,2621 1453,2636"/>
                <Baseline points="1462,2716 1507,2707 1552,2707 1596,2704 1641,2704 1686,2704 1731,2701 1776,2698 1820,2698 1865,2695 1910,2692 1955,2689 1999,2686 2044,2686 2089,2680 2134,2677 2178,2674 2223,2671 2268,2668 2313,2665 2358,2662 2402,2662 2447,2659 2492,2656 2537,2653 2581,2650 2626,2647 2671,2644 2716,2641 2761,2638 2805,2638 2850,2638 2895,2638 2940,2635 2984,2632 3029,2626 3074,2623 3119,2620 3163,2620"/>
                <TextEquiv>
                    <Unicode>Es ist ja, um toll zu werden!... Was</Unicode>
                </TextEquiv>
            </TextLine>
            <TextLine id="tr_2_tl_4" custom="readingOrder {index:3;}">
                <Coords points="1548,2872 2003,2889 2170,2832 2746,2799 2982,2832 3091,2799 3096,2726 2243,2777 2146,2731 1555,2755"/>
                <Baseline points="1561,2865 1573,2862 1617,2859 1662,2859 1707,2856 1752,2856 1796,2850 1841,2847 1886,2847 1931,2841 1976,2841 2020,2838 2065,2835 2110,2832 2155,2829 2199,2826 2244,2823 2289,2820 2334,2817 2378,2814 2423,2814 2468,2811 2513,2805 2558,2805 2602,2802 2647,2799 2692,2796 2737,2793 2781,2790 2826,2790 2871,2787 2916,2784 2961,2781 3005,2781 3050,2781 3095,2778"/>
                <TextEquiv>
                    <Unicode>hab' ich nun von meiner Gefällig-</Unicode>
                </TextEquiv>
            </TextLine>
            <TextLine id="tr_2_tl_5" custom="readingOrder {index:4;}">
                <Coords points="1524,3047 1755,3067 1909,3008 2350,3012 2551,2962 3094,2975 3100,2863 2773,2920 1963,2911 1783,2957 1636,2916 1530,2955"/>
                <Baseline points="1537,3017 1581,3014 1626,3014 1671,3011 1716,3008 1761,3005 1805,3005 1850,3005 1895,3002 1940,2999 1984,2993 2029,2987 2074,2987 2119,2984 2164,2981 2208,2978 2253,2978 2298,2975 2343,2972 2387,2969 2432,2966 2477,2964 2522,2964 2567,2958 2611,2955 2656,2955 2701,2949 2746,2949 2790,2946 2835,2946 2880,2943 2925,2943 2969,2940 3014,2934 3059,2931 3104,2931"/>
                <TextEquiv>
                    <Unicode>keit?... Was bedeutet denn eigent-</Unicode>
                </TextEquiv>
            </TextLine>
            <TextLine id="tr_2_tl_6" custom="readingOrder {index:5;}">
                <Coords points="1533,3206 2817,3105 3076,3151 3083,3019 1539,3094"/>
                <Baseline points="1546,3166 1564,3166 1608,3166 1653,3163 1698,3161 1743,3158 1787,3155 1832,3152 1877,3149 1922,3146 1967,3143 2011,3140 2056,3137 2101,3137 2146,3134 2190,3131 2235,3131 2280,3131 2325,3128 2370,3128 2414,3122 2459,3119 2504,3116 2549,3113 2593,3110 2638,3107 2683,3104 2728,3104 2772,3101 2817,3098 2862,3095 2907,3092 2952,3089 2996,3089 3041,3092 3086,3095"/>
                <TextEquiv>
                    <Unicode>lich das Ganze?... Sie stehen da,</Unicode>
                </TextEquiv>
            </TextLine>
            <TextLine id="tr_2_tl_7" custom="readingOrder {index:6;}">
                <Coords points="1491,3338 2953,3272 3072,3248 3076,3153 2073,3210 1895,3274 1777,3230 1495,3265"/>
                <Baseline points="1504,3322 1510,3322 1555,3322 1599,3322 1644,3319 1689,3316 1734,3313 1779,3310 1823,3310 1868,3307 1913,3301 1958,3301 2002,3295 2047,3292 2092,3289 2137,3286 2181,3283 2226,3280 2271,3280 2316,3277 2361,3277 2405,3277 2450,3274 2495,3271 2540,3268 2584,3265 2629,3262 2674,3256 2719,3253 2764,3250 2808,3250 2853,3247 2898,3244 2943,3241 2987,3241 3032,3235 3077,3241"/>
                <TextEquiv>
                    <Unicode>Cäcilie, und lächeln... Bevor ich</Unicode>
                </TextEquiv>
            </TextLine>
            <TextLine id="tr_2_tl_8" custom="readingOrder {index:7;}">
                <Coords points="1552,3481 2201,3439 2458,3472 2975,3395 3116,3430 3135,3287 2768,3353 2328,3327 2113,3395 1557,3401"/>
                <Baseline points="1564,3468 1570,3471 1614,3468 1659,3465 1704,3462 1749,3462 1793,3459 1838,3456 1883,3453 1928,3450 1973,3450 2017,3444 2062,3444 2107,3438 2152,3438 2196,3435 2241,3432 2286,3429 2331,3426 2375,3426 2420,3423 2465,3420 2510,3417 2555,3414 2599,3411 2644,3408 2689,3408 2734,3405 2778,3402 2823,3399 2868,3399 2913,3396 2958,3393 3002,3387 3047,3384 3092,3381 3137,3378"/>
                <TextEquiv>
                    <Unicode>mich in diese Mordgeschichten ein-</Unicode>
                </TextEquiv>
            </TextLine>
            <TextLine id="tr_2_tl_9" custom="readingOrder {index:8;}">
                <Coords points="1561,3635 3120,3595 3206,3555 3210,3474 2834,3443 2645,3505 2410,3459 1878,3573 1568,3547"/>
                <Baseline points="1576,3629 1596,3629 1641,3626 1686,3623 1731,3620 1776,3623 1820,3623 1865,3620 1910,3617 1955,3614 1999,3611 2044,3608 2089,3602 2134,3602 2178,3602 2223,3599 2268,3593 2313,3590 2358,3587 2402,3584 2447,3581 2492,3578 2537,3575 2581,3575 2626,3572 2671,3569 2716,3566 2761,3563 2805,3563 2850,3560 2895,3558 2940,3555 2984,3552 3029,3549 3074,3546 3119,3543 3163,3540 3208,3540"/>
                <TextEquiv>
                    <Unicode>lasse, möcht' ich Aufklärung haben!</Unicode>
                </TextEquiv>
            </TextLine>
            <TextLine id="tr_2_tl_10" custom="readingOrder {index:9;}">
                <Coords points="1420,3788 2775,3705 3083,3751 3182,3740 3186,3624 2126,3617 1572,3705 1425,3668"/>
                <Baseline points="1432,3766 1444,3763 1489,3760 1534,3757 1579,3755 1623,3755 1668,3755 1713,3755 1758,3752 1802,3746 1847,3746 1892,3743 1937,3743 1981,3737 2026,3734 2071,3734 2116,3731 2161,3731 2205,3728 2250,3725 2295,3725 2340,3722 2384,3719 2429,3716 2474,3713 2519,3710 2564,3710 2608,3707 2653,3704 2698,3704 2743,3701 2787,3704 2832,3701 2877,3698 2922,3698 2966,3695 3011,3689 3056,3689 3101,3686 3146,3683 3190,3689"/>
                <TextEquiv>
                    <Unicode>Amad: Du sollst sie bekommen, beruhi-</Unicode>
                </TextEquiv>
            </TextLine>
        </TextRegion>
    </Page>
</PcGts>
