<?xml version="1.0" encoding="UTF-8" standalone="yes"?>
<PcGts xmlns="http://schema.primaresearch.org/PAGE/gts/pagecontent/2013-07-15" xmlns:xsi="http://www.w3.org/2001/XMLSchema-instance" xsi:schemaLocation="http://schema.primaresearch.org/PAGE/gts/pagecontent/2013-07-15 http://schema.primaresearch.org/PAGE/gts/pagecontent/2013-07-15/pagecontent.xsd">
    <Metadata>
        <Creator>prov=READ-COOP:name=TrHtr:version=2.1.0:model_id=51170:date=29_07_2023_16:32</Creator>
        <Created>2023-05-10T13:05:18.937+02:00</Created>
        <LastChange>2023-07-29T16:32:46.151+02:00</LastChange>
        <TranskribusMetadata docId="1428560" pageId="55408595" pageNr="170" tsid="131449226" status="IN_PROGRESS" userId="64420" imgUrl="https://files.transkribus.eu/Get?id=HOANSCMWABLKRCMDCODPFQJH&amp;fileType=view" xmlUrl="https://files.transkribus.eu/Get?id=ZCBDDHKXGOMOLJYHYYEYJVVT" imageId="44682741"/>
    </Metadata>
    <Page imageFilename="1428560_0170.jpg" imageWidth="3448" imageHeight="4088">
        <ReadingOrder>
            <OrderedGroup id="ro_1711794876893" caption="Regions reading order">
                <RegionRefIndexed index="0" regionRef="tr_1"/>
                <RegionRefIndexed index="1" regionRef="tr_2"/>
            </OrderedGroup>
        </ReadingOrder>
        <TextRegion id="tr_1" custom="readingOrder {index:0;}">
            <Coords points="1172,367 3088,367 3088,2152 1172,2152"/>
            <TextLine id="tr_1_tl_1" custom="readingOrder {index:0;}">
                <Coords points="2669,450 2701,453 2739,431 2806,462 2820,450 2837,448 2842,312 2830,312 2811,295 2787,307 2775,297 2753,297 2717,323 2674,309"/>
                <Baseline points="2682,423 2709,423 2754,423 2798,423 2843,417"/>
                <TextEquiv>
                    <Unicode>109</Unicode>
                </TextEquiv>
            </TextLine>
            <TextLine id="tr_1_tl_2" custom="readingOrder {index:1;}">
                <Coords points="1157,594 3079,599 3082,484 2497,537 1605,443 1160,532"/>
                <Baseline points="1172,584 1208,587 1253,584 1298,584 1342,587 1387,587 1432,587 1477,584 1521,587 1566,587 1611,587 1656,590 1700,587 1745,587 1790,590 1835,590 1879,590 1924,593 1969,593 2014,593 2058,590 2103,593 2148,590 2193,590 2237,587 2282,590 2327,590 2372,587 2416,587 2461,587 2506,587 2551,584 2596,587 2640,584 2685,584 2730,584 2775,587 2819,584 2864,584 2909,584 2954,581 2998,584 3043,581 3088,581"/>
                <TextEquiv>
                    <Unicode>Amad: Nun hier, im philharmonischen Kon-</Unicode>
                </TextEquiv>
            </TextLine>
            <TextLine id="tr_1_tl_3" custom="readingOrder {index:2;}">
                <Coords points="1340,784 1450,750 1471,762 1493,752 1613,774 1610,693 1579,709 1524,669 1500,688 1476,676 1447,690 1421,678 1395,681 1337,709"/>
                <Baseline points="1351,740 1396,740 1441,740 1486,740 1530,740 1575,743 1614,743"/>
                <TextEquiv>
                    <Unicode>zert.</Unicode>
                </TextEquiv>
            </TextLine>
            <TextLine id="tr_1_tl_4" custom="readingOrder {index:3;}">
                <Coords points="1215,896 3010,923 2988,803 1215,824"/>
                <Baseline points="1229,895 1268,892 1312,892 1357,892 1402,895 1447,895 1491,895 1536,895 1581,895 1626,895 1671,895 1715,895 1760,895 1805,895 1850,895 1894,895 1939,895 1984,895 2029,892 2073,895 2118,895 2163,892 2208,895 2252,895 2297,895 2342,895 2387,895 2431,895 2476,895 2521,892 2566,895 2610,895 2655,895 2700,895 2745,895 2789,895 2834,895 2879,892 2924,892 2969,892 3013,889"/>
                <TextEquiv>
                    <Unicode>Cäc: Ja, wenn ich mich zu dieser Zeit</Unicode>
                </TextEquiv>
            </TextLine>
            <TextLine id="tr_1_tl_5" custom="readingOrder {index:4;}">
                <Coords points="1347,1052 1464,1090 2967,1064 2935,961 2480,1004 1347,975"/>
                <Baseline points="1360,1050 1405,1047 1450,1047 1494,1047 1539,1047 1584,1047 1629,1047 1673,1047 1718,1047 1763,1047 1808,1047 1853,1047 1897,1047 1942,1047 1987,1047 2032,1047 2076,1047 2121,1047 2166,1047 2211,1047 2255,1047 2300,1047 2345,1047 2390,1047 2434,1047 2479,1050 2524,1047 2569,1050 2613,1050 2658,1050 2703,1050 2748,1050 2792,1047 2837,1050 2882,1047 2927,1047 2972,1047"/>
                <TextEquiv>
                    <Unicode>noch in Wien aufhalten werde, wird</Unicode>
                </TextEquiv>
            </TextLine>
            <TextLine id="tr_1_tl_6" custom="readingOrder {index:5;}">
                <Coords points="1354,1210 1550,1241 1680,1203 1759,1234 2403,1227 2401,1136 2353,1121 1838,1165 1589,1121 1481,1172 1402,1145 1354,1177"/>
                <Baseline points="1366,1196 1411,1199 1456,1199 1500,1202 1545,1202 1590,1202 1635,1199 1679,1202 1724,1202 1769,1202 1814,1199 1858,1199 1903,1202 1948,1202 1993,1202 2038,1202 2082,1199 2127,1202 2172,1202 2217,1199 2261,1199 2306,1202 2351,1205 2396,1208 2408,1208"/>
                <TextEquiv>
                    <Unicode>es mir eine Ehre sein.</Unicode>
                </TextEquiv>
            </TextLine>
            <TextLine id="tr_1_tl_7" custom="readingOrder {index:6;}">
                <Coords points="1203,1366 3005,1402 3005,1287 2950,1282 1203,1292"/>
                <Baseline points="1217,1357 1262,1357 1306,1357 1351,1357 1396,1357 1441,1357 1486,1357 1530,1357 1575,1360 1620,1357 1665,1357 1709,1357 1754,1357 1799,1354 1844,1357 1888,1357 1933,1357 1978,1357 2023,1357 2067,1354 2112,1354 2157,1354 2202,1354 2246,1354 2291,1357 2336,1357 2381,1354 2425,1354 2470,1354 2515,1354 2560,1354 2604,1354 2649,1354 2694,1354 2739,1354 2784,1354 2828,1354 2873,1354 2918,1354 2963,1354 3007,1357 3010,1357"/>
                <TextEquiv>
                    <Unicode>Amad: Und wenn sich Euer Gnaden nicht</Unicode>
                </TextEquiv>
            </TextLine>
            <TextLine id="tr_1_tl_8" custom="readingOrder {index:7;}">
                <Coords points="1308,1524 2866,1560 2866,1438 2324,1469 1984,1419 1663,1486 1308,1443"/>
                <Baseline points="1321,1509 1351,1512 1396,1512 1441,1515 1486,1512 1530,1512 1575,1512 1620,1512 1665,1515 1709,1512 1754,1512 1799,1512 1844,1512 1888,1512 1933,1512 1978,1512 2023,1509 2067,1509 2112,1509 2157,1512 2202,1509 2246,1515 2291,1512 2336,1512 2381,1509 2425,1509 2470,1509 2515,1509 2560,1509 2604,1512 2649,1512 2694,1509 2739,1509 2784,1509 2828,1509 2873,1506"/>
                <TextEquiv>
                    <Unicode>in Wien aufhalten, so werden Euer</Unicode>
                </TextEquiv>
            </TextLine>
            <TextLine id="tr_1_tl_9" custom="readingOrder {index:8;}">
                <Coords points="1347,1685 2955,1685 2955,1608 2732,1586 2022,1586 1665,1649 1347,1598"/>
                <Baseline points="1360,1668 1393,1668 1438,1668 1483,1668 1527,1668 1572,1668 1617,1668 1662,1668 1706,1668 1751,1671 1796,1668 1841,1668 1885,1668 1930,1668 1975,1668 2020,1668 2064,1668 2109,1668 2154,1668 2199,1665 2243,1665 2288,1662 2333,1662 2378,1662 2422,1662 2467,1662 2512,1662 2557,1665 2601,1665 2646,1665 2691,1665 2736,1665 2781,1665 2825,1665 2870,1665 2915,1662 2960,1662"/>
                <TextEquiv>
                    <Unicode>Gnaden zu diesem Zwecke eine kurze</Unicode>
                </TextEquiv>
            </TextLine>
            <TextLine id="tr_1_tl_10" custom="readingOrder {index:9;}">
                <Coords points="1342,1836 2777,1848 2777,1795 2598,1742 2475,1776 2185,1744 2082,1790 1342,1761"/>
                <Baseline points="1354,1826 1399,1829 1444,1829 1488,1829 1533,1829 1578,1829 1623,1829 1668,1829 1712,1829 1757,1829 1802,1829 1847,1829 1891,1829 1936,1826 1981,1826 2026,1826 2070,1826 2115,1826 2160,1826 2205,1823 2249,1823 2294,1823 2339,1823 2384,1823 2428,1823 2473,1823 2518,1823 2563,1820 2607,1823 2652,1823 2697,1820 2742,1823 2781,1826"/>
                <TextEquiv>
                    <Unicode>Reise nach Wien nicht scheuen.</Unicode>
                </TextEquiv>
            </TextLine>
            <TextLine id="tr_1_tl_11" custom="readingOrder {index:10;}">
                <Coords points="1208,2008 3058,1986 3026,1910 2617,1929 2511,1874 2111,1948 1208,1915"/>
                <Baseline points="1220,1987 1229,1987 1274,1984 1318,1987 1363,1987 1408,1987 1453,1984 1497,1984 1542,1984 1587,1984 1632,1984 1676,1984 1721,1984 1766,1984 1811,1984 1856,1984 1900,1984 1945,1981 1990,1981 2035,1981 2079,1978 2124,1978 2169,1978 2214,1978 2258,1975 2303,1978 2348,1978 2393,1978 2437,1978 2482,1975 2527,1975 2572,1978 2616,1978 2661,1975 2706,1975 2751,1975 2795,1975 2840,1975 2885,1975 2930,1972 2974,1972 3019,1972 3064,1972"/>
                <TextEquiv>
                    <Unicode>Cäc: Gewiss nicht. - Was tut man nicht</Unicode>
                </TextEquiv>
            </TextLine>
            <TextLine id="tr_1_tl_12" custom="readingOrder {index:11;}">
                <Coords points="1337,2173 2751,2154 2777,2056 1337,2094"/>
                <Baseline points="1351,2136 1396,2139 1441,2139 1486,2139 1530,2139 1575,2139 1620,2139 1665,2139 1709,2142 1754,2142 1799,2142 1844,2139 1888,2142 1933,2139 1978,2139 2023,2139 2067,2136 2112,2136 2157,2136 2202,2136 2246,2133 2291,2133 2336,2133 2381,2133 2425,2133 2470,2133 2515,2130 2560,2130 2604,2127 2649,2127 2694,2127 2739,2127 2784,2127"/>
                <TextEquiv>
                    <Unicode>alles seinen Freunden zuliebe!</Unicode>
                </TextEquiv>
            </TextLine>
        </TextRegion>
        <TextRegion id="tr_2" custom="readingOrder {index:1;}">
            <Coords points="1166,2229 3109,2229 3109,3665 1166,3665"/>
            <TextLine id="tr_2_tl_1" custom="readingOrder {index:0;}">
                <Coords points="1201,2305 2880,2303 2935,2298 2935,2229 1201,2250"/>
                <Baseline points="1214,2294 1241,2294 1286,2294 1330,2294 1375,2294 1420,2297 1465,2294 1509,2291 1554,2291 1599,2294 1644,2291 1688,2291 1733,2291 1778,2291 1823,2291 1867,2291 1912,2291 1957,2291 2002,2291 2046,2291 2091,2291 2136,2288 2181,2288 2226,2285 2270,2285 2315,2285 2360,2285 2405,2285 2449,2288 2494,2285 2539,2285 2584,2285 2628,2285 2673,2285 2718,2282 2763,2282 2807,2282 2852,2282 2897,2282 2942,2279"/>
                <TextEquiv>
                    <Unicode>Amad: So kann ich darüber also beru-</Unicode>
                </TextEquiv>
            </TextLine>
            <TextLine id="tr_2_tl_2" custom="readingOrder {index:1;}">
                <Coords points="1332,2459 1519,2483 1627,2454 1689,2473 1785,2468 1836,2459 1838,2375 1747,2399 1704,2370 1605,2384 1579,2370 1502,2401 1445,2372 1332,2403"/>
                <Baseline points="1345,2449 1348,2452 1393,2452 1438,2449 1483,2449 1527,2449 1572,2449 1617,2446 1662,2446 1706,2446 1751,2446 1796,2443 1841,2443"/>
                <TextEquiv>
                    <Unicode>higt sein?</Unicode>
                </TextEquiv>
            </TextLine>
            <TextLine id="tr_2_tl_3" custom="readingOrder {index:2;}">
                <Coords points="1203,2617 2909,2617 2911,2391 2617,2466 2444,2413 2209,2447 1965,2557 1205,2523"/>
                <Baseline points="1217,2604 1262,2604 1306,2604 1351,2604 1396,2607 1441,2607 1486,2604 1530,2604 1575,2604 1620,2601 1665,2601 1709,2601 1754,2599 1799,2599 1844,2599 1888,2599 1933,2599 1978,2599 2023,2599 2067,2599 2112,2599 2157,2599 2202,2599 2246,2596 2291,2596 2336,2596 2381,2596 2425,2599 2470,2593 2515,2596 2560,2593 2604,2593 2649,2593 2694,2593 2739,2590 2784,2590 2828,2590 2873,2587 2918,2587"/>
                <TextEquiv>
                    <Unicode>Cäe: Ich werde dein Sepran-Sele vor</Unicode>
                </TextEquiv>
            </TextLine>
            <TextLine id="tr_2_tl_4" custom="readingOrder {index:3;}">
                <Coords points="1337,2780 2245,2784 2581,2760 2583,2701 1831,2674 1675,2729 1586,2686 1340,2696"/>
                <Baseline points="1351,2760 1378,2760 1423,2757 1468,2760 1512,2757 1557,2757 1602,2757 1647,2757 1691,2757 1736,2757 1781,2760 1826,2757 1870,2757 1915,2757 1960,2754 2005,2757 2049,2754 2094,2754 2139,2754 2184,2754 2229,2754 2273,2751 2318,2751 2363,2751 2408,2751 2452,2748 2497,2748 2542,2751 2587,2751"/>
                <TextEquiv>
                    <Unicode>Isolde zu schützen wissen.</Unicode>
                </TextEquiv>
            </TextLine>
            <TextLine id="tr_2_tl_5" custom="readingOrder {index:4;}">
                <Coords points="1203,2938 3026,2935 3106,2928 3106,2808 2423,2878 1203,2835"/>
                <Baseline points="1217,2915 1229,2915 1274,2912 1318,2912 1363,2912 1408,2912 1453,2912 1497,2909 1542,2909 1587,2909 1632,2909 1676,2909 1721,2909 1766,2909 1811,2912 1856,2912 1900,2909 1945,2909 1990,2909 2035,2909 2079,2906 2124,2906 2169,2906 2214,2906 2258,2906 2303,2909 2348,2909 2393,2909 2437,2909 2482,2909 2527,2909 2572,2906 2616,2903 2661,2903 2706,2906 2751,2903 2795,2903 2840,2903 2885,2903 2930,2903 2974,2903 3019,2903 3064,2897 3109,2897"/>
                <TextEquiv>
                    <Unicode>Amad: Weisst du übrigens, was man sagt?</Unicode>
                </TextEquiv>
            </TextLine>
            <TextLine id="tr_2_tl_6" custom="readingOrder {index:5;}">
                <Coords points="1208,3108 1253,3120 1351,3084 1404,3101 1445,3070 1474,3091 1560,3072 1584,3096 1620,3070 1723,3094 1869,3067 1967,3086 1986,2988 1924,3017 1795,2991 1673,3017 1629,2993 1210,2993"/>
                <Baseline points="1220,3064 1229,3067 1274,3064 1318,3067 1363,3064 1408,3064 1453,3064 1497,3061 1542,3061 1587,3061 1632,3058 1676,3061 1721,3058 1766,3061 1811,3061 1856,3058 1900,3058 1945,3058 1990,3052"/>
                <TextEquiv>
                    <Unicode>Cäe: Ueber uns?</Unicode>
                </TextEquiv>
            </TextLine>
            <TextLine id="tr_2_tl_7" custom="readingOrder {index:6;}">
                <Coords points="1153,3268 2399,3218 2945,3333 2983,3134 2193,3132 1965,3187 1153,3122"/>
                <Baseline points="1166,3222 1199,3222 1244,3219 1289,3219 1333,3219 1378,3222 1423,3219 1468,3216 1512,3216 1557,3216 1602,3216 1647,3216 1691,3216 1736,3216 1781,3216 1826,3216 1870,3216 1915,3216 1960,3216 2005,3213 2049,3213 2094,3216 2139,3213 2184,3216 2229,3213 2273,3213 2318,3216 2363,3216 2408,3216 2452,3213 2497,3213 2542,3213 2587,3213 2631,3213 2676,3213 2721,3213 2766,3210 2810,3210 2855,3210 2900,3207 2945,3204 2989,3201"/>
                <TextEquiv>
                    <Unicode>Amad: Ueber uns. - Dass wir uns schei-</Unicode>
                </TextEquiv>
            </TextLine>
            <TextLine id="tr_2_tl_8" custom="readingOrder {index:7;}">
                <Coords points="1356,3415 1546,3395 1582,3415 1653,3379 1759,3403 2034,3374 2078,3403 2205,3388 2205,3331 2066,3295 1836,3331 1541,3304 1356,3324"/>
                <Baseline points="1369,3368 1414,3368 1459,3371 1503,3371 1548,3371 1593,3371 1638,3371 1682,3371 1727,3371 1772,3371 1817,3371 1861,3374 1906,3368 1951,3368 1996,3368 2041,3368 2085,3368 2130,3368 2175,3368 2208,3371"/>
                <TextEquiv>
                    <Unicode>den lassen werden.</Unicode>
                </TextEquiv>
            </TextLine>
            <TextLine id="tr_2_tl_9" custom="readingOrder {index:8;}">
                <Coords points="1213,3554 2765,3522 2830,3563 2923,3556 2926,3465 1215,3475"/>
                <Baseline points="1229,3527 1274,3532 1318,3532 1363,3532 1408,3532 1453,3530 1497,3532 1542,3532 1587,3532 1632,3530 1676,3530 1721,3530 1766,3530 1811,3530 1856,3527 1900,3527 1945,3527 1990,3524 2035,3527 2079,3530 2124,3527 2169,3524 2214,3524 2258,3524 2303,3524 2348,3527 2393,3524 2437,3524 2482,3521 2527,3521 2572,3524 2616,3524 2661,3524 2706,3524 2751,3521 2795,3521 2840,3521 2885,3521 2930,3521"/>
                <TextEquiv>
                    <Unicode>Cäs: Die Dummköpfe! Sie sollten uns</Unicode>
                </TextEquiv>
            </TextLine>
            <TextLine id="tr_2_tl_10" custom="readingOrder {index:9;}">
                <Coords points="1347,3666 1704,3693 1797,3654 1859,3693 2224,3652 2638,3724 2638,3582 2372,3582 2322,3626 2061,3542 1478,3534 1347,3575"/>
                <Baseline points="1360,3655 1405,3652 1450,3652 1494,3652 1539,3652 1584,3649 1629,3652 1673,3652 1718,3652 1763,3649 1808,3649 1853,3649 1897,3649 1942,3649 1987,3649 2032,3649 2076,3649 2121,3649 2166,3649 2211,3649 2255,3652 2300,3652 2345,3652 2390,3652 2434,3652 2479,3652 2524,3652 2569,3652 2613,3655 2643,3655"/>
                <TextEquiv>
                    <Unicode>nur einmal beisammen sehen.</Unicode>
                </TextEquiv>
            </TextLine>
        </TextRegion>
    </Page>
</PcGts>
