3416 4104
2676 402 2809 570 10
1001 626 2816 766 Fried: Nun, Sie lassen sich dann eben
1181 782 1640 919 scheiden.
1001 868 3045 1067 Amad: Wir denken nicht daran. Scheiden las¬
1192 1029 2880 1245 sen müssen sich Leute, deren Freund¬
1192 1199 2949 1347 schaft zu Ende gegangen ist, die aber
1189 1370 2926 1533 noch in einander verliebt sind. Denn
1194 1533 3084 1665 da können hässliche Sachen herauskommen.
1146 1670 2931 1836 Aber wenn zwei Menschen nicht mehr in
1207 1833 2882 1981 einander verliebt sind und noch die
1245 2014 3017 2144 herzlichste Freundschaft für einander
1217 2174 2977 2292 empfinden - ja einander bedürfen, als
1199 2274 2999 2498 Menschen, als Künstler - nebstbei Kin-
1176 2427 2921 2633 der haben, die sie lieben und gemein-
1220 2595 3071 2760 schaftlich erziehen wollen – was sollte
1230 2745 2989 2946 sie veranlassen auseinander zu gehen?
1225 2882 2951 3081 Es gibt tausend Ehen, in denen jeder
1240 3007 2966 3274 seinen eigenen Weg geht und man sich
1281 3178 3033 3412 sozusagen nur nachts im Bette findet.
1202 3376 3020 3577 Und das nennt Ihr glückliche Ehen! Ich
1250 3501 3101 3756 finde die viel glücklicher und schöner,
