3400 4104
2843 347 2971 507 11
1214 502 2889 682 wo jeder seinen eigenen Liebes- und
1212 679 2958 831 Vergnügungsweg geht, wo man aber see-
1209 813 2987 985 lisch durch die tausend andern wesent-
1243 975 3036 1170 lieheren Interessen des Lebens verbun¬
1214 1134 1739 1317 den bleibt.
1029 1307 3000 1489 Fried: Aber wie man das machen soll, seh
1217 1474 2181 1613 ich nicht recht ein.
1032 1598 3097 1772 Amad: Indem man wahr ist, beste Friederike.
1212 1767 2966 1935 Nur durch Tück- wird alles dies häss-
1225 1950 3087 2071 lich. Es gibt auch in der Ehe keinen Be¬
1695 2037 1950 2163 Süge
1232 2063 3010 2246 trug ohne Lieber. Und darum können wir,
1232 2259 2946 2390 Agathe und ich, selbst innerhalb der
1284 2403 3084 2601 Gefahr unseres Berufes der Zukunft mit
1196 2583 2912 2727 Ruhe entgegen und einander stets mit
1196 2701 3025 2928 Ruhe ins Auge sehen. Wir werden uns sa-
1248 2863 2879 3082 gen, wenn es an der Zeit ist. Sie
1248 2992 3123 3234 wird keinen Kuss mehr von diesen Lippen
1266 3195 3059 3406 entgegennahmen, wenn ihr Mund sich ei-
1261 3380 2470 3522 nem Andern entgegensehnt.
1093 3501 2969 3697 Fried: Und Sie keinen von den ihren im
1291 3666 2727 3851 gleichen Fall? :Nah bei ihm:
