3480 4120
2491 290 2634 411 20
1004 470 2946 628 Alb: Ja, ich bin geistig sehr regsam. Es
1201 593 3089 793 gibt eben keine Störungen mehr für mich.
1201 753 3074 938 Ich kann mich ungestört meinen Arbeiten
1162 999 1519 1108 widmen.
1041 1108 2225 1304 Amad: Wie meinst du das?
1484 1204 1885 1324 Maiit. il
1041 1233 3020 1457 Alb: Die Weibergeschichten sind vor bei -
428 1388 953 1553 int voulant
1181 1455 1829 1615 verstehst du?
320 1484 989 1661 und auf - weil,
305 1558 1021 1784 geblicht mit mehr
1058 1578 2577 1802 Amad: Du bist doch verheiratet.
426 1723 756 1888 nous
1078 1747 2597 1967 Alb: Eben darum. Die verdammten
1268 1851 3165 2099 sind vorbei - die Quälereien, die Rendez
1292 2013 3037 2257 vous - und insbesondere der Schwindel
1324 2151 3059 2400 mit der Seele; die Mühe festzuhalten
1302 2338 3133 2587 und die noch grössere Mühe loszuwerden.
1309 2488 3086 2712 Man hat seine Ruhe; es kommt nicht zu
1282 2629 3190 2892 der ungesunden Verquikung von seelischen
1341 2779 3237 3035 und körperlichen Interessen. Man braucht
1354 2956 3197 3185 den Tag nicht mehr zur Nacht zu machen;
1376 3072 3222 3345 es läuft einem kein Mann mehr nach, der
1388 3261 3254 3505 einen mit der Hacke erschlagen will; man
1383 3389 3273 3660 muss nicht mehr Absteigquartiere suchen;
1391 3557 3175 3778 man sehnt sich nicht mehr, verstanden
