3432 4088
2607 398 2748 579 71
1276 542 2946 780 scheinen, wir haben mit einander zu
1328 831 1764 947 arbeiten.
1145 888 2247 1119 Fried: Und deine Frau?
1201 1043 2941 1267 Amad: Kommt allerdings etwas später.
1331 1208 2588 1401 Der Zug kommt um acht Uhr.
1213 1361 2913 1568 Fried: Sie wird wol auf dem Bahnhof
1366 1550 2908 1738 soupieren mit Seiner Durchlaucht.
1170 1771 1898 1988 Amad: Möglich.
1243 1790 3024 2049 Fried: Es sei denn, dass Seine Durch-
1333 1943 3113 2207 laucht allein in Dresden zurückgeblie-
1394 2249 1830 2357 ben sind.
1255 2263 2595 2583 Amad: Auch das ist möglich.
1274 2534 2744 2751 Fried: Wenn er in Dresden war.
1286 2602 3182 2901 Amad : Hr war in Dresden. :Nimmt einen
1479 2753 3182 3062 Brief seiner Frau: Cäcilie schreit
1439 3012 2183 3231 mir hier davon.
1324 3062 3076 3382 Fried: Sie hat ja Triumphe gefeiert.
1335 3219 3172 3544 Amad: Selbstverständlich, Aber du bist
1491 3375 3113 3681 doch nicht gekommen, um mir das zu
1514 3636 1962 3803 erzählen?
