3416 4040
243 995 911 1192 aller Reis.
255 1154 959 1303 de voir.
368 1940 1036 2151 Alh Frau Marie
346 2113 796 2262 eodem
349 2195 1002 2370 be auch sein
175 2385 1050 2553 Sie wird ich bin belöne,
202 2529 959 2728 ich ersuche dich  laut
207 2702 627 2865 erst lassen.
2377 262 2565 447 127
1353 478 2981 675 Dass uns auf allen Wegen das Glück
1358 666 3053 837 blieht. Ich achtundzwanzig, du dreis-
1363 834 2877 1012 sig. Das Leben fängt is erst an.
1228 969 3007 1149 Amad: Ja, das Leben fängt erst an!...
1185 1111 3115 1303 Cäc: Nun aber möcht' ich hören, wie weit
1382 1262 2983 1447 du gekommen bist. Ich habe dich so
1363 1413 2933 1623 lang nicht spielen gehört. Spiele
1363 1620 1952 1788 mir was vor.
1233 1719 3074 1925 Amad: Ja, ich brenne schen darauf! Mit
1385 1897 3046 2108 sonst niemandem kann man über diese
1382 2072 2202 2262 Sachen reden.
1245 2195 3041 2416 Cäc: Das wird ja jetzt besser werden.
1250 2387 1897 2594 Amad: Wiese?
1262 2481 2719 2716 Cäe: Nun, die kleine Bulgarin,
1262 2685 3036 2897 Amad: Nun, das wollen wir noch dahin-
1409 2865 2973 3038 gestellt sein lassen... Uebrigens
1404 3041 3034 3221 handelt es sich nicht allein um Mu-
1416 3207 2985 3365 sik - ich beschäftige mich wieder
1430 3322 3134 3493 sehr mit theoretischen Fragen. Sieh
1442 3435 3142 3651 einmal. :Zeigt ihr ein Manuscript:
