3432 4120
1753 449 2724 679 paziergänne in den däm-
1904 649 2461 852 in Schweigen.
1689 815 2614 1012 von einander entfer
1694 955 2895 1131 von denen, in dem man sich
1483 988 1670 1139 eins
1801 1082 2851 1315 Man fragte sich so oft
1470 1249 3046 1486 hast du denn eigentlich? warum bi
1486 1433 3169 1617 du nicht fröhlicher?... Das war, wie
1455 1551 3041 1773 wenn in einen Traum irgend ein Ge-
1497 1738 2866 1926 rausch des Tags hineinklingt.
1624 1856 3186 2086 Dass nun diese Zett, von der wir
1359 1935 1595 2121 Amad:
1503 2020 3101 2259 so oft sprachen, wirklich da ist..
1512 2163 3017 2402 Ob man sie nicht gewissermaassen
522 2275 1411 2474 I am reest on half tijnt
1512 2364 3000 2546 heraufbeschworen hat?... Ob man
546 2494 931 2647 had
1505 2489 3083 2684 nicht beinahe die Leute glücklich
532 2616 1045 2803 (in or teit.)
1521 2643 3212 2831 preisen sollte, die in der Dumpfheit
1529 2800 2993 3011 ihrer Gefühle hinleben und sich
1529 2974 2248 3175 selbst belügen.
1394 3127 3155 3293 Cäc: Man belügt immer nur die Andern
1549 3267 3026 3478 Auch die Dumpfen belügen sich nicht.
1771 3412 2925 3653 ist. Das ist eine Fabel; das Geld-
1716 3585 3017 3822 man sich das Leben leicht
