3464 4104
2878 310 3042 438 1 2°
1179 498 2354 658 Cäc: Er war aber Torere.
1136 660 2695 848 Amad: Und der Abend war gestern?
1179 781 3007 963 Cäe: War es wirklich erst gestern?...
1198 970 3112 1172 Amad: (Er bleibt ja in Dresden engagiert.
2116 1060 2397 1206 Alf.
1201 1156 2030 1313 Cäc: Natürlich.
1196 1241 2961 1427 Amad: :sich vergessend: Also darum
1372 1415 3019 1568 ... Wieder in leichtem scherzen-
1368 1556 3097 1734 dem Ton: Also darum möchtest du wel
1375 1754 2564 1947 gerne nach Dresden gehen?
1234 1887 3133 2044 Cäc: Desswegen, mein Freund, müsste man
1379 2049 2804 2223 nicht eben nach Dresden gehen.
1248 2199 2726 2368 Amad: Er kommt vielleicht her?
493 2187 955 2387 Rt. dessel¬
1267 2297 3021 2518 Cäc: Auch das. Es ist wenigstens mög-
369 2366 1010 2549 dentierte it –
1420 2459 3042 2664 lich... Ich glaube, er wird im Jän-
391 2542 1058 2711 Qu'il ai méod mais
1413 2635 3145 2818 ner hier gasitieren. - Aber man könnte
415 2666 1024 2826 mon Carrivé
1434 2788 3133 2976 sich ja auch zu Weihnachten irgendwo
1444 2971 3121 3150 treffen. Aber ich denke nicht daran.
374 2914 915 3114 wie wir s. 3
1394 3121 3107 3283 Der Zauber ist schon vorbei. Und ich
1472 3276 3100 3445 glabe, der kann nicht wiederkommen.
1320 3421 3031 3660 Amad: Da kannst du wol Recht haben.
1460 3543 3128 3786 Wenn ein solcher Augenblick vorüber
