3464 4168
2930 370 3131 483 153
1421 504 3223 714 Amad: Ich bin am Ende meiner Ueberleg-
1565 689 3255 890 ung, meiner Geduld! Ich erwarte dich
1572 867 2092 976 um ein Uhr.
1421 974 3237 1175 Alb: Schön. :Falscher Abgang: Hm..
1579 1159 3223 1337 Und das, was du bisher von der Oper
1577 1315 2473 1486 komponiert hast....
1441 1441 3140 1626 Amad: Es wird sich alles vollkommen
1588 1608 2489 1807 geordnet vorfinden.
1446 1760 3162 1956 Alb: Es sind aber nur zwei Akte fer-
1597 1918 2442 2076 tig. Ein Fragment.
1452 2044 3235 2205 Amad: Man wird ein Ballet dazu geben.
1459 2214 3022 2410 Alb: “Vergissmeinnicht”. Du hast
1601 2412 2223 2559 Recht. /: ab:
