3480 4136
2718 376 2906 485 145
1477 525 3142 682 aus deinen Bemerkungen hervor, dass
1488 680 3069 834 du etwas Ernstliches gegen ihn im
1490 886 2211 1010 Schilde führst.
1354 1012 3033 1160 Amad: Ich will ihn töten! Ja, dann
1511 1157 3123 1300 wird alles gut! Dann - aber nur
580 1221 960 1384 Marier
1508 1316 3132 1461 dann kann alles wieder werden, wie
335 1334 1395 1606 Mes avec dests chs d'avoir
1536 1520 1855 1624 es war.
1382 1626 2668 1789 Alb: Werden wie es war...?
1398 1783 3151 1918 Amad: Dann kann ich wieder glücklich
1542 1948 3157 2077 werden ohne diese innere Qual, die
1542 2109 2473 2254 mich jetzt verzehrt.
1404 2245 3078 2412 Alb: Entschuldige. Du erlaubst mir
1570 2412 3191 2525 eine Frage von Freund zu Freund...
1570 2544 3198 2707 Ist denn auch deine Frau damit ein-
1565 2743 2109 2863 verstanden?
1429 2881 3248 3001 Amad: Einverstanden?... Ist es üblich,
1579 3035 3153 3151 dass ein Mann seine Frau in einer
1583 3171 3241 3316 solchen Angelegenheit um Rat fragt?
1493 3330 3257 3470 Alb: Ueblich?... Nein. Aber Abmachun
1606 3477 3160 3644 gen eurer Art sind es auch nicht.
1604 3617 3282 3819 Es gibt da eine Skala. Von gemeinem
