3464 4168
493 368 3020 690 Nein, ich ließ dich nicht, – nie mehr
523 582 2921 769 Mann es zwischen uns werden, wie es
411 723 3056 933 war, nie mehr kann ich deine Frau sein
457 891 3092 1137 ich das nicht mehr für mich kurzen, ich
503 1002 2875 1255 kann nicht vergessen, was du uns mir
526 1140 2350 1357 gemacht jetzt und Freude?
2307 1199 2406 1308 e
2583 1186 3175 1433 1 kein, auch
539 1265 3138 1522 Freunde kommen wir nicht sein. Wenigster
569 1446 3184 1699 nicht jetzt? Nicht mit der hersche Erinnerung an
578 1600 3096 1804 diese Nacht, nicht mit der Ermung an die
565 1755 3000 1978 Wort, die wir jetzt gesprochen haben. Das
601 1860 3152 2123 muß nicht verlassen. Die Wascheit
624 2051 2652 2254 rücht sich. Sie trennt uns
2080 2238 3036 2583 pas bbereghé
