3528 4120
2696 308 2825 429 80
1373 467 3004 711 steekt." Nun, wirst du’s heraushe-
1386 726 1605 881 len?
1251 808 2681 1012 Amad: Warum nicht, mein Kind?
1268 963 2916 1184 Fried: Und zu dir will sie kommen!
1266 1160 2132 1388 Amad: Es scheint.
1286 1260 3044 1490 Fried: In dieses Haus, das rein blei-
1446 1503 1972 1660 ben soll...
1308 1567 3090 1795 Amad: Gib her! Ich kümmere mich nicht
412 1676 1149 1857 Bin ich hier vor
1472 1709 3157 1957 um deine Angelegenheiten, kümmere du
412 1837 1094 1999 dazi sich um
1474 1851 3119 2119 dich nicht um die meinen! Ich krome
423 1957 916 2134 doch zu seit....
1481 2037 3051 2280 nicht auf deinem Schreibtisch und
445 2105 857 2249 Ich will
1499 2183 3203 2428 scheere mich den Teufel um die Namen
423 2227 675 2384 lit.
1521 2329 3212 2619 der Leute, die dir tagtäglich Blumen
1539 2493 3037 2758 körbe im Wert vøn hundert Gulden
1541 2654 3093 2900 schieken. - Entweder du lässt mir
1616 2807 3090 3066 meine Freiheit oder wir sind ge-
1570 2920 3148 3183 schiedene Leute! Hast du mich ver-
1583 3210 1990 3347 standen?
1463 3254 3208 3546 Fried: Du bist ein Mann! Ja, du bist
1625 3389 3188 3657 ein Mann! Ich hab' es ja immer ge-
1620 3631 1884 3735 ahnt!
