3480 4104
2418 353 2594 493 205
1181 498 2320 705 Sig: Ihr Herr Gemal...?
1190 721 1636 844 Cäc: Ja.
1185 804 2025 989 Sig: Ein Scherz?
1168 926 2940 1161 Cäc: Nein. Denn wir scheiden uns näm-
1351 1094 2766 1279 lich von einander. :Zu Amad:
1344 1223 3007 1473 Ja, mein Lieber; du wirst auch fort
1366 1375 2960 1607 gehen, deine Symphonie dirigieren,
1377 1561 2514 1764 und ich werde frei sein.
1248 1686 2898 1929 Amad: Und ich werde um sie werben.
1255 1849 2728 2054 Cäc: Ja; es fängt von vorn an.
1261 2018 3018 2219 Sig: Hrn, da weiss ich nur nicht, war-
1411 2145 3063 2371 um die Chancen dieses Herrn grösser
1373 2342 2994 2554 sein sollen als die meinen... Ich
1427 2438 3007 2679 bin nicht unbegabt, ich liebe Sie
1478 2616 3052 2844 nicht weniger. Se sehr man uns im
1435 2764 2976 2996 Lauf der letzten Jahrhunderte an
1458 2942 2880 3170 den Kragen will: dass ich eine
1505 3074 3065 3297 Durchlaucht bin, kommt vielleicht
1478 3264 2293 3443 auch in Betracht.
1351 3411 3079 3639 Alb: Kein Mensch kiimmert sich darum.
1355 3525 3152 3719 Cäs: Sie haben Recht, Sigismund, dass
