3283 4280
2407 321 2546 533 11
641 700 1659 873 hässliche Geschichte.
647 831 2739 998 Das meinst du nicht. Wenn man sich verziehet
694 962 2909 1180 - Nein, man verzeiht sich nicht. Wir haben uns
667 1116 2881 1344 als Freunde so viel gesagt, dass wir nicht mehr
658 1300 2903 1467 Gatten sein können. Gatten sollen sich nicht be-
680 1461 2884 1687 lügen, aber noch weniger die ganze Wahrheit sa-
680 1679 890 1790 gen.
672 1718 2856 1924 Scheiden - das ist ja grotesk! Nicht, weil wir
686 1927 2716 2108 Geliebte hatten,- nein, weil wir uns wieder
697 2119 1336 2262 gehört haben!
692 2195 2836 2390 Du verstehst es ja: solang wir einander nicht
719 2331 2878 2546 gehörten, hätten wir der Welt gegenüber Recht.
706 2543 2000 2727 Jetzt wären wir Schwindler.
717 2741 1166 2861 Also was?
714 2828 2858 3003 Die Ferien sind da; es lässt sich einfach ma-
731 2942 2917 3148 ehen. Ich geh mit dem Kind aufs Land, du wirst
728 3132 2942 3313 indess die nötigen Schritte beim Advokaten tun.
761 3294 2457 3486 - Herr Sigismund wird dich besuchen?
747 3408 2025 3634 Sigismund? :brief von ihm:
756 3595 1442 3784 Darf ich also?
