3448 4168
2723 408 2859 561 59
1471 529 3092 790 mir und Cäcilie war überhaupt noch
1478 772 1918 928 nicht da.
1346 863 3025 1074 Maria: Cäcilie sagt das auch immer.
1361 1057 2967 1219 Amad: Wir sagen es Beide, weil es
1495 1187 3109 1364 sich so verhält. Nie haben wir uns
1504 1361 2915 1517 besser verstanden, ich glaube,
1502 1504 3092 1696 selbst zu der Zeit, da wir in ein-
1517 1642 3200 1838 ander rasend verliebt waren. So klar
1515 1791 3031 1976 ist jetzt alles, der Himmel über
1523 1948 3087 2162 uns so rein, durch kein Mistrauen
1523 2117 3029 2319 getrübt, wie es doch gerade zwi-
1540 2263 2962 2449 schen Verliebten vorkommt, die
1536 2425 3079 2593 sich mancherlei verbergen müssen.
1534 2585 2990 2775 Unser Leben ist zugleich reich,
1534 2734 3208 2919 frei und ehrlich. Suchen Sie das in
1549 2926 2127 3087 andern Ehen!
1413 2986 3148 3213 Maria: Da mögen Sie wol Recht haben.
1422 3182 3143 3383 Amad: Nun also, wozu dann solche Be-
1508 3348 3230 3579 merkungen wie Ihre frühere: "Wir wer¬
1573 3480 3156 3685 den uns ganz wiederfinden“?... Da-
1586 3653 3254 3877 durch, dass man einander in die Arme
