3416 4136
2593 419 2775 555 1 22
1271 555 3015 763 Man wusste von nichts Anderm. Nichts
1334 725 3022 931 von alldem Reichtum, der draussen in
1336 886 2940 1094 der Welt auf einen wartet, von all
1336 1024 3035 1232 den Gluten, in denen man-baden wird.
1749 1210 2569 1377 :Sie trinken Tes:
1203 1379 2883 1561 Amad: Man weiss ja aush jetzt noch
1398 1558 2072 1710 nicht so viel.
1223 1656 3026 1873 Cäc: Aber man weiss, was das Leuchten
1386 1823 2897 2025 in der Ferne bedeutet. Pause:
1239 1948 2956 2181 Amad: :hin und her:! Man wird sich
587 2054 1033 2245 Jahr auf
1325 2122 2815 2317 also bald wieder aus der Ferne
528 2229 1078 2396 ich bezahlet sein.
1364 2313 2584 2471 schreiben wie vor Jahren.
324 2344 1225 2593 Es nie übrige ein schön Zeit
1268 2381 3099 2670 Cäc: Aber so weit sind wir noch nicht.
1407 2627 2729 2790 Mein fester Vertrag hier....
1305 2761 2994 2956 Amad: Du weisst se gut wie ich, dass
1429 2888 3042 3094 man dich gegen deinen Willen nicht
1490 3099 2326 3257 hier halten wird.
1325 3228 3024 3413 Cäc: Wer sagt, dass es gegen meinen
1456 3398 2333 3579 Willen sein würde?
1336 3486 3151 3751 Amad: Es müsste dir doch beinahe ange-
1524 3604 3203 3896 nehm sein, aus Sigismunas Nähe fort-
