<?xml version="1.0" encoding="UTF-8" standalone="yes"?>
<PcGts xmlns="http://schema.primaresearch.org/PAGE/gts/pagecontent/2013-07-15" xmlns:xsi="http://www.w3.org/2001/XMLSchema-instance" xsi:schemaLocation="http://schema.primaresearch.org/PAGE/gts/pagecontent/2013-07-15 http://schema.primaresearch.org/PAGE/gts/pagecontent/2013-07-15/pagecontent.xsd">
    <Metadata>
        <Creator>prov=READ-COOP:name=TrHtr:version=2.1.0:model_id=51170:date=29_07_2023_16:32</Creator>
        <Created>2023-05-10T13:04:54.387+02:00</Created>
        <LastChange>2023-07-29T16:32:22.198+02:00</LastChange>
        <TranskribusMetadata docId="1428560" pageId="55408080" pageNr="82" tsid="131449134" status="IN_PROGRESS" userId="64420" imgUrl="https://files.transkribus.eu/Get?id=XDDBGEBVUHLFKGSKCCDQSIEN&amp;fileType=view" xmlUrl="https://files.transkribus.eu/Get?id=VNZUWAMBOLNRATYDRXWHJUMX" imageId="44682226"/>
    </Metadata>
    <Page imageFilename="1428560_0082.jpg" imageWidth="3432" imageHeight="4120">
        <ReadingOrder>
            <OrderedGroup id="ro_1711794792447" caption="Regions reading order">
                <RegionRefIndexed index="0" regionRef="tr_1"/>
                <RegionRefIndexed index="1" regionRef="tr_2"/>
            </OrderedGroup>
        </ReadingOrder>
        <TextRegion id="tr_1" custom="readingOrder {index:0;}">
            <Coords points="247,496 3042,496 3042,2514 247,2514"/>
            <TextLine id="tr_1_tl_1" custom="readingOrder {index:0;}">
                <Coords points="2711,552 2744,552 2778,572 2801,552 2815,565 2830,555 2848,555 2845,438 2820,441 2798,426 2771,446 2749,438 2729,446 2721,438 2709,438"/>
                <Baseline points="2725,549 2770,546 2815,546 2854,552"/>
                <TextEquiv>
                    <Unicode>22</Unicode>
                </TextEquiv>
            </TextLine>
            <TextLine id="tr_1_tl_2" custom="readingOrder {index:1;}">
                <Coords points="1134,787 2887,718 2892,617 1139,698"/>
                <Baseline points="1149,776 1194,770 1238,767 1283,764 1328,761 1373,761 1418,758 1462,755 1507,755 1552,752 1597,752 1642,749 1686,749 1731,746 1776,743 1821,743 1865,740 1910,740 1955,737 2000,734 2045,731 2089,731 2134,728 2179,725 2224,725 2268,725 2313,725 2358,719 2403,716 2448,713 2492,710 2537,710 2582,707 2627,704 2672,701 2716,701 2761,698 2806,698 2851,695 2895,701"/>
                <TextEquiv>
                    <Unicode>Aber während ich arbeite, kümmert sie</Unicode>
                </TextEquiv>
            </TextLine>
            <TextLine id="tr_1_tl_3" custom="readingOrder {index:2;}">
                <Coords points="272,867 391,896 470,864 547,884 607,837 733,815 936,852 951,733 842,778 748,730 436,773 285,758"/>
                <Baseline points="286,865 322,865 367,862 412,859 456,853 501,844 546,841 591,835 635,829 680,826 725,821 770,815 815,815 859,806 904,803 949,803"/>
                <TextEquiv>
                    <Unicode>Gleichs d' weil</Unicode>
                </TextEquiv>
            </TextLine>
            <TextLine id="tr_1_tl_4" custom="readingOrder {index:3;}">
                <Coords points="1112,978 1481,916 2954,884 2959,780 1114,874"/>
                <Baseline points="1125,934 1128,931 1173,925 1218,925 1262,922 1307,922 1352,922 1397,919 1442,916 1486,913 1531,910 1576,907 1621,904 1665,904 1710,901 1755,901 1800,898 1845,898 1889,895 1934,892 1979,892 2024,889 2068,889 2113,886 2158,883 2203,880 2248,880 2292,880 2337,877 2382,874 2427,871 2472,871 2516,871 2561,868 2606,862 2651,859 2695,856 2740,856 2785,853 2830,850 2875,847 2919,844 2964,847"/>
                <TextEquiv>
                    <Unicode>sich um ihre Sachen: das Haus, die Zwil-</Unicode>
                </TextEquiv>
            </TextLine>
            <TextLine id="tr_1_tl_5" custom="readingOrder {index:4;}">
                <Coords points="272,1015 374,1010 418,986 436,1005 520,953 567,943 604,963 748,914 822,916 852,906 857,874 800,862 770,884 619,884 589,857 547,884 510,864 369,901 292,891"/>
                <Baseline points="292,982 322,976 367,973 412,967 456,958 501,949 546,943 591,931 635,928 680,919 725,913 770,907 815,904 859,904"/>
                <TextEquiv>
                    <Unicode>frugt avec</Unicode>
                </TextEquiv>
            </TextLine>
            <TextLine id="tr_1_tl_6" custom="readingOrder {index:5;}">
                <Coords points="228,1112 371,1117 498,1062 592,1070 721,1028 778,1038 807,1015 877,1015 882,981 691,953 644,981 592,956 436,1005 416,988 295,1028 245,1015"/>
                <Baseline points="247,1095 259,1092 304,1092 349,1089 394,1083 438,1074 483,1065 528,1056 573,1047 618,1038 662,1032 707,1024 752,1015 797,1006 841,1003 886,997"/>
                <TextEquiv>
                    <Unicode>décret et tris. en</Unicode>
                </TextEquiv>
            </TextLine>
            <TextLine id="tr_1_tl_7" custom="readingOrder {index:6;}">
                <Coords points="1112,1087 2788,1057 2949,1028 2954,884 2746,869 2159,1005 1114,1008"/>
                <Baseline points="1125,1083 1164,1083 1209,1083 1253,1083 1298,1083 1343,1080 1388,1080 1433,1080 1477,1077 1522,1074 1567,1068 1612,1065 1656,1062 1701,1059 1746,1059 1791,1056 1836,1053 1880,1050 1925,1050 1970,1047 2015,1047 2060,1047 2104,1041 2149,1038 2194,1038 2239,1035 2283,1030 2328,1030 2373,1027 2418,1024 2463,1024 2507,1024 2552,1021 2597,1018 2642,1015 2686,1012 2731,1012 2776,1009 2821,1009 2866,1009 2910,1009 2955,1012"/>
                <TextEquiv>
                    <Unicode>linge. In der letzten Zeit beschäftigt</Unicode>
                </TextEquiv>
            </TextLine>
            <TextLine id="tr_1_tl_8" custom="readingOrder {index:7;}">
                <Coords points="240,1216 312,1199 376,1228 448,1196 545,1213 723,1139 822,1151 926,1124 943,1020 837,1010 770,1043 733,1023 545,1072 458,1122 260,1102"/>
                <Baseline points="259,1188 268,1188 313,1188 358,1185 403,1179 447,1173 492,1161 537,1155 582,1149 626,1137 671,1131 716,1122 761,1116 806,1107 850,1098 895,1092 940,1089"/>
                <TextEquiv>
                    <Unicode>betracht kauft.</Unicode>
                </TextEquiv>
            </TextLine>
            <TextLine id="tr_1_tl_9" custom="readingOrder {index:8;}">
                <Coords points="1117,1246 2402,1226 2858,1144 2603,1090 1119,1181"/>
                <Baseline points="1131,1244 1161,1238 1206,1236 1250,1233 1295,1236 1340,1233 1385,1230 1430,1227 1474,1227 1519,1227 1564,1224 1609,1221 1653,1218 1698,1215 1743,1215 1788,1212 1833,1209 1877,1209 1922,1209 1967,1203 2012,1200 2057,1197 2101,1194 2146,1191 2191,1191 2236,1188 2280,1188 2325,1182 2370,1182 2415,1179 2460,1179 2504,1179 2549,1176 2594,1173 2639,1170 2683,1170 2728,1170 2773,1170 2818,1173 2863,1167"/>
                <TextEquiv>
                    <Unicode>sie sich im übrigen mit Volksküchen,</Unicode>
                </TextEquiv>
            </TextLine>
            <TextLine id="tr_1_tl_10" custom="readingOrder {index:9;}">
                <Coords points="300,1310 441,1263 592,1280 676,1248 750,1270 812,1223 854,1236 916,1218 929,1139 889,1122 820,1151 626,1169 565,1208 473,1201 389,1241 314,1203"/>
                <Baseline points="319,1280 346,1277 391,1268 435,1262 480,1256 525,1250 570,1244 615,1238 659,1233 704,1227 749,1227 794,1221 838,1206 883,1200 928,1197"/>
                <TextEquiv>
                    <Unicode>J.C. avant des sal¬</Unicode>
                </TextEquiv>
            </TextLine>
            <TextLine id="tr_1_tl_11" custom="readingOrder {index:10;}">
                <Coords points="233,1394 295,1409 379,1367 426,1382 537,1345 614,1369 711,1315 934,1342 978,1327 995,1201 812,1226 738,1273 664,1246 542,1305 495,1273 441,1310 243,1315"/>
                <Baseline points="247,1388 274,1382 319,1376 364,1367 409,1358 453,1349 498,1343 543,1334 588,1331 632,1322 677,1319 722,1313 767,1310 812,1304 856,1295 901,1289 946,1283 991,1277"/>
                <TextEquiv>
                    <Unicode>schagt.. Einleitet</Unicode>
                </TextEquiv>
            </TextLine>
            <TextLine id="tr_1_tl_12" custom="readingOrder {index:11;}">
                <Coords points="926,1404 2848,1350 2867,1260 929,1337"/>
                <Baseline points="940,1403 943,1406 988,1403 1032,1403 1077,1397 1122,1397 1167,1394 1212,1394 1256,1391 1301,1391 1346,1388 1391,1385 1436,1385 1480,1382 1525,1379 1570,1379 1615,1376 1659,1373 1704,1370 1749,1367 1794,1364 1839,1364 1883,1361 1928,1361 1973,1358 2018,1358 2062,1355 2107,1355 2152,1352 2197,1349 2242,1346 2286,1346 2331,1343 2376,1343 2421,1343 2466,1337 2510,1334 2555,1328 2600,1328 2645,1325 2689,1322 2734,1319 2779,1319 2824,1316 2869,1319"/>
                <TextEquiv>
                    <Unicode>Settlements und so weiter. Dings, die mir</Unicode>
                </TextEquiv>
            </TextLine>
            <TextLine id="tr_1_tl_13" custom="readingOrder {index:12;}">
                <Coords points="230,1476 282,1491 342,1461 421,1468 456,1449 473,1463 525,1439 567,1466 622,1441 735,1454 753,1327 708,1317 614,1369 515,1347 297,1411 240,1397"/>
                <Baseline points="247,1465 256,1462 301,1462 346,1459 391,1456 435,1450 480,1444 525,1436 570,1430 615,1421 659,1415 704,1406 749,1400"/>
                <TextEquiv>
                    <Unicode>kauft, daß ich</Unicode>
                </TextEquiv>
            </TextLine>
            <TextLine id="tr_1_tl_14" custom="readingOrder {index:13;}">
                <Coords points="1114,1560 2645,1515 2880,1486 2885,1397 1117,1483"/>
                <Baseline points="1128,1555 1140,1552 1185,1549 1230,1546 1274,1543 1319,1543 1364,1540 1409,1537 1453,1537 1498,1534 1543,1534 1588,1531 1633,1528 1677,1528 1722,1525 1767,1522 1812,1519 1856,1519 1901,1516 1946,1513 1991,1513 2036,1510 2080,1507 2125,1504 2170,1501 2215,1498 2260,1495 2304,1492 2349,1492 2394,1489 2439,1489 2483,1486 2528,1483 2573,1480 2618,1477 2663,1477 2707,1477 2752,1474 2797,1471 2842,1471 2886,1474"/>
                <TextEquiv>
                    <Unicode>höchst egal sind. Ich bekenne mich zu</Unicode>
                </TextEquiv>
            </TextLine>
            <TextLine id="tr_1_tl_15" custom="readingOrder {index:14;}">
                <Coords points="255,1550 305,1540 394,1587 421,1567 483,1570 626,1493 674,1533 778,1503 815,1515 825,1446 760,1416 614,1473 572,1476 525,1439 262,1488"/>
                <Baseline points="271,1537 289,1537 334,1534 379,1531 423,1525 468,1519 513,1513 558,1504 603,1495 647,1489 692,1483 737,1477 782,1474 826,1474"/>
                <TextEquiv>
                    <Unicode>dürfte mir</Unicode>
                </TextEquiv>
            </TextLine>
            <TextLine id="tr_1_tl_16" custom="readingOrder {index:15;}">
                <Coords points="253,1632 342,1627 394,1654 527,1590 542,1605 607,1592 639,1617 755,1607 765,1523 676,1533 622,1493 483,1575 423,1567 391,1587 324,1550 260,1575"/>
                <Baseline points="268,1612 274,1609 319,1609 364,1609 409,1603 453,1600 498,1591 543,1585 588,1576 632,1570 677,1567 722,1561 767,1558"/>
                <TextEquiv>
                    <Unicode>it is, their</Unicode>
                </TextEquiv>
            </TextLine>
            <TextLine id="tr_1_tl_17" custom="readingOrder {index:16;}">
                <Coords points="1090,1719 2967,1662 2972,1528 2593,1498 2343,1610 1092,1654"/>
                <Baseline points="1104,1704 1137,1707 1182,1704 1227,1704 1271,1701 1316,1698 1361,1698 1406,1695 1450,1692 1495,1689 1540,1689 1585,1686 1630,1683 1674,1683 1719,1680 1764,1677 1809,1674 1854,1674 1898,1671 1943,1668 1988,1665 2033,1662 2077,1659 2122,1659 2167,1656 2212,1653 2257,1650 2301,1650 2346,1648 2391,1645 2436,1645 2480,1639 2525,1639 2570,1636 2615,1633 2660,1633 2704,1630 2749,1627 2794,1624 2839,1624 2884,1624 2928,1624 2973,1627"/>
                <TextEquiv>
                    <Unicode>der Ansicht, dass ein Volk nur ein Umweg</Unicode>
                </TextEquiv>
            </TextLine>
            <TextLine id="tr_1_tl_18" custom="readingOrder {index:17;}">
                <Coords points="267,1711 324,1728 347,1714 399,1741 458,1721 473,1733 532,1736 550,1721 570,1728 577,1637 527,1615 498,1627 483,1615 438,1637 423,1624 399,1627 364,1657 314,1644 270,1664"/>
                <Baseline points="280,1707 310,1710 355,1710 400,1707 444,1707 489,1701 534,1695 579,1689"/>
                <TextEquiv>
                    <Unicode>betrecht.</Unicode>
                </TextEquiv>
            </TextLine>
            <TextLine id="tr_1_tl_19" custom="readingOrder {index:18;}">
                <Coords points="1127,1936 1530,1944 1711,1847 2974,1815 2979,1716 1134,1827"/>
                <Baseline points="1146,1874 1191,1868 1236,1868 1280,1865 1325,1865 1370,1859 1415,1856 1459,1856 1504,1854 1549,1854 1594,1851 1639,1851 1683,1848 1728,1848 1773,1845 1818,1842 1862,1836 1907,1836 1952,1836 1997,1833 2042,1827 2086,1824 2131,1821 2176,1818 2221,1818 2266,1815 2310,1812 2355,1809 2400,1803 2445,1803 2489,1800 2534,1797 2579,1797 2624,1794 2669,1791 2713,1788 2758,1788 2803,1785 2848,1785 2892,1779 2937,1776 2982,1776"/>
                <TextEquiv>
                    <Unicode>der Natur ist, um einen grossen Mann zu</Unicode>
                </TextEquiv>
            </TextLine>
            <TextLine id="tr_1_tl_20" custom="readingOrder {index:19;}">
                <Coords points="1154,2043 1295,2127 1716,2097 2122,1983 2937,1976 2991,1884 1159,1986"/>
                <Baseline points="1170,2039 1203,2036 1247,2036 1292,2033 1337,2030 1382,2027 1427,2027 1471,2024 1516,2021 1561,2018 1606,2018 1650,2012 1695,2009 1740,2009 1785,2006 1830,2000 1874,1997 1919,1994 1964,1991 2009,1988 2054,1985 2098,1982 2143,1982 2188,1979 2233,1973 2277,1970 2322,1970 2367,1967 2412,1964 2457,1961 2501,1958 2546,1955 2591,1952 2636,1952 2680,1949 2725,1946 2770,1943 2815,1940 2860,1940 2904,1937 2949,1934 2994,1931"/>
                <TextEquiv>
                    <Unicode>erzeugen. Und Umwege interessieren mich</Unicode>
                </TextEquiv>
            </TextLine>
            <TextLine id="tr_1_tl_21" custom="readingOrder {index:20;}">
                <Coords points="1142,2241 2934,2112 2959,2031 1699,2085 1414,2152 1149,2122"/>
                <Baseline points="1158,2203 1170,2200 1215,2197 1259,2194 1304,2191 1349,2188 1394,2188 1439,2185 1483,2182 1528,2176 1573,2173 1618,2170 1662,2170 1707,2167 1752,2164 1797,2161 1842,2158 1886,2155 1931,2152 1976,2146 2021,2143 2065,2143 2110,2140 2155,2140 2200,2134 2245,2131 2289,2131 2334,2128 2379,2125 2424,2122 2469,2122 2513,2119 2558,2113 2603,2110 2648,2107 2692,2104 2737,2101 2782,2098 2827,2098 2872,2092 2916,2092 2961,2095"/>
                <TextEquiv>
                    <Unicode>nicht. Ich versichere dich, mein Traum</Unicode>
                </TextEquiv>
            </TextLine>
            <TextLine id="tr_1_tl_22" custom="readingOrder {index:21;}">
                <Coords points="1164,2392 2003,2397 2194,2295 2746,2263 2939,2308 3036,2271 3038,2194 1171,2286"/>
                <Baseline points="1179,2358 1206,2352 1250,2349 1295,2346 1340,2346 1385,2337 1430,2337 1474,2334 1519,2331 1564,2328 1609,2325 1653,2325 1698,2325 1743,2319 1788,2316 1833,2313 1877,2313 1922,2313 1967,2307 2012,2301 2057,2298 2101,2295 2146,2292 2191,2289 2236,2286 2280,2286 2325,2283 2370,2283 2415,2283 2460,2280 2504,2274 2549,2271 2594,2268 2639,2266 2683,2263 2728,2260 2773,2257 2818,2254 2863,2251 2907,2248 2952,2251 2997,2254 3042,2254"/>
                <TextEquiv>
                    <Unicode>ist erfüllt. Es gibt keine glücklichere,</Unicode>
                </TextEquiv>
            </TextLine>
            <TextLine id="tr_1_tl_23" custom="readingOrder {index:22;}">
                <Coords points="1263,2546 1392,2578 1434,2546 1558,2565 1726,2536 1924,2573 1931,2437 1875,2414 1662,2417 1617,2387 1525,2439 1444,2417 1270,2442"/>
                <Baseline points="1280,2504 1307,2501 1352,2498 1397,2495 1442,2492 1486,2492 1531,2489 1576,2486 1621,2483 1665,2480 1710,2477 1755,2477 1800,2474 1845,2474 1889,2472 1934,2469"/>
                <TextEquiv>
                    <Unicode>schönere Ehe.</Unicode>
                </TextEquiv>
            </TextLine>
        </TextRegion>
        <TextRegion id="tr_2" custom="readingOrder {index:1;}">
            <Coords points="292,2454 3158,2454 3158,3894 292,3894"/>
            <TextLine id="tr_2_tl_1" custom="readingOrder {index:0;}">
                <Coords points="272,2620 374,2645 589,2558 676,2588 733,2565 852,2585 877,2419 770,2434 735,2409 666,2414 587,2447 443,2437 295,2466"/>
                <Baseline points="292,2591 334,2582 379,2576 423,2570 468,2564 513,2555 558,2549 603,2543 647,2537 692,2531 737,2525 782,2516 826,2507 871,2504"/>
                <TextEquiv>
                    <Unicode>Lief. Clegsatz</Unicode>
                </TextEquiv>
            </TextLine>
            <TextLine id="tr_2_tl_2" custom="readingOrder {index:1;}">
                <Coords points="1025,2729 3016,2585 3024,2479 2333,2565 1362,2555 1033,2632"/>
                <Baseline points="1044,2678 1053,2675 1098,2672 1143,2669 1188,2666 1233,2666 1277,2663 1322,2663 1367,2657 1412,2651 1456,2648 1501,2645 1546,2642 1591,2642 1636,2639 1680,2636 1725,2633 1770,2630 1815,2630 1859,2627 1904,2627 1949,2624 1994,2624 2039,2618 2083,2612 2128,2609 2173,2609 2218,2609 2263,2609 2307,2600 2352,2600 2397,2594 2442,2591 2486,2588 2531,2585 2576,2585 2621,2579 2666,2576 2710,2573 2755,2570 2800,2570 2845,2567 2889,2564 2934,2558 2979,2558 3024,2561"/>
                <TextEquiv>
                    <Unicode>Amad: Glücklich?... Nun ja, das müsst ihr</Unicode>
                </TextEquiv>
            </TextLine>
            <TextLine id="tr_2_tl_3" custom="readingOrder {index:2;}">
                <Coords points="371,2736 401,2746 438,2778 473,2761 478,2768 530,2763 557,2778 577,2627 557,2617 550,2625 540,2615 522,2620 518,2612 488,2617 478,2605 463,2605 418,2632 386,2630"/>
                <Baseline points="391,2704 397,2704 441,2698 486,2689 531,2686 576,2680"/>
                <TextEquiv>
                    <Unicode>etc</Unicode>
                </TextEquiv>
            </TextLine>
            <TextLine id="tr_2_tl_4" custom="readingOrder {index:3;}">
                <Coords points="1179,2875 1364,2907 1879,2828 1974,2858 2246,2759 2630,2766 2754,2741 2759,2652 2553,2711 2442,2667 1186,2766"/>
                <Baseline points="1197,2827 1238,2824 1283,2821 1328,2818 1373,2812 1418,2812 1462,2809 1507,2809 1552,2806 1597,2800 1642,2797 1686,2794 1731,2794 1776,2791 1821,2788 1865,2788 1910,2785 1955,2782 2000,2779 2045,2776 2089,2773 2134,2767 2179,2764 2224,2761 2268,2761 2313,2755 2358,2752 2403,2752 2448,2749 2492,2746 2537,2746 2582,2746 2627,2740 2672,2737 2716,2731 2761,2731"/>
                <TextEquiv>
                    <Unicode>selbst bestimmen. Aber schön....?</Unicode>
                </TextEquiv>
            </TextLine>
            <TextLine id="tr_2_tl_5" custom="readingOrder {index:4;}">
                <Coords points="998,3036 1337,3073 1483,3016 1558,3061 1756,2989 2008,3038 2749,2907 2751,2850 2159,2833 1619,2910 1449,2870 1003,2944"/>
                <Baseline points="1015,3000 1053,3000 1098,2997 1143,2994 1188,2991 1233,2991 1277,2988 1322,2982 1367,2979 1412,2976 1456,2973 1501,2970 1546,2967 1591,2964 1636,2961 1680,2958 1725,2955 1770,2952 1815,2949 1859,2946 1904,2946 1949,2946 1994,2943 2039,2937 2083,2934 2128,2931 2173,2928 2218,2922 2263,2922 2307,2919 2352,2913 2397,2907 2442,2904 2486,2904 2531,2901 2576,2898 2621,2895 2666,2892 2710,2892 2755,2898"/>
                <TextEquiv>
                    <Unicode>Alb: Nicht schön?... Ideal geradezu.</Unicode>
                </TextEquiv>
            </TextLine>
            <TextLine id="tr_2_tl_6" custom="readingOrder {index:5;}">
                <Coords points="1201,3187 1941,3194 2169,3085 2796,3046 2877,3088 2902,2974 1840,3011 1463,3080 1211,3048"/>
                <Baseline points="1218,3161 1247,3149 1292,3143 1337,3140 1382,3137 1427,3134 1471,3131 1516,3128 1561,3125 1606,3125 1650,3122 1695,3119 1740,3116 1785,3113 1830,3107 1874,3101 1919,3101 1964,3098 2009,3092 2054,3090 2098,3087 2143,3084 2188,3081 2233,3078 2277,3075 2322,3072 2367,3066 2412,3066 2457,3063 2501,3057 2546,3054 2591,3054 2636,3048 2680,3048 2725,3042 2770,3042 2815,3042 2860,3042 2904,3039"/>
                <TextEquiv>
                    <Unicode>/etz. etz./ Wr sind einander treu.</Unicode>
                </TextEquiv>
            </TextLine>
            <TextLine id="tr_2_tl_7" custom="readingOrder {index:6;}">
                <Coords points="433,3217 453,3219 515,3189 542,3209 636,3177 676,3207 723,3217 735,3073 716,3068 669,3093 624,3076 607,3056 577,3066 562,3058 545,3071 535,3063 505,3078 448,3061"/>
                <Baseline points="450,3194 465,3188 510,3182 555,3176 600,3170 644,3167 689,3167 734,3164"/>
                <TextEquiv>
                    <Unicode>Mr. W.</Unicode>
                </TextEquiv>
            </TextLine>
            <TextLine id="tr_2_tl_8" custom="readingOrder {index:7;}">
                <Coords points="1065,3340 2127,3323 2310,3234 2917,3214 2952,3123 2325,3155 2191,3217 1998,3145 1637,3234 1072,3219"/>
                <Baseline points="1080,3310 1119,3307 1164,3304 1209,3301 1253,3298 1298,3296 1343,3296 1388,3290 1433,3287 1477,3284 1522,3281 1567,3281 1612,3278 1656,3275 1701,3272 1746,3269 1791,3263 1836,3260 1880,3257 1925,3254 1970,3251 2015,3245 2060,3245 2104,3239 2149,3239 2194,3239 2239,3233 2283,3230 2328,3227 2373,3221 2418,3221 2463,3218 2507,3215 2552,3209 2597,3206 2642,3203 2686,3203 2731,3197 2776,3194 2821,3191 2866,3191 2910,3191 2955,3194"/>
                <TextEquiv>
                    <Unicode>Amad: Teu?... Das nenn ich nicht treu.</Unicode>
                </TextEquiv>
            </TextLine>
            <TextLine id="tr_2_tl_9" custom="readingOrder {index:8;}">
                <Coords points="366,3370 384,3368 399,3383 414,3373 421,3383 453,3375 473,3388 488,3375 537,3385 629,3368 634,3209 562,3244 508,3236 485,3259 441,3212 371,3212"/>
                <Baseline points="379,3328 412,3322 456,3322 501,3319 546,3319 591,3319 635,3313"/>
                <TextEquiv>
                    <Unicode>lehne ich</Unicode>
                </TextEquiv>
            </TextLine>
            <TextLine id="tr_2_tl_10" custom="readingOrder {index:9;}">
                <Coords points="1033,3482 1461,3496 1533,3452 1723,3492 1951,3449 2194,3489 2303,3457 2310,3355 2177,3301 1894,3363 1810,3331 1151,3397 1043,3323"/>
                <Baseline points="1047,3472 1062,3469 1107,3463 1152,3460 1197,3460 1241,3457 1286,3457 1331,3451 1376,3448 1421,3442 1465,3439 1510,3436 1555,3433 1600,3430 1645,3427 1689,3424 1734,3421 1779,3415 1824,3415 1868,3412 1913,3409 1958,3406 2003,3403 2048,3400 2092,3397 2137,3394 2182,3391 2227,3388 2271,3388 2316,3385"/>
                <TextEquiv>
                    <Unicode>Alb: Du bist vol verrückt.</Unicode>
                </TextEquiv>
            </TextLine>
            <TextLine id="tr_2_tl_11" custom="readingOrder {index:10;}">
                <Coords points="1095,3645 1179,3692 1320,3638 2439,3610 2568,3524 2929,3531 2937,3412 1099,3566"/>
                <Baseline points="1110,3624 1146,3624 1191,3618 1236,3615 1280,3612 1325,3609 1370,3609 1415,3603 1459,3600 1504,3597 1549,3594 1594,3591 1639,3588 1683,3585 1728,3582 1773,3576 1818,3573 1862,3573 1907,3570 1952,3564 1997,3561 2042,3561 2086,3558 2131,3552 2176,3549 2221,3546 2266,3543 2310,3540 2355,3537 2400,3534 2445,3531 2489,3528 2534,3525 2579,3525 2624,3519 2669,3519 2713,3513 2758,3513 2803,3510 2848,3504 2892,3502 2937,3502"/>
                <TextEquiv>
                    <Unicode>Amad: Nein. das ist nicht, was ich das</Unicode>
                </TextEquiv>
            </TextLine>
            <TextLine id="tr_2_tl_12" custom="readingOrder {index:11;}">
                <Coords points="1226,3761 2095,3789 2305,3677 3152,3672 3160,3524 1233,3660"/>
                <Baseline points="1241,3734 1277,3731 1322,3728 1367,3728 1412,3722 1456,3719 1501,3719 1546,3713 1591,3713 1636,3710 1680,3710 1725,3710 1770,3705 1815,3705 1859,3699 1904,3696 1949,3696 1994,3693 2039,3690 2083,3687 2128,3684 2173,3681 2218,3681 2263,3675 2307,3675 2352,3672 2397,3669 2442,3669 2486,3663 2531,3660 2576,3657 2621,3657 2666,3654 2710,3651 2755,3648 2800,3645 2845,3639 2889,3639 2934,3636 2979,3636 3024,3630 3069,3627 3113,3627 3158,3627"/>
                <TextEquiv>
                    <Unicode>Idealbild einer Ehe nenne. Das könnt' ich</Unicode>
                </TextEquiv>
            </TextLine>
            <TextLine id="tr_2_tl_13" custom="readingOrder {index:12;}">
                <Coords points="1194,3890 2078,3910 2432,3818 2967,3811 3016,3729 1199,3823"/>
                <Baseline points="1206,3884 1227,3881 1271,3881 1316,3881 1361,3881 1406,3881 1450,3878 1495,3878 1540,3875 1585,3875 1630,3875 1674,3875 1719,3872 1764,3869 1809,3863 1854,3863 1898,3857 1943,3854 1988,3848 2033,3848 2077,3845 2122,3842 2167,3836 2212,3830 2257,3827 2301,3827 2346,3824 2391,3818 2436,3815 2480,3812 2525,3812 2570,3812 2615,3809 2660,3806 2704,3806 2749,3800 2794,3794 2839,3791 2884,3785 2928,3782 2973,3779 3018,3785"/>
                <TextEquiv>
                    <Unicode>mir überhaupt nicht vorstellen, so ein</Unicode>
                </TextEquiv>
            </TextLine>
        </TextRegion>
    </Page>
</PcGts>
