3544 4200
2419 371 2609 515 170
1318 520 3120 760 Amad: Nun nachher, beim Nachtmahl war
1463 719 2920 941 sie doch nicht mehr so traurig.
1337 879 2708 1085 Sigism: So? glauben Sie?...
1339 975 3149 1247 Amad: Das müssen Sie doch bemerkt ha¬
1492 1241 1701 1339 ben!
1357 1302 3200 1488 Sigism: Wieso denn?... Sie hat sich in
1504 1476 3122 1650 einen Wagen gesetzt, ist ins Hotel
1513 1623 3209 1842 gefahren, und ich bin in den dunklen
1522 1797 2930 1959 Strassen herumgelaufen und...
1387 1957 2053 2149 Amad: Nun?...
1396 1994 3126 2261 Sigism:.: ein bisschen trotzig, wie
1549 2241 3218 2401 ein Kind: Geärgert hab' ich mich
1545 2421 2373 2575 halt und geweint.
984 2506 1259 2655 wchts.
1419 2502 3138 2765 Amad: Sie haben geweint? wirklich?
1584 2676 3232 2866 - Warum setzen Sie sich denn nicht?
1632 2859 2948 3026 :Er wird immer freundlicher:
1449 3044 3072 3184 Sigism: Ja, warum soll ich's denn
1588 3179 3213 3348 nicht sagen?... Sie sind doch auch
1611 3319 3136 3481 ein bisschen mein Freund, lieber
1614 3431 3252 3667 Kapellmeister, und Sie müssen's be-
1618 3609 3255 3857 greifen: die Existenz ist unerträg-
