3368 4056
2694 428 2839 614 66
1255 605 2789 783 kenn’ ich.  :Bricht auf u. durch¬
1264 785 2927 932 fliegt: Gesindel!... tWirft den
1304 902 1818 1086 Brief hin:
1124 1037 2885 1252 Maria: Ich will doch gehen, ehe mein
1304 1206 2808 1395 Mann kommt. Ich habe keine List,
1306 1371 2916 1521 mit ihm hier zusammenzutreffen. Er
1306 1528 2834 1701 würde ja doch nur sagen: Geh, du
1315 1701 2827 1848 siehst, wir haben zu arbeiten...
1187 1808 2820 2014 zögert: Und doch.....
1170 2005 1953 2180 Amad: Was denn?
1091 2126 2967 2343 ( Maria: Werden Sie mich aber nicht für
1313 2329 2182 2537 gemein halten?...
1170 2495 2799 2624 Amad: Keineswegs. Und wenn es die
1276 2619 2490 2811 Grösste Gemeinheit wäre.)
1138 2759 2986 2930 Maria: Es reizt mich manchmal, ihn aus
1182 2925 3044 3133 dem Gefühl seiner Sicherheit aufzusehen-
1332 3126 1579 3292 ehen.
1182 3226 2960 3390 Amad: Und?.... Ach so - - Seien Sie
1322 3404 3018 3567 nicht böse, Maria, es ist ja mensch-
1292 3577 2986 3719 lich sehr begreiflich, aber zu einer
