3448 4072
2707 327 2828 547 72
1209 542 3097 741 Fried! Amadeus, ich muss mit dir reden.
1167 689 2873 904 Amad: Du tust es ja ununterbrochen.
1344 876 2941 1053 Merkst du nicht, dass du es schon
1370 1032 2224 1169 längere Zeit tust?
1185 1143 3086 1356 Fried: Rede ihr zu, dass sie das Engage-
1339 1361 2508 1538 ment in Dresden annimmt.
1230 1503 1900 1694 Amad: Wie?...
1247 1649 2944 1831 Fried! Ja, ich bitte dich darum! Es
1335 1787 2948 1981 wäre die anständigste und schönste
1384 1905 3034 2123 Lösung der Sache. Ich ertrage diese
1384 2073 3034 2267 Art von Existenz nicht. Ich vergehe
1458 2243 3008 2435 vor Eifersucht, solang du mit dei-
1403 2388 2993 2603 ner Frau unter einem Dache wohnst.
1264 2546 3060 2733 Amad: Mit was für Mensehen hat man zu
1413 2698 3064 2880 tun! Kennst du mich denn noch immer
1398 2866 3076 3076 nicht?) begreifet du denn noch immer
1455 3000 3026 3192 nicht, dass deine Eifersucht eine
1344 3145 3005 3374 Beleidigung für mich und hauptsäch-
1432 3346 2440 3512 lich für Cäcilie ist?
1304 3407 3097 3663 Fried: Ah, wie schön waren diese paar
1441 3613 3133 3803 Wochen heuer im Sommer, in denen wir
