3512 4168
2794 356 2982 502 106
1353 550 3053 778 ich dich im Ernst, lieber Freund....
1227 750 2071 956 Amad: Was denn?
1232 844 2624 1103 Cäc: In Hinsicht auf Isolde.
1204 1064 2225 1307 Amad: Wieso?... was?
1278 1145 3064 1450 Cäc: wie weit ihre Liebe zu dir geht,
1372 1333 3113 1587 das kann ich natürlich nicht beurtei-
1429 1422 3191 1707 len, aber wie weint ihre- - darf ich
1447 1743 2122 1899 was sagen?....
1326 1842 2567 2064 Amad: Aber was du willst.
1340 1904 3168 2216 Cäs: Wie weit ihre Lust zum Komödien-
1516 2142 3076 2365 spiel, Ihre Verlegenheit, ihre Re-
1500 2310 3032 2530 klamsucht geht, - das weiss ich.
830 2374 1234 2592 cipjecus
1346 2567 1890 2704 Amad: Nun?
1406 2619 3120 2858 Cäc: Du weisst doch, dass sie schon
523 2686 1135 2872 et hab gethan daß er
1578 2739 3149 2989 einmal einen Selbstmordversuch ge-
525 2863 1090 3039 we appott for
1574 3019 2076 3156 macht hat.
548 2996 1252 3232 leur pée dul si mait.
1452 3009 2993 3305 Amad: Ja; in Disselderf. Wegen
1475 3126 3331 3466 Cäe: Gott, das wird sie wahrscheinlich
1633 3347 2830 3603 selbst nicht mehr wissen.
1500 3480 3349 3755 Amad' Nun, sie ist ja nicht daran ge-
