3352 4040
321 344 2672 656 vielleicht geheht herai jetzt: Schmöhle desagen, er ma sie politik
2646 484 2788 673 62.
414 577 915 758 Theftlinge...
1139 650 3004 833 veranstaltungen, die füllen doch Ihr Le-
1113 787 2483 959 ben jetzt vollkommen aus?...
446 787 1040 988 Der junge deutschen
422 938 918 1110 (ma et fain)
988 959 2925 1131 Maria: xxx gibt überhaupt nichts, das das
242 1055 822 1244 teten aufgehort!
1128 1096 2873 1297 Leben einer Frau vollkommen ausfüllt,
216 1198 929 1399 (Albert 4 /c hofurne)
1142 1273 3036 1457 wenn nicht ein persönliches Interesse da¬
286 1340 816 1480 ateur leken.
1125 1419 2995 1629 zu kommt. - Freilich sind meine Stunden
245 1457 883 1643 teile, des meßtesseres
1151 1565 3022 1795 sehr in Anspruch genommen - aber erfüllt
271 1608 906 1780 in pk hab. at ihr
294 1734 559 1882 teten!
1133 1757 1830 1938 bin ich nicht.
1014 1868 2943 2078 Amad: Also hören Sie, das ist ein Duett.
309 1874 766 2040 für zweyte Rüsse
291 2008 833 2185 (Gäßlich, in
1148 2054 3077 2220 Ich will Ihnen vorerst einmal den Text...
291 2130 828 2308 wenn bei klug
1200 2206 3036 2415 pardon, die Dichtung von Albertus vorle-
1177 2395 1393 2541 sen.
1031 2515 1678 2742 Maria: Nein.
1046 2649 3039 2858 Amad: Ja, Sie werden dann doch besser spii-
1183 2806 3059 3033 ren, wie sich meine Noten den Worten an-
1198 3027 1713 3191 schmiegen.
1066 3115 3016 3339 Maria: Was gehen mich die Vorte an?.. Da
1218 3281 3103 3520 Albert sie mir nicht vorliest, verzichte
1285 3462 2885 3660 ich darauf, sie kennen zu lernen.
1101 3616 2899 3852 Amad: Ach Gott, Sie sind empfindlich!
