3528 4184
2650 382 2824 556 167
1357 507 3055 735 Amad: Das braucht Sie nicht zu wun-
1511 699 3046 839 dern. Gerade unter vielen Leuten
1513 823 3118 1067 sind sich Liebende fremder als An-
1524 1081 1780 1174 dere.
1391 1158 2908 1327 Sigism: Das wird wol wahr sein.
1402 1316 2872 1511 Amad: :begierig: Nicht wahr?
1404 1447 3213 1633 Sigism: Ja. Denn obzwar sie nicht mit
1542 1615 3195 1773 mir sprach - einmal ###n Blick
1560 1784 3139 1963 hat sie so zu mir herübergeschaut
1581 1940 3177 2119 ... es war, wie wenn sie mich ver-
1576 2117 2349 2243 stohlen grüsste.
1445 2243 3263 2406 Amad: Ein Austausch von Erinnerungen.
1449 2365 3234 2539 Sigism: Ja, wirklich. Ich habe wenig-
1605 2535 3141 2698 stens an alles denken miissen: an
1610 2668 3306 2885 unsere Spaziergänge im Schwarzenberg
1605 2863 3281 3041 garten, an die Fahrt nach Laxenburg,
1615 3003 3295 3184 an diese wunderschöne Viertelstunde
1628 3145 3301 3387 in der Minoritenkirche, während die
1644 3340 2682 3489 Orgel gespielt hat....
1499 3464 3170 3679 Amad: Bitte, lassen Sie sich nicht
1651 3693 1994 3871 stören!
