<?xml version="1.0" encoding="UTF-8" standalone="yes"?>
<PcGts xmlns="http://schema.primaresearch.org/PAGE/gts/pagecontent/2013-07-15" xmlns:xsi="http://www.w3.org/2001/XMLSchema-instance" xsi:schemaLocation="http://schema.primaresearch.org/PAGE/gts/pagecontent/2013-07-15 http://schema.primaresearch.org/PAGE/gts/pagecontent/2013-07-15/pagecontent.xsd">
    <Metadata>
        <Creator>prov=READ-COOP:name=TrHtr:version=2.1.0:model_id=51170:date=29_07_2023_16:33</Creator>
        <Created>2023-05-10T13:05:48.565+02:00</Created>
        <LastChange>2023-07-29T16:33:09.572+02:00</LastChange>
        <TranskribusMetadata docId="1428560" pageId="55409027" pageNr="254" tsid="131449312" status="IN_PROGRESS" userId="64420" imgUrl="https://files.transkribus.eu/Get?id=URCKQGQJAXEOIEGXCFHQMKQW&amp;fileType=view" xmlUrl="https://files.transkribus.eu/Get?id=ORMWHMMBNVCJACMHDVUDRDYQ" imageId="44683172"/>
    </Metadata>
    <Page imageFilename="1428560_0254.jpg" imageWidth="3416" imageHeight="4104">
        <ReadingOrder>
            <OrderedGroup id="ro_1711794949421" caption="Regions reading order">
                <RegionRefIndexed index="0" regionRef="tr_2"/>
                <RegionRefIndexed index="1" regionRef="tr_1"/>
            </OrderedGroup>
        </ReadingOrder>
        <TextRegion id="tr_2" custom="readingOrder {index:0;}">
            <Coords points="1175,457 3017,457 3017,1630 1175,1630"/>
            <TextLine id="tr_2_tl_1" custom="readingOrder {index:0;}">
                <Coords points="2162,530 2198,530 2209,519 2216,526 2243,526 2274,544 2301,542 2342,557 2340,450 2288,450 2265,432 2245,452 2189,438 2160,447"/>
                <Baseline points="2175,507 2220,510 2265,510 2310,510 2345,513"/>
                <TextEquiv>
                    <Unicode>192</Unicode>
                </TextEquiv>
            </TextLine>
            <TextLine id="tr_2_tl_2" custom="readingOrder {index:1;}">
                <Coords points="1328,719 1596,755 1796,706 1955,744 2140,692 2937,683 2971,602 2618,524 2448,530 2239,625 1883,562 1683,638 1331,643"/>
                <Baseline points="1340,698 1364,698 1408,698 1453,695 1498,692 1543,692 1587,689 1632,686 1677,683 1722,683 1766,683 1811,680 1856,680 1901,677 1946,674 1990,674 2035,674 2080,671 2125,671 2169,668 2214,668 2259,668 2304,665 2348,665 2393,662 2438,659 2483,659 2528,656 2572,656 2617,653 2662,650 2707,650 2751,650 2796,650 2841,647 2886,644 2931,644 2975,647"/>
                <TextEquiv>
                    <Unicode>Anderem beruht als auf der Korrekt-</Unicode>
                </TextEquiv>
            </TextLine>
            <TextLine id="tr_2_tl_3" custom="readingOrder {index:2;}">
                <Coords points="1313,899 2596,863 2632,755 1960,742 1881,787 1602,764 1317,805"/>
                <Baseline points="1328,853 1334,853 1378,850 1423,850 1468,847 1513,847 1558,844 1602,844 1647,841 1692,838 1737,838 1781,838 1826,835 1871,832 1916,829 1960,829 2005,826 2050,826 2095,826 2140,826 2184,823 2229,823 2274,820 2319,820 2363,817 2408,814 2453,814 2498,814 2542,811 2587,814 2632,817"/>
                <TextEquiv>
                    <Unicode>heit das Fürsten Sigismund.</Unicode>
                </TextEquiv>
            </TextLine>
            <TextLine id="tr_2_tl_4" custom="readingOrder {index:3;}">
                <Coords points="1196,1025 1472,1077 2086,1002 2924,1000 2998,969 3003,854 2398,924 1897,881 1198,939"/>
                <Baseline points="1208,1014 1214,1011 1259,1008 1304,1008 1349,1005 1393,1005 1438,1002 1483,1002 1528,999 1572,999 1617,999 1662,996 1707,993 1752,990 1796,990 1841,987 1886,987 1931,984 1975,984 2020,981 2065,981 2110,978 2154,978 2199,976 2244,976 2289,976 2334,973 2378,973 2423,973 2468,970 2513,967 2557,964 2602,964 2647,961 2692,961 2736,961 2781,958 2826,958 2871,955 2916,952 2960,949 3005,949"/>
                <TextEquiv>
                    <Unicode>Amadeus: Du bist es aber - du bist et</Unicode>
                </TextEquiv>
            </TextLine>
            <TextLine id="tr_2_tl_5" custom="readingOrder {index:4;}">
                <Coords points="1384,1214 2778,1155 2866,1144 2868,1047 2349,1025 2133,1088 1946,1054 1389,1099"/>
                <Baseline points="1399,1158 1438,1158 1483,1155 1528,1155 1572,1152 1617,1149 1662,1149 1707,1149 1752,1146 1796,1143 1841,1140 1886,1140 1931,1140 1975,1137 2020,1134 2065,1134 2110,1131 2154,1131 2199,1131 2244,1131 2289,1128 2334,1128 2378,1125 2423,1125 2468,1122 2513,1119 2557,1119 2602,1119 2647,1116 2692,1113 2736,1113 2781,1110 2826,1110 2871,1113"/>
                <TextEquiv>
                    <Unicode>nun einmal! Wenn ich nicht mehr</Unicode>
                </TextEquiv>
            </TextLine>
            <TextLine id="tr_2_tl_6" custom="readingOrder {index:5;}">
                <Coords points="1355,1371 1454,1362 1483,1342 1542,1348 1569,1331 1596,1346 1618,1337 1638,1360 1674,1348 1710,1375 1758,1382 1760,1254 1697,1229 1645,1261 1620,1250 1582,1261 1560,1243 1423,1272 1355,1261"/>
                <Baseline points="1367,1307 1405,1307 1450,1307 1495,1304 1540,1304 1584,1304 1629,1307 1674,1304 1719,1301 1763,1298"/>
                <TextEquiv>
                    <Unicode>verlange</Unicode>
                </TextEquiv>
            </TextLine>
            <TextLine id="tr_2_tl_7" custom="readingOrder {index:6;}">
                <Coords points="1769,1378 1874,1375 1949,1405 1982,1387 2016,1396 2041,1373 2081,1380 2083,1207 2027,1223 2012,1202 1980,1191 1958,1207 1922,1198 1868,1214 1843,1200 1794,1232 1771,1227"/>
                <Baseline points="1781,1372 1817,1369 1862,1364 1907,1361 1952,1361 1996,1364 2041,1364 2086,1364"/>
                <TextEquiv>
                    <Unicode>Délibé au</Unicode>
                </TextEquiv>
            </TextLine>
            <TextLine id="tr_2_tl_8" custom="readingOrder {index:7;}">
                <Coords points="1162,1483 1346,1526 1629,1477 1767,1531 2045,1472 2719,1470 2841,1450 2843,1364 2452,1378 2256,1297 2126,1407 1164,1382"/>
                <Baseline points="1175,1474 1190,1474 1235,1468 1280,1468 1325,1468 1369,1468 1414,1465 1459,1462 1504,1462 1549,1462 1593,1459 1638,1456 1683,1456 1728,1453 1772,1450 1817,1450 1862,1450 1907,1450 1952,1444 1996,1444 2041,1441 2086,1438 2131,1435 2175,1429 2220,1432 2265,1426 2310,1426 2354,1426 2399,1426 2444,1426 2489,1426 2534,1426 2578,1426 2623,1423 2668,1423 2713,1420 2757,1420 2802,1417 2847,1417"/>
                <TextEquiv>
                    <Unicode>Cäc: Und Wedius -? Denkst du, ich</Unicode>
                </TextEquiv>
            </TextLine>
            <TextLine id="tr_2_tl_9" custom="readingOrder {index:8;}">
                <Coords points="1346,1632 1962,1659 2571,1593 2868,1634 3012,1598 3014,1488 1348,1542"/>
                <Baseline points="1358,1620 1361,1620 1405,1617 1450,1617 1495,1614 1540,1617 1584,1611 1629,1611 1674,1608 1719,1608 1763,1605 1808,1605 1853,1605 1898,1602 1943,1599 1987,1596 2032,1593 2077,1593 2122,1590 2166,1590 2211,1587 2256,1587 2301,1587 2345,1587 2390,1584 2435,1581 2480,1581 2525,1578 2569,1578 2614,1578 2659,1578 2704,1575 2748,1572 2793,1572 2838,1569 2883,1572 2928,1566 2972,1563 3017,1561"/>
                <TextEquiv>
                    <Unicode>habe dir nicht die Wahrheit gesagt?</Unicode>
                </TextEquiv>
            </TextLine>
        </TextRegion>
        <TextRegion id="tr_1" custom="readingOrder {index:1;}">
            <Coords points="1220,1666 3095,1666 3095,3776 1220,3776"/>
            <TextLine id="tr_1_tl_1" custom="readingOrder {index:0;}">
                <Coords points="1355,1829 2985,1758 2989,1629 2218,1654 1776,1728 1360,1710"/>
                <Baseline points="1369,1775 1381,1775 1426,1772 1471,1772 1516,1769 1561,1766 1605,1766 1650,1763 1695,1760 1740,1760 1784,1758 1829,1758 1874,1758 1919,1755 1963,1752 2008,1752 2053,1749 2098,1746 2143,1746 2187,1746 2232,1743 2277,1743 2322,1743 2366,1740 2411,1737 2456,1737 2501,1734 2545,1731 2590,1728 2635,1728 2680,1728 2725,1728 2769,1725 2814,1725 2859,1722 2904,1719 2948,1716 2993,1716"/>
                <TextEquiv>
                    <Unicode>Es hätte nicht viel gebraucht, und</Unicode>
                </TextEquiv>
            </TextLine>
            <TextLine id="tr_1_tl_2" custom="readingOrder {index:1;}">
                <Coords points="1357,1994 1780,1942 2535,1958 2895,1901 2897,1820 1362,1872"/>
                <Baseline points="1372,1931 1378,1931 1423,1928 1468,1925 1513,1925 1558,1922 1602,1919 1647,1919 1692,1916 1737,1919 1781,1916 1826,1916 1871,1913 1916,1910 1960,1907 2005,1907 2050,1904 2095,1904 2140,1901 2184,1898 2229,1901 2274,1898 2319,1898 2363,1895 2408,1892 2453,1889 2498,1886 2542,1886 2587,1883 2632,1883 2677,1883 2722,1880 2766,1880 2811,1880 2856,1877 2901,1880"/>
                <TextEquiv>
                    <Unicode>ich wäre die Seine geworden. Nur</Unicode>
                </TextEquiv>
            </TextLine>
            <TextLine id="tr_1_tl_3" custom="readingOrder {index:2;}">
                <Coords points="1373,2122 2881,2088 3032,2045 3036,1944 2823,1994 2490,1944 1960,2023 1378,1996"/>
                <Baseline points="1387,2086 1426,2086 1471,2086 1516,2083 1561,2083 1605,2080 1650,2077 1695,2077 1740,2077 1784,2077 1829,2074 1874,2071 1919,2071 1963,2068 2008,2065 2053,2065 2098,2062 2143,2059 2187,2059 2232,2059 2277,2056 2322,2053 2366,2053 2411,2050 2456,2047 2501,2047 2545,2044 2590,2041 2635,2041 2680,2038 2725,2038 2769,2038 2814,2038 2859,2032 2904,2029 2948,2026 2993,2023 3040,2017"/>
                <TextEquiv>
                    <Unicode>die Gelegenheit hat gefehlt, - viel-</Unicode>
                </TextEquiv>
            </TextLine>
            <TextLine id="tr_1_tl_4" custom="readingOrder {index:3;}">
                <Coords points="1360,2274 3012,2243 3034,2088 2065,2167 1836,2133 1674,2189 1364,2160"/>
                <Baseline points="1375,2238 1378,2238 1423,2241 1468,2241 1513,2238 1558,2238 1602,2235 1647,2232 1692,2232 1737,2229 1781,2229 1826,2229 1871,2226 1916,2223 1960,2220 2005,2217 2050,2217 2095,2214 2140,2211 2184,2208 2229,2208 2274,2205 2319,2205 2363,2202 2408,2199 2453,2196 2498,2193 2542,2193 2587,2190 2632,2190 2677,2190 2722,2187 2766,2187 2811,2184 2856,2184 2901,2181 2945,2181 2990,2181 3035,2184"/>
                <TextEquiv>
                    <Unicode>leicht nur das letzte Wort von ihm.</Unicode>
                </TextEquiv>
            </TextLine>
            <TextLine id="tr_1_tl_5" custom="readingOrder {index:4;}">
                <Coords points="1247,2421 2470,2418 2562,2385 2569,2250 2319,2317 1250,2340"/>
                <Baseline points="1259,2408 1271,2405 1316,2402 1361,2402 1405,2399 1450,2399 1495,2399 1540,2396 1584,2393 1629,2390 1674,2390 1719,2387 1763,2384 1808,2381 1853,2381 1898,2381 1943,2378 1987,2375 2032,2372 2077,2372 2122,2369 2166,2366 2211,2363 2256,2363 2301,2360 2345,2357 2390,2354 2435,2351 2480,2351 2525,2348 2569,2345"/>
                <TextEquiv>
                    <Unicode>Amad: Es ist ja nicht wahr!</Unicode>
                </TextEquiv>
            </TextLine>
            <TextLine id="tr_1_tl_6" custom="readingOrder {index:5;}">
                <Coords points="1205,2623 1418,2562 1751,2607 2153,2551 2391,2600 2737,2519 2902,2569 2924,2441 2569,2376 2097,2477 1211,2490"/>
                <Baseline points="1220,2560 1241,2560 1286,2557 1331,2557 1375,2557 1420,2554 1465,2551 1474,2551 1495,2551 1540,2548 1584,2548 1629,2545 1674,2542 1719,2542 1763,2540 1808,2537 1853,2537 1898,2534 1943,2534 1987,2528 2032,2525 2077,2525 2122,2525 2166,2522 2211,2519 2256,2516 2301,2516 2345,2513 2390,2513 2435,2510 2480,2510 2525,2507 2569,2507 2614,2507 2659,2504 2704,2501 2748,2498 2793,2495 2838,2492 2883,2489 2928,2486"/>
                <TextEquiv>
                    <Unicode>Cäc: Es ist wahr! - Denkst du, weil</Unicode>
                </TextEquiv>
            </TextLine>
            <TextLine id="tr_1_tl_7" custom="readingOrder {index:6;}">
                <Coords points="1438,2726 1713,2719 1818,2771 2272,2681 2403,2737 2879,2677 3014,2710 3021,2551 1443,2648"/>
                <Baseline points="1453,2707 1456,2707 1501,2710 1546,2707 1590,2704 1635,2704 1680,2701 1725,2698 1769,2695 1814,2692 1859,2692 1904,2692 1949,2689 1993,2686 2038,2686 2083,2683 2128,2683 2172,2680 2217,2677 2262,2671 2307,2671 2351,2668 2396,2668 2441,2665 2486,2662 2531,2662 2575,2662 2620,2659 2665,2656 2710,2656 2754,2653 2799,2653 2844,2650 2889,2647 2933,2644 2978,2644 3023,2644"/>
                <TextEquiv>
                    <Unicode>ich scheuer bin als Frauen in der</Unicode>
                </TextEquiv>
            </TextLine>
            <TextLine id="tr_1_tl_8" custom="readingOrder {index:7;}">
                <Coords points="1441,2911 2182,2834 2632,2857 2791,2805 2953,2841 3054,2803 3059,2706 1447,2796"/>
                <Baseline points="1456,2859 1492,2862 1537,2862 1581,2856 1626,2856 1671,2853 1716,2850 1760,2850 1805,2850 1850,2844 1895,2844 1940,2841 1984,2841 2029,2838 2074,2838 2119,2838 2163,2835 2208,2832 2253,2829 2298,2826 2343,2826 2387,2823 2432,2820 2477,2820 2522,2817 2566,2814 2611,2814 2656,2811 2701,2808 2745,2805 2790,2802 2835,2805 2880,2802 2925,2802 2969,2796 3014,2796 3059,2793"/>
                <TextEquiv>
                    <Unicode>Art von Isolde, dass ich ein Engel</Unicode>
                </TextEquiv>
            </TextLine>
            <TextLine id="tr_1_tl_9" custom="readingOrder {index:8;}">
                <Coords points="1409,3050 1796,3050 2000,2994 2373,3030 2544,2982 2904,2996 2949,2911 2681,2879 2555,2949 2230,2888 2140,2940 1998,2906 1414,2946"/>
                <Baseline points="1423,3017 1429,3017 1474,3017 1519,3017 1563,3014 1608,3014 1653,3008 1698,3008 1743,3005 1787,3002 1832,2999 1877,2999 1922,2996 1966,2996 2011,2993 2056,2990 2101,2990 2146,2987 2190,2987 2235,2984 2280,2984 2325,2981 2369,2978 2414,2975 2459,2972 2504,2972 2548,2972 2593,2966 2638,2966 2683,2963 2728,2960 2772,2960 2817,2957 2862,2954 2907,2954 2951,2954"/>
                <TextEquiv>
                    <Unicode>bin? Ich bin eine Frau - und ich</Unicode>
                </TextEquiv>
            </TextLine>
            <TextLine id="tr_1_tl_10" custom="readingOrder {index:9;}">
                <Coords points="1420,3180 2463,3180 2922,3131 2958,3057 2074,3104 1908,3068 1584,3126 1425,3084"/>
                <Baseline points="1432,3172 1438,3172 1483,3172 1528,3169 1572,3169 1617,3169 1662,3166 1707,3163 1752,3160 1796,3157 1841,3157 1886,3154 1931,3148 1975,3151 2020,3151 2065,3148 2110,3145 2154,3145 2199,3139 2244,3136 2289,3133 2334,3130 2378,3127 2423,3127 2468,3125 2513,3125 2557,3122 2602,3122 2647,3119 2692,3116 2736,3116 2781,3113 2826,3113 2871,3110 2916,3107 2960,3107"/>
                <TextEquiv>
                    <Unicode>bin eine Frau, die verlassen war</Unicode>
                </TextEquiv>
            </TextLine>
            <TextLine id="tr_1_tl_11" custom="readingOrder {index:10;}">
                <Coords points="1450,3378 1674,3333 1924,3362 2056,3322 2131,3362 2245,3317 2877,3311 2960,3288 2964,3198 1454,3270"/>
                <Baseline points="1465,3339 1486,3339 1531,3333 1575,3330 1620,3330 1665,3327 1710,3322 1755,3322 1799,3319 1844,3316 1889,3313 1934,3313 1978,3310 2023,3307 2068,3307 2113,3304 2157,3301 2202,3301 2247,3298 2292,3295 2337,3292 2381,3292 2426,3292 2471,3292 2516,3286 2560,3283 2605,3280 2650,3277 2695,3277 2739,3271 2784,3271 2829,3265 2874,3262 2919,3262 2963,3265"/>
                <TextEquiv>
                    <Unicode>und ich bin eine Frau, die ihre</Unicode>
                </TextEquiv>
            </TextLine>
            <TextLine id="tr_1_tl_12" custom="readingOrder {index:11;}">
                <Coords points="1429,3515 2018,3529 2378,3466 2922,3542 3088,3461 3095,3335 1937,3385 1753,3439 1434,3412"/>
                <Baseline points="1444,3492 1483,3492 1528,3492 1572,3486 1617,3486 1662,3483 1707,3480 1752,3477 1796,3474 1841,3471 1886,3468 1931,3465 1975,3465 2020,3462 2065,3459 2110,3459 2154,3459 2199,3456 2244,3456 2289,3450 2334,3450 2378,3444 2423,3444 2468,3441 2513,3441 2557,3438 2602,3438 2647,3435 2692,3432 2736,3426 2781,3423 2826,3420 2871,3420 2916,3417 2960,3414 3005,3411 3050,3411 3095,3411"/>
                <TextEquiv>
                    <Unicode>Jugend fühlt se gut wie du und Ande¬</Unicode>
                </TextEquiv>
            </TextLine>
            <TextLine id="tr_1_tl_13" custom="readingOrder {index:12;}">
                <Coords points="1434,3652 1452,3652 1477,3666 1499,3652 1515,3668 1531,3666 1544,3677 1551,3672 1598,3684 1596,3549 1580,3544 1567,3558 1537,3549 1497,3567 1488,3562 1470,3580 1434,3578"/>
                <Baseline points="1447,3650 1492,3647 1537,3647 1581,3650 1602,3650"/>
                <TextEquiv>
                    <Unicode>re.</Unicode>
                </TextEquiv>
            </TextLine>
            <TextLine id="tr_1_tl_14" custom="readingOrder {index:13;}">
                <Coords points="1292,3805 2274,3733 2409,3774 2614,3713 2958,3756 2964,3607 2643,3600 2355,3670 1985,3625 1614,3711 1297,3661"/>
                <Baseline points="1307,3766 1310,3766 1355,3766 1399,3763 1444,3763 1489,3760 1534,3760 1578,3763 1623,3757 1668,3751 1713,3751 1758,3751 1802,3745 1847,3745 1892,3742 1937,3742 1981,3739 2026,3739 2071,3736 2116,3736 2160,3733 2205,3733 2250,3733 2295,3730 2340,3724 2384,3724 2429,3721 2474,3718 2519,3718 2563,3715 2608,3715 2653,3713 2698,3713 2742,3713 2787,3713 2832,3713 2877,3713 2922,3710 2966,3701"/>
                <TextEquiv>
                    <Unicode>Amad : Und doch bist du mir treu ge-</Unicode>
                </TextEquiv>
            </TextLine>
        </TextRegion>
    </Page>
</PcGts>
