<?xml version="1.0" encoding="UTF-8" standalone="yes"?>
<PcGts xmlns="http://schema.primaresearch.org/PAGE/gts/pagecontent/2013-07-15" xmlns:xsi="http://www.w3.org/2001/XMLSchema-instance" xsi:schemaLocation="http://schema.primaresearch.org/PAGE/gts/pagecontent/2013-07-15 http://schema.primaresearch.org/PAGE/gts/pagecontent/2013-07-15/pagecontent.xsd">
    <Metadata>
        <Creator>prov=READ-COOP:name=TrHtr:version=2.1.0:model_id=51170:date=29_07_2023_16:32</Creator>
        <Created>2023-05-10T13:05:12.852+02:00</Created>
        <LastChange>2023-07-29T16:32:41.111+02:00</LastChange>
        <TranskribusMetadata docId="1428560" pageId="55408500" pageNr="152" tsid="131449208" status="IN_PROGRESS" userId="64420" imgUrl="https://files.transkribus.eu/Get?id=GIZWEOYCTTXRWBONXNIKBDQW&amp;fileType=view" xmlUrl="https://files.transkribus.eu/Get?id=AQDVILIBSWRZINGSINWEOEWU" imageId="44682646"/>
    </Metadata>
    <Page imageFilename="1428560_0152.jpg" imageWidth="3464" imageHeight="4120">
        <ReadingOrder>
            <OrderedGroup id="ro_1711794860062" caption="Regions reading order">
                <RegionRefIndexed index="0" regionRef="tr_2"/>
                <RegionRefIndexed index="1" regionRef="tr_1"/>
            </OrderedGroup>
        </ReadingOrder>
        <TextRegion id="tr_2" custom="readingOrder {index:0;}">
            <Coords points="1271,272 2994,272 2994,1610 1271,1610"/>
            <TextLine id="tr_2_tl_1" custom="readingOrder {index:0;}">
                <Coords points="1447,408 1463,408 1477,418 1501,418 1517,432 1529,432 1529,205 1494,205 1475,224 1447,226"/>
                <Baseline points="1459,325 1504,322 1534,325"/>
                <TextEquiv>
                    <Unicode>P.S.</Unicode>
                </TextEquiv>
            </TextLine>
            <TextLine id="tr_2_tl_2" custom="readingOrder {index:1;}">
                <Coords points="1578,460 1603,457 1627,441 1634,448 1648,448 1655,441 1659,448 1690,448 1699,324 1685,322 1676,331 1634,324 1617,334 1603,320 1589,322"/>
                <Baseline points="1594,414 1609,414 1653,412 1698,406"/>
                <TextEquiv>
                    <Unicode>G.F.P.</Unicode>
                </TextEquiv>
            </TextLine>
            <TextLine id="tr_2_tl_3" custom="readingOrder {index:2;}">
                <Coords points="2642,548 2663,546 2667,551 2672,546 2691,555 2700,548 2709,553 2728,546 2737,537 2770,541 2768,425 2747,425 2733,413 2709,434 2693,432 2684,439 2665,422 2639,420"/>
                <Baseline points="2654,519 2698,519 2743,519 2776,522"/>
                <TextEquiv>
                    <Unicode>92.</Unicode>
                </TextEquiv>
            </TextLine>
            <TextLine id="tr_2_tl_4" custom="readingOrder {index:3;}">
                <Coords points="1258,667 1382,712 2653,681 2763,730 2943,693 2943,546 2740,532 2474,609 2084,581 1984,630 1258,611"/>
                <Baseline points="1271,665 1316,665 1361,665 1406,665 1450,668 1495,671 1540,674 1585,677 1630,677 1674,677 1719,677 1764,677 1809,674 1854,674 1898,674 1943,671 1988,671 2033,671 2077,668 2122,668 2167,668 2212,668 2257,671 2301,671 2346,671 2391,671 2436,671 2480,671 2525,671 2570,674 2615,674 2660,674 2704,674 2749,674 2794,674 2839,674 2884,674 2928,674 2949,677"/>
                <TextEquiv>
                    <Unicode>anfinge, sie in die Werkstatt meines</Unicode>
                </TextEquiv>
            </TextLine>
            <TextLine id="tr_2_tl_5" custom="readingOrder {index:4;}">
                <Coords points="1328,880 2140,826 2943,868 2941,749 2817,709 2457,770 2233,698 1683,761 1440,686 1326,728"/>
                <Baseline points="1340,815 1385,815 1430,815 1474,818 1519,818 1564,821 1609,821 1653,821 1698,821 1743,824 1788,824 1833,824 1877,824 1922,824 1967,824 2012,824 2057,824 2101,824 2146,824 2191,826 2236,826 2280,826 2325,826 2370,826 2415,826 2460,829 2504,826 2549,826 2594,829 2639,829 2683,829 2728,826 2773,826 2818,829 2863,829 2907,829 2949,832"/>
                <TextEquiv>
                    <Unicode>Geistes einzufuhren. Das tut nicht</Unicode>
                </TextEquiv>
            </TextLine>
            <TextLine id="tr_2_tl_6" custom="readingOrder {index:5;}">
                <Coords points="1288,1020 2857,1018 2924,999 2924,915 2434,863 2240,929 1890,859 1669,905 1286,870"/>
                <Baseline points="1301,988 1346,979 1391,976 1436,976 1480,976 1525,976 1570,976 1615,976 1659,976 1704,976 1749,976 1794,976 1839,976 1883,976 1928,976 1973,979 2018,979 2062,979 2107,979 2152,979 2197,982 2242,982 2286,982 2331,982 2376,982 2421,982 2466,982 2510,982 2555,982 2600,985 2645,985 2689,982 2734,982 2779,985 2824,985 2869,985 2913,991 2931,988"/>
                <TextEquiv>
                    <Unicode>gut. Ich habe das zur Genüge mitge-</Unicode>
                </TextEquiv>
            </TextLine>
            <TextLine id="tr_2_tl_7" custom="readingOrder {index:6;}">
                <Coords points="1281,1225 2985,1216 2959,1050 2301,1067 2184,994 1279,1039"/>
                <Baseline points="1292,1128 1337,1128 1382,1128 1427,1128 1471,1128 1516,1128 1561,1128 1606,1131 1650,1131 1695,1131 1740,1131 1785,1131 1830,1131 1874,1128 1919,1131 1964,1128 2009,1131 2054,1134 2098,1134 2143,1134 2188,1134 2233,1137 2277,1140 2322,1137 2367,1137 2412,1134 2457,1137 2501,1137 2546,1134 2591,1137 2636,1137 2680,1137 2725,1137 2770,1137 2815,1137 2860,1140 2904,1137 2949,1137 2988,1143"/>
                <TextEquiv>
                    <Unicode>maht in früherer Zeit, wenn sich die</Unicode>
                </TextEquiv>
            </TextLine>
            <TextLine id="tr_2_tl_8" custom="readingOrder {index:7;}">
                <Coords points="1319,1361 2110,1344 2658,1393 2812,1351 2812,1249 2693,1218 1319,1209"/>
                <Baseline points="1331,1274 1376,1274 1421,1277 1465,1280 1510,1280 1555,1283 1600,1286 1645,1289 1689,1286 1734,1283 1779,1283 1824,1283 1868,1286 1913,1283 1958,1283 2003,1286 2048,1286 2092,1286 2137,1286 2182,1286 2227,1289 2271,1286 2316,1289 2361,1286 2406,1286 2451,1286 2495,1289 2540,1289 2585,1289 2630,1289 2675,1289 2719,1289 2764,1289 2809,1289 2818,1292"/>
                <TextEquiv>
                    <Unicode>Weiber, die ich in meinen Armen</Unicode>
                </TextEquiv>
            </TextLine>
            <TextLine id="tr_2_tl_9" custom="readingOrder {index:8;}">
                <Coords points="1277,1440 1522,1526 2959,1533 2959,1358 1277,1379"/>
                <Baseline points="1289,1436 1334,1433 1379,1433 1424,1436 1468,1436 1513,1436 1558,1442 1603,1439 1648,1439 1692,1439 1737,1442 1782,1439 1827,1439 1871,1439 1916,1436 1961,1439 2006,1436 2051,1439 2095,1442 2140,1442 2185,1442 2230,1439 2274,1439 2319,1442 2364,1442 2409,1439 2454,1442 2498,1442 2543,1442 2588,1444 2633,1442 2678,1442 2722,1442 2767,1442 2812,1442 2857,1442 2901,1442 2946,1444 2964,1447"/>
                <TextEquiv>
                    <Unicode>hielt, plötzlich zu meinen Freundin-</Unicode>
                </TextEquiv>
            </TextLine>
            <TextLine id="tr_2_tl_10" custom="readingOrder {index:9;}">
                <Coords points="1277,1589 1769,1599 1956,1673 2992,1669 2990,1550 2913,1526 1277,1517"/>
                <Baseline points="1289,1588 1334,1585 1379,1585 1424,1585 1468,1588 1513,1588 1558,1588 1603,1588 1648,1588 1692,1591 1737,1588 1782,1588 1827,1588 1871,1591 1916,1591 1961,1591 2006,1591 2051,1594 2095,1594 2140,1594 2185,1597 2230,1597 2274,1597 2319,1597 2364,1597 2409,1597 2454,1597 2498,1597 2543,1597 2588,1597 2633,1597 2678,1597 2722,1597 2767,1597 2812,1597 2857,1600 2901,1600 2946,1600 2991,1600 2994,1600"/>
                <TextEquiv>
                    <Unicode>nen berufen finden... Nichts als Un¬</Unicode>
                </TextEquiv>
            </TextLine>
        </TextRegion>
        <TextRegion id="tr_1" custom="readingOrder {index:1;}">
            <Coords points="555,1693 3006,1693 3006,3768 555,3768"/>
            <TextLine id="tr_1_tl_1" custom="readingOrder {index:0;}">
                <Coords points="1281,1823 2994,1825 2980,1690 1281,1652"/>
                <Baseline points="1295,1755 1340,1746 1385,1743 1430,1743 1474,1746 1519,1746 1564,1743 1609,1743 1653,1746 1698,1743 1743,1743 1788,1746 1833,1746 1877,1746 1922,1746 1967,1749 2012,1749 2057,1749 2101,1749 2146,1749 2191,1749 2236,1749 2280,1749 2325,1749 2370,1752 2415,1752 2460,1749 2504,1752 2549,1749 2594,1752 2639,1749 2683,1749 2728,1749 2773,1752 2818,1752 2863,1752 2907,1752 2952,1752 2997,1752"/>
                <TextEquiv>
                    <Unicode>gelegenheiten.... Nein, das hab' ich</Unicode>
                </TextEquiv>
            </TextLine>
            <TextLine id="tr_1_tl_2" custom="readingOrder {index:1;}">
                <Coords points="1277,1972 2208,1970 2411,2016 2966,1967 2948,1830 1277,1820"/>
                <Baseline points="1289,1898 1334,1901 1379,1898 1424,1898 1468,1901 1513,1898 1558,1898 1603,1895 1648,1895 1692,1895 1737,1895 1782,1895 1827,1898 1871,1898 1916,1901 1961,1904 2006,1901 2051,1901 2095,1901 2140,1901 2185,1901 2230,1904 2274,1901 2319,1904 2364,1901 2409,1901 2454,1904 2498,1904 2543,1904 2588,1904 2633,1907 2678,1907 2722,1907 2767,1907 2812,1907 2857,1907 2901,1910 2946,1910 2970,1910"/>
                <TextEquiv>
                    <Unicode>genügend durchgekostet! Das muss ab-</Unicode>
                </TextEquiv>
            </TextLine>
            <TextLine id="tr_1_tl_3" custom="readingOrder {index:2;}">
                <Coords points="1279,2117 1400,2138 1489,2061 1540,2056 2047,2075 2033,1991 1785,2002 1564,1965 1517,2000 1421,1963 1337,2000 1279,1970"/>
                <Baseline points="1292,2054 1337,2054 1382,2054 1427,2054 1471,2051 1516,2051 1561,2051 1606,2051 1650,2051 1695,2048 1740,2048 1785,2051 1830,2051 1874,2051 1919,2054 1964,2054 2009,2057 2051,2062"/>
                <TextEquiv>
                    <Unicode>gegrenzt werden.</Unicode>
                </TextEquiv>
            </TextLine>
            <TextLine id="tr_1_tl_4" custom="readingOrder {index:3;}">
                <Coords points="1127,2208 1470,2203 1662,2299 2854,2278 2852,2147 2754,2133 1127,2149"/>
                <Baseline points="1140,2203 1185,2200 1230,2200 1274,2200 1319,2200 1364,2203 1409,2206 1453,2203 1498,2203 1543,2203 1588,2206 1633,2206 1677,2206 1722,2206 1767,2203 1812,2206 1856,2206 1901,2206 1946,2206 1991,2206 2036,2206 2080,2206 2125,2209 2170,2209 2215,2209 2260,2209 2304,2209 2349,2209 2394,2212 2439,2212 2483,2209 2528,2209 2573,2212 2618,2212 2663,2212 2707,2212 2752,2212 2797,2215 2842,2218 2857,2218"/>
                <TextEquiv>
                    <Unicode>Amad- Ja, aber XX### fehlt dir denn</Unicode>
                </TextEquiv>
            </TextLine>
            <TextLine id="tr_1_tl_5" custom="readingOrder {index:4;}">
                <Coords points="1265,2362 1673,2366 1900,2460 2973,2429 2955,2289 2763,2338 2544,2271 2453,2327 2236,2280 1265,2292"/>
                <Baseline points="1277,2358 1322,2355 1367,2358 1412,2358 1456,2358 1501,2358 1546,2358 1591,2358 1636,2358 1680,2358 1725,2361 1770,2361 1815,2364 1859,2361 1904,2361 1949,2361 1994,2361 2039,2361 2083,2361 2128,2361 2173,2361 2218,2364 2263,2364 2307,2367 2352,2367 2397,2364 2442,2367 2486,2367 2531,2367 2576,2370 2621,2367 2666,2370 2710,2370 2755,2373 2800,2373 2845,2373 2889,2370 2934,2373 2976,2373"/>
                <TextEquiv>
                    <Unicode>nicht selbst manchmal ein Wesen, mit</Unicode>
                </TextEquiv>
            </TextLine>
            <TextLine id="tr_1_tl_6" custom="readingOrder {index:5;}">
                <Coords points="1272,2602 2481,2616 2600,2537 2740,2525 2740,2439 2555,2476 2499,2436 1270,2450"/>
                <Baseline points="1283,2510 1328,2510 1373,2513 1418,2516 1462,2516 1507,2516 1552,2516 1597,2516 1642,2516 1686,2516 1731,2516 1776,2516 1821,2516 1865,2519 1910,2516 1955,2516 2000,2519 2045,2522 2089,2522 2134,2522 2179,2519 2224,2522 2268,2522 2313,2522 2358,2522 2403,2522 2448,2522 2492,2522 2537,2522 2582,2522 2627,2525 2672,2525 2716,2525 2746,2525"/>
                <TextEquiv>
                    <Unicode>den du dich aussprechen kannst!</Unicode>
                </TextEquiv>
            </TextLine>
            <TextLine id="tr_1_tl_7" custom="readingOrder {index:6;}">
                <Coords points="1127,2728 1412,2770 2035,2726 2196,2782 3004,2691 3001,2632 2847,2597 2562,2653 2378,2595 1865,2637 1125,2593"/>
                <Baseline points="1140,2669 1185,2669 1230,2669 1274,2669 1319,2672 1364,2675 1409,2672 1453,2672 1498,2672 1543,2669 1588,2672 1633,2672 1677,2672 1722,2672 1767,2675 1812,2672 1856,2675 1901,2675 1946,2675 1991,2678 2036,2678 2080,2678 2125,2675 2170,2678 2215,2678 2260,2678 2304,2680 2349,2678 2394,2680 2439,2680 2483,2680 2528,2683 2573,2683 2618,2680 2663,2680 2707,2683 2752,2683 2797,2683 2842,2683 2886,2680 2931,2680 2976,2678 3006,2678"/>
                <TextEquiv>
                    <Unicode>Alb: Fehlt mir durchaus nicht. Derglei-</Unicode>
                </TextEquiv>
            </TextLine>
            <TextLine id="tr_1_tl_8" custom="readingOrder {index:7;}">
                <Coords points="567,2754 681,2719 712,2737 770,2695 819,2709 833,2695 870,2698 910,2721 964,2716 971,2593 912,2588 828,2642 796,2616 714,2642 679,2614 642,2625 574,2614"/>
                <Baseline points="582,2710 612,2704 656,2701 701,2695 746,2695 791,2689 835,2689 880,2692 925,2686 970,2686"/>
                <TextEquiv>
                    <Unicode>di coeht</Unicode>
                </TextEquiv>
            </TextLine>
            <TextLine id="tr_1_tl_9" custom="readingOrder {index:8;}">
                <Coords points="1267,2887 2948,2924 2924,2754 2191,2782 2042,2726 1855,2765 1557,2726 1265,2770"/>
                <Baseline points="1277,2824 1322,2824 1367,2824 1412,2827 1456,2827 1501,2827 1546,2827 1591,2827 1636,2827 1680,2827 1725,2827 1770,2827 1815,2827 1859,2827 1904,2827 1949,2827 1994,2827 2039,2827 2083,2827 2128,2827 2173,2830 2218,2830 2263,2830 2307,2833 2352,2833 2397,2830 2442,2830 2486,2833 2531,2833 2576,2836 2621,2833 2666,2836 2710,2839 2755,2836 2800,2839 2845,2839 2889,2839 2934,2839 2952,2839"/>
                <TextEquiv>
                    <Unicode>chen findet sich immer ausser Hause.</Unicode>
                </TextEquiv>
            </TextLine>
            <TextLine id="tr_1_tl_10" custom="readingOrder {index:9;}">
                <Coords points="618,2957 646,2959 670,2950 679,2959 686,2952 695,2962 714,2964 728,2737 709,2737 681,2716 651,2737 632,2730"/>
                <Baseline points="638,2848 683,2845 728,2842"/>
                <TextEquiv>
                    <Unicode>2</Unicode>
                </TextEquiv>
            </TextLine>
            <TextLine id="tr_1_tl_11" custom="readingOrder {index:10;}">
                <Coords points="1253,3050 1419,3041 1543,3102 1666,3036 1958,3081 2924,3060 2924,2945 2831,2915 1253,2917"/>
                <Baseline points="1265,2982 1310,2979 1355,2979 1400,2979 1444,2979 1489,2979 1534,2979 1579,2979 1624,2982 1668,2982 1713,2982 1758,2982 1803,2982 1848,2985 1892,2985 1937,2985 1982,2985 2027,2985 2071,2985 2116,2982 2161,2985 2206,2985 2251,2988 2295,2988 2340,2988 2385,2988 2430,2991 2474,2991 2519,2991 2564,2991 2609,2991 2654,2991 2698,2988 2743,2988 2788,2988 2833,2991 2878,2991 2922,2997 2931,2997"/>
                <TextEquiv>
                    <Unicode>Ich verkehre mit manchen Frauen von</Unicode>
                </TextEquiv>
            </TextLine>
            <TextLine id="tr_1_tl_12" custom="readingOrder {index:11;}">
                <Coords points="541,3067 576,3071 602,3088 616,3081 674,3090 684,3078 700,3078 686,2938 674,2938 653,2959 609,2952 607,2959 593,2959 581,2969 532,2959"/>
                <Baseline points="555,3060 600,3063 644,3069 689,3072 707,3078"/>
                <TextEquiv>
                    <Unicode>M</Unicode>
                </TextEquiv>
            </TextLine>
            <TextLine id="tr_1_tl_13" custom="readingOrder {index:12;}">
                <Coords points="1263,3193 1732,3246 1970,3193 2408,3225 2532,3211 2530,3078 2012,3060 1923,3092 1743,3046 1545,3104 1428,3046 1260,3064"/>
                <Baseline points="1274,3134 1319,3131 1364,3134 1409,3134 1453,3134 1498,3134 1543,3137 1588,3140 1633,3140 1677,3137 1722,3137 1767,3140 1812,3140 1856,3143 1901,3140 1946,3140 1991,3140 2036,3143 2080,3143 2125,3143 2170,3143 2215,3146 2260,3143 2304,3143 2349,3146 2394,3146 2439,3146 2483,3152 2528,3152 2536,3153"/>
                <TextEquiv>
                    <Unicode>Geist - aber nur brieflich.</Unicode>
                </TextEquiv>
            </TextLine>
            <TextLine id="tr_1_tl_14" custom="readingOrder {index:13;}">
                <Coords points="1118,3300 1202,3328 1242,3319 1281,3354 1389,3344 1421,3372 1456,3347 1568,3377 1739,3361 1736,3265 1634,3270 1540,3197 1433,3235 1340,3211 1242,3242 1160,3211 1116,3223"/>
                <Baseline points="1131,3293 1176,3290 1221,3290 1265,3290 1310,3290 1355,3290 1400,3296 1444,3293 1489,3293 1534,3293 1579,3298 1624,3301 1668,3301 1713,3301 1743,3307"/>
                <TextEquiv>
                    <Unicode>Amad: So?...</Unicode>
                </TextEquiv>
            </TextLine>
            <TextLine id="tr_1_tl_15" custom="readingOrder {index:14;}">
                <Coords points="1113,3484 1508,3564 2044,3503 2831,3559 2829,3391 2737,3351 2147,3400 1111,3358"/>
                <Baseline points="1125,3448 1170,3445 1215,3445 1259,3445 1304,3445 1349,3448 1394,3445 1439,3445 1483,3448 1528,3448 1573,3448 1618,3448 1662,3448 1707,3448 1752,3448 1797,3448 1842,3451 1886,3451 1931,3454 1976,3454 2021,3451 2065,3454 2110,3454 2155,3454 2200,3457 2245,3457 2289,3454 2334,3457 2379,3454 2424,3457 2469,3457 2513,3457 2558,3457 2603,3460 2648,3457 2692,3457 2737,3457 2782,3457 2827,3463 2836,3463"/>
                <TextEquiv>
                    <Unicode>Alb: Das frischt mich auf, Das sind</Unicode>
                </TextEquiv>
            </TextLine>
            <TextLine id="tr_1_tl_16" custom="readingOrder {index:15;}">
                <Coords points="1214,3636 2007,3701 2908,3669 2908,3531 2009,3531 1869,3589 1214,3531"/>
                <Baseline points="1227,3612 1271,3609 1316,3612 1361,3612 1406,3612 1450,3612 1495,3612 1540,3612 1585,3612 1630,3615 1674,3612 1719,3612 1764,3615 1809,3615 1854,3618 1898,3618 1943,3618 1988,3618 2033,3618 2077,3618 2122,3618 2167,3615 2212,3615 2257,3615 2301,3615 2346,3615 2391,3615 2436,3615 2480,3615 2525,3615 2570,3618 2615,3615 2660,3615 2704,3618 2749,3618 2794,3615 2839,3612 2884,3612 2913,3618"/>
                <TextEquiv>
                    <Unicode>Verehrerinnen, die mich eben nur aus</Unicode>
                </TextEquiv>
            </TextLine>
            <TextLine id="tr_1_tl_17" custom="readingOrder {index:16;}">
                <Coords points="1239,3785 1645,3811 1760,3764 1886,3820 2187,3823 2509,3783 2854,3834 2854,3676 1239,3697"/>
                <Baseline points="1253,3746 1298,3743 1343,3743 1388,3746 1433,3746 1477,3746 1522,3749 1567,3749 1612,3746 1656,3743 1701,3746 1746,3746 1791,3749 1836,3749 1880,3749 1925,3752 1970,3752 2015,3749 2060,3749 2104,3749 2149,3752 2194,3752 2239,3752 2283,3752 2328,3752 2373,3755 2418,3755 2463,3755 2507,3755 2552,3755 2597,3755 2642,3755 2686,3755 2731,3755 2776,3758 2821,3758 2860,3758"/>
                <TextEquiv>
                    <Unicode>meinen Werken kennen und mit denen</Unicode>
                </TextEquiv>
            </TextLine>
        </TextRegion>
    </Page>
</PcGts>
