3448 4168
2289 490 2474 643 178
1097 609 2905 855 Amad: :hin und her: Nein, es ist zu
1304 774 2939 1023 viel! Ich verdien es gar nicht!...
1309 897 2989 1136 :Zur Türe rechts. Hält inne: Nein.
1298 1057 2912 1336 Ich rede kein Wort. Ich bin begie-
1320 1239 2973 1471 rig, wie lang sie dieses Spiel noch
1331 1363 2845 1630 treiben wird... Ich rede nichts.
1212 1666 2941 1920 Der Bub und das Fräulein, zum Spazie-
1228 1900 2001 2109 rengehen bereit.
1241 2001 3056 2242 Amad : Na, woh in dem? Hast du denn der
1376 2195 2534 2395 Mama schon adieu gesagt?
1259 2325 2986 2566 Fräulein: Ja, wir waren eben im Zim-
1408 2442 3090 2712 mer der gnädigen Frau. Sie ist schon
1430 2656 2584 2878 zum Fortgehen angezogen.
