3416 4088
1165 455 3050 683 zu kümmern, steht auf u. nimmt ein Noten-
1178 670 2315 839 blatt u. schreibt darauf:
992 782 2983 1039 Frid: Und es ist Ihnen gar nicht so unan-
1187 955 2879 1163 genehm, das zu hören. Ich liebe Sie
1145 1056 3092 1368 und weder Ihr Grobheit noch Ihre Gleich-
1205 1239 2882 1502 giltigkeit wird Ihnen im geringsten
1207 1393 3038 1660 helfen. Wenn ich mir etwas in den Kopf
1227 1549 3092 1798 gesetzt habe, so geschieht es. Ich kann
1202 1704 2954 1964 das umso bestimmter behaupten, als es
527 1823 980 2011 Und davon
1239 1880 2917 2137 heute niemanden auf der Welt gibt -
500 1977 1012 2125 wird es mir
1264 2028 3119 2288 nicht einmal den Direktor (der doch, wie
599 2051 975 2333 nicht.
1281 2187 3100 2447 Sie sehr gut wissen, meinetwegen einen
1306 2323 3171 2620 Selbstmordversuch gemacht hat J, nieman
401 2385 1084 2664 Wm. Landfrau
1319 2494 3132 2795 den, der mich mehr liebt, als Sie mich
1158 2810 3149 3114 Amad: :komponiert weiter: Sie sind eine
1333 2783 1704 2929 lieben.
1363 3085 1749 3258 Närrin.
1197 3095 3107 3429 Fried: Warum also wehren Sie sich gegen
1403 3317 2093 3584 Ihr Schicksal?
