3448 4136
2652 364 2784 573 19
1127 598 2794 774 bleiben. Es kommt immer nur auf die
1122 723 2978 916 Durchführung an. Sie morden ja nur ihn.
1127 875 2975 1094 Die Wunderspiegel bleiben ja da... Oder
1135 1033 2894 1234 halt nur ein einziger!... Ja, das ist
1150 1186 2863 1420 famos. Um den dreht sich dann alles.
967 1356 2873 1563 Amad: Mensch, du ermüdest mich. Wenn du
1155 1524 3006 1748 nur ruhiger erzählen könntest! Ich habe
1120 1682 3059 1906 heute bereits drei Korrepetitionen hinter
1125 1840 3018 2072 mir. Eine Tristan - eine Verkaufte Braut
1280 2033 1855 2219 eine Isolde!
949 2161 2973 2372 Al b: Letzterer bin ich auf der Treppe be-
1245 2390 1591 2553 gegnet.
1008 2438 3059 2703 Amad: So entschuldige mich und verschieben
1219 2619 2779 2861 wir diese Besprechung auf morgen.
1026 2774 2894 3021 Alb: Wie du meinst; mir kann es gleich
1275 2927 3044 3184 sein. Ich schreibe indessen an meinem
1232 3034 3092 3314 Roman, an meiner Tragödie und an meinem
1143 3275 2145 3482 Märchencjklus weiter.
1066 3408 3062 3622 Amad: Donnerwetter, du hast aber viel auf
1267 3614 1792 3825 einmal vor!
