3512 4152
2676 474 2852 618 149
1325 641 2985 842 Amad: Dein Stück wird durchfallen.
1330 787 3076 1009 Alb: Gewiss; wenn ich mir einen Hel¬
1485 936 3108 1160 den wählte, der so konfus wäre wie
1495 1089 3184 1300 du. Ich würde ihn aber stärker, mäm
1490 1243 3019 1414 licher - kurz und gut, ich würde
1602 1380 1691 1456 let
1501 1389 2781 1614 ihn konsequenter gestalten.
1376 1554 3207 1744 Amad: Als der liebe Gott mich geschaf¬
1506 1765 1913 1925 fen hat.
1378 1840 3225 2067 Alb: Die Konkurrenz ist noch auszuhal
1529 2085 1735 2216 ten.
1398 2165 2998 2360 Amad: Aber es handelt sich darum,
1545 2312 3191 2508 dass ich mich nicht töten und über¬
1540 2458 3207 2671 haupt nicht zugrunde gehen, sondern
1552 2611 3172 2827 weiterleben will. Und das kann ich
1552 2799 3168 2996 nur, wenn ich diesen Menschen, der
1614 2923 3195 3122 eine Erinnerung hat, die er nicht
1561 3108 3049 3319 haben darf, aus dem Wege räume.
1419 3261 3115 3483 Alb: Es müsste ja genügen, wenn du
1588 3424 3122 3605 einfach seine Erinnerung aus dem
1586 3600 2177 3808 Wege räumst.
