3432 4120
2511 489 2630 686 93
1204 654 2849 853 ich mich philosophisch oder graziös
1245 814 2925 998 über meine Werke und minder wichtige
1245 972 2806 1132 Dinge brieflich ausspreche. Aber
1249 1104 2899 1271 die lerne ich nicht kennen... Darum
1195 1271 2931 1422 hab' ich ja geheiratet, damit ich sol-
1206 1394 2882 1587 che Weiber nicht mehr kennen zu ler-
1238 1548 2931 1743 nen brauche. Ich weiss aus Erfahrung
1234 1728 2895 1890 wie alle philosophischen Interessen
1225 1884 2793 2039 zum Teufel gehen, wenn man einmal
1225 2018 2873 2180 mit einander ins Bett gefallen ist.
1221 2182 2914 2334 Darum trenn ich diese beiden Gebie-
1230 2321 2901 2475 te meiner Existenz mit Folgerichtig-
1221 2472 2866 2633 keit und Ueberzeugung. - Nein, dar-
1184 2611 2892 2780 auf geh' ich nicht ein! Was für Unbe-
1189 2780 2910 2925 Quemlichkeiten, von allem andern abge
1225 2914 2782 3089 sehen. Man verlöre seine kostbare
1212 3098 2830 3254 Zeit, man hätte wieder Rendez-veus
1219 3258 2858 3410 zuerst auf der Strasse, dann in ei-
1215 3416 2925 3548 nem Absteigquartier, würde von eifer-
1221 3522 2834 3724 süchtigen Gatten verfolgt, von hys-
1260 3674 2875 3836 terischen Weibern mit Vitriol ange-
