3480 4120
2714 320 2859 497 87
1150 527 2877 713 Alb: Die Frage ist nur, wie man die
1306 699 2882 860 Sache abschliesst. Der Anfang ist
1329 830 3013 1021 ja gegeben - aber wie geht die Sache
1283 1003 3029 1173 aus? Das müsste man doch wol noch ab-
1327 1212 1688 1380 warten.
1201 1288 2999 1500 Amod: Abwarten?... Kannst du denn gar
1350 1483 2454 1667 nichts selber erfinden?
1175 1589 2928 1822 Alb: Es könnte ja nach verschiedenen
1366 1743 2921 1941 Richtungen gehen. Was meinen per-
1382 1909 2939 2104 sönlichen Geschmack anbelangt, so
1385 2006 3126 2279 bin ich für einen tragischen Schluss.
1385 2233 2539 2420 Du musst dich umbringen.
1274 2341 2992 2578 Amad: Ich denke nicht dran. Ich hab'
1401 2523 3011 2719 mich in meinem Leben noch nicht se
1421 2712 2047 2926 wohl gefühlt.
1293 2801 3144 3045 Alb: Ach, was du machst als existieren-
1447 2981 3167 3211 des Individuum, ist mir ja ganz ogal!
1440 3167 3061 3340 Aber so wie ich dich als Figur vor
1454 3291 3080 3503 mir sehe, kann ich gar nichts Ande-
1465 3445 2978 3666 res mit dir anfangen: - du musst
1433 3586 2893 3795 sterben. Es muss übrigens nicht
