3512 4152
2684 368 2870 505 150
1400 547 2921 734 Amad: Was ist das für eine neue
1550 705 2322 837 Spitzfindigkeit?
1409 839 3121 1012 Alb: Es ist dir gewiss bekannt: Wie
1593 998 3038 1173 man in ein menschliches Gehirn
1571 1147 3240 1308 durch Hypnose Dinge, Schicksale, Er¬
1562 1281 3083 1472 lebnisse hineinbringen kann, die
1577 1470 3112 1613 sich nie ereignet haben, so kann
1577 1589 3159 1759 man das Gedächtnis auch teilweise
1584 1793 2161 1948 ausschalten.
1458 1912 3206 2069 Amad: Also was willst du eigentlich?
1589 2064 3132 2226 Soll ich Sigismund zu einem Arzt
1600 2224 3227 2378 bringen und diese Operation an ihm
1618 2410 2434 2551 vornehmen lassen?
1483 2538 3285 2692 Alb: Dabei ist es nicht einmal sicher,
1627 2699 3130 2854 dass er es sich gefallen liesse.
1485 2836 3235 3018 Amad: Also du siehst ein: ihn selber
1629 2998 3029 3177 muss ich aus dem Wege räumen.
1492 3150 3215 3330 Alb: Interessanterweise scheinst du
1640 3301 3209 3473 auch nicht im Traum daran zu den-
1651 3480 3229 3662 ken, dass die Sache auch für dich
1663 3646 2692 3817 schlimm enden könnte.
