3368 4024
2764 334 2937 470 1a.
1294 523 3025 727 gen, wenn ich einmal nach Mitternacht
1336 671 2941 881 nach Hause komme - und du brauchst
1348 820 2899 1026 dich auch nicht zu rechtfertigen.
1210 953 2990 1187 Amad: Das fällt mir ja gar nicht ein.
1357 1140 3018 1313 Ich konstatiere nur Tatsachen. - An
1378 1299 2962 1498 diesem Abend bin ich bis nach Mit-
1378 1427 3021 1638 ternacht allein herumgelaufen; weil
1385 1572 3049 1790 ich eben allein sein wollte. Es ist
1399 1724 3058 1939 ja begreiflich, dass man sich zuwei-
1402 1874 3126 2121 len sammeln muss und allem zu entkom-
642 1951 1304 2154 I am herroplat...
1402 2047 3065 2299 men sucht - Weibern und den eigenen
1420 2280 1738 2444 Ideen.
1304 2369 3135 2591 Cäc: Aber war es nicht ausgemacht, dass
1451 2509 3105 2738 du gerade in solchen Stunden zu mir
1455 2640 3124 2902 flüchten solltest? bin ich nicht se-
1462 2764 3030 3060 zusagen deine bessere Einsamkeit?
1334 2925 3219 3203 Amad: Du bist sehr gut. :Er küsst ihr
1507 3203 1937 3348 die Hand:
1315 3294 2927 3474 Cäc: Was hat, das mit Giite zu tun?
1371 3406 3224 3595 Amad: Du bist sehr gut. Ich bin so ner-
