3448 4120
2901 316 3007 490 51
1415 470 2892 704 vielleicht doch früher besuchen
1424 687 1901 828 sollte...
1289 784 3038 962 Cäc: Ja, natürlich schreiben wir uns
1466 965 3066 1115 alles... Aber es wird mir genügen,
1433 1053 3126 1296 wenn ich weiss, dass du in Waldbrunn
1435 1298 2210 1428 angekommen bist.
1305 1391 3084 1583 Amad: Ja. /: Sie sehen einander lange
530 1435 1227 1682 Siehe ersinnige
329 1585 1210 1810 Mariin st. i.g. ist mit
320 1693 1172 1929 an d'entricht. 4.7
313 1777 1336 2020 auch nicht voristig“. So
307 1927 1289 2161 wie die wäre auf den und
305 2135 570 2283 bezahlen
1441 1587 2978 1717 an. Plötzlich geht er auf sie zu
1457 1720 2951 1898 und schliesst sie in seine Arme:
1457 1883 3066 2060 Geliebte, leb' wohl. : Dann nimmt
1464 2013 2936 2225 er ihre Hand und schüttelt sie:
1466 2185 2837 2366 Freundin, sei mir gegrüsst. -
1459 2336 3108 2528 Nun, wir wollen die Zeit nicht ver-
1475 2466 3082 2667 geuden. Das Lied..:Er präludiert
1466 2623 3060 2810 Ja, was ich dir sagen wollte. Den
1483 2817 2901 2976 Anfang nimmst du für meine Emp
1479 2971 3170 3106 findung ein bisschen zu sentimental.
1488 3110 3150 3309 Es ist etwas gehaltener, - ungefähr
1490 3267 3121 3444 so... :Er singt:
1506 3419 2912 3585 dir zu geh'n beschloss ich...
1355 3605 1978 3781 Cac: |:singt:
