<?xml version="1.0" encoding="UTF-8" standalone="yes"?>
<PcGts xmlns="http://schema.primaresearch.org/PAGE/gts/pagecontent/2013-07-15" xmlns:xsi="http://www.w3.org/2001/XMLSchema-instance" xsi:schemaLocation="http://schema.primaresearch.org/PAGE/gts/pagecontent/2013-07-15 http://schema.primaresearch.org/PAGE/gts/pagecontent/2013-07-15/pagecontent.xsd">
    <Metadata>
        <Creator>prov=READ-COOP:name=TrHtr:version=2.1.0:model_id=51170:date=29_07_2023_16:32</Creator>
        <Created>2023-05-10T13:04:48.665+02:00</Created>
        <LastChange>2023-07-29T16:32:17.772+02:00</LastChange>
        <TranskribusMetadata docId="1428560" pageId="55407981" pageNr="66" tsid="131449118" status="IN_PROGRESS" userId="64420" imgUrl="https://files.transkribus.eu/Get?id=AHPZEAXZHVMFJSOJTOGGEFEM&amp;fileType=view" xmlUrl="https://files.transkribus.eu/Get?id=TCHZHEDZKNYDNMOJELQZELTU" imageId="44682127"/>
    </Metadata>
    <Page imageFilename="1428560_0066.jpg" imageWidth="3400" imageHeight="4088">
        <ReadingOrder>
            <OrderedGroup id="ro_1711794778053" caption="Regions reading order">
                <RegionRefIndexed index="0" regionRef="tr_2"/>
                <RegionRefIndexed index="1" regionRef="tr_1"/>
            </OrderedGroup>
        </ReadingOrder>
        <TextRegion id="tr_2" custom="readingOrder {index:0;}">
            <Coords points="1193,564 3097,564 3097,1600 1193,1600"/>
            <TextLine id="tr_2_tl_1" custom="readingOrder {index:0;}">
                <Coords points="1179,662 2012,688 2731,623 2801,667 2881,634 2886,489 1777,553 1185,499"/>
                <Baseline points="1193,665 1232,662 1277,659 1321,659 1366,656 1411,653 1456,653 1500,653 1545,653 1590,653 1635,647 1679,647 1724,644 1769,644 1814,644 1858,644 1903,644 1948,641 1993,638 2038,638 2082,632 2127,629 2172,629 2217,629 2261,629 2306,629 2351,626 2396,623 2440,623 2485,620 2530,620 2575,617 2619,617 2664,614 2709,617 2754,617 2798,617 2843,614 2888,620"/>
                <TextEquiv>
                    <Unicode>mitgeteilt habe, m¬ dem St mich ge¬</Unicode>
                </TextEquiv>
            </TextLine>
            <TextLine id="tr_2_tl_2" custom="readingOrder {index:1;}">
                <Coords points="1190,843 2990,807 3028,701 2754,727 2222,641 2095,701 1720,652 1567,722 1195,703"/>
                <Baseline points="1205,814 1211,817 1256,814 1300,814 1345,811 1390,811 1405,808 1420,808 1465,805 1509,802 1554,805 1599,802 1644,802 1688,799 1733,799 1778,799 1823,799 1867,796 1912,799 1957,796 2002,799 2046,793 2091,790 2136,787 2181,784 2226,784 2270,784 2315,781 2360,781 2405,778 2449,775 2494,775 2539,775 2584,775 2628,772 2673,769 2718,766 2763,766 2807,766 2852,763 2897,763 2942,760 2986,757 3031,760"/>
                <TextEquiv>
                    <Unicode>lang-eilt heben, so bekannt i-t mir i-</Unicode>
                </TextEquiv>
            </TextLine>
            <TextLine id="tr_2_tl_3" custom="readingOrder {index:2;}">
                <Coords points="1187,993 2656,978 2803,939 2806,828 2638,804 2377,900 2227,835 1960,908 1461,838 1190,887"/>
                <Baseline points="1202,969 1244,969 1289,969 1333,969 1378,972 1423,966 1468,966 1512,963 1557,963 1602,963 1647,960 1691,957 1736,957 1781,954 1826,954 1870,954 1915,954 1960,954 2005,951 2049,951 2094,945 2139,945 2184,942 2229,939 2273,939 2318,933 2363,933 2408,933 2452,933 2497,930 2542,930 2587,930 2631,928 2676,925 2721,925 2766,922 2810,922"/>
                <TextEquiv>
                    <Unicode>de Silbe, die Sigismand - oder Ihr</Unicode>
                </TextEquiv>
            </TextLine>
            <TextLine id="tr_2_tl_4" custom="readingOrder {index:3;}">
                <Coords points="1200,1169 1547,1117 2651,1135 2992,1099 2995,1022 2224,962 1203,1042"/>
                <Baseline points="1214,1127 1253,1127 1298,1124 1342,1124 1387,1121 1432,1118 1477,1118 1521,1115 1566,1118 1611,1115 1656,1113 1700,1113 1745,1110 1790,1110 1835,1107 1879,1107 1924,1107 1969,1107 2014,1107 2058,1107 2103,1107 2148,1104 2193,1101 2237,1098 2282,1095 2327,1095 2372,1092 2416,1092 2461,1089 2506,1086 2551,1086 2596,1083 2640,1080 2685,1083 2730,1080 2775,1077 2819,1077 2864,1071 2909,1074 2954,1071 2998,1071"/>
                <TextEquiv>
                    <Unicode>schöner Herr Salegg, oder unser werter</Unicode>
                </TextEquiv>
            </TextLine>
            <TextLine id="tr_2_tl_5" custom="readingOrder {index:4;}">
                <Coords points="1197,1301 2907,1270 2930,1128 2428,1128 2185,1190 1971,1153 1722,1234 1203,1169"/>
                <Baseline points="1214,1280 1232,1280 1277,1280 1321,1277 1366,1274 1411,1274 1456,1274 1500,1274 1545,1271 1590,1271 1635,1265 1679,1265 1724,1268 1769,1265 1814,1262 1858,1262 1903,1259 1948,1262 1993,1256 2038,1256 2082,1256 2127,1253 2172,1253 2217,1250 2261,1247 2306,1247 2351,1244 2396,1247 2440,1244 2485,1241 2530,1241 2575,1238 2619,1235 2664,1235 2709,1235 2754,1232 2798,1232 2843,1229 2888,1226 2933,1232"/>
                <TextEquiv>
                    <Unicode>Direktor - zu meiner Frau gesprochen</Unicode>
                </TextEquiv>
            </TextLine>
            <TextLine id="tr_2_tl_6" custom="readingOrder {index:5;}">
                <Coords points="1200,1461 2829,1410 2922,1391 2925,1335 2366,1314 2232,1378 2025,1301 1841,1378 1632,1319 1203,1358"/>
                <Baseline points="1214,1435 1229,1441 1274,1438 1318,1438 1363,1435 1408,1432 1453,1432 1497,1432 1542,1429 1587,1429 1632,1426 1676,1423 1721,1420 1766,1420 1811,1417 1856,1417 1900,1414 1945,1414 1990,1414 2035,1414 2079,1411 2124,1411 2169,1408 2214,1408 2258,1405 2303,1405 2348,1405 2393,1402 2437,1402 2482,1399 2527,1396 2572,1393 2616,1390 2661,1390 2706,1387 2751,1384 2795,1384 2840,1384 2885,1381 2930,1381"/>
                <TextEquiv>
                    <Unicode>haben. Ich bezweifle, dass Sie Ihrem</Unicode>
                </TextEquiv>
            </TextLine>
            <TextLine id="tr_2_tl_7" custom="readingOrder {index:6;}">
                <Coords points="1218,1603 3054,1567 3096,1456 1221,1534"/>
                <Baseline points="1232,1587 1262,1590 1306,1590 1351,1590 1396,1590 1441,1590 1486,1590 1530,1587 1575,1584 1620,1584 1665,1578 1709,1581 1754,1578 1799,1578 1844,1575 1888,1575 1933,1572 1978,1572 2023,1569 2067,1569 2112,1566 2157,1566 2202,1563 2246,1563 2291,1560 2336,1560 2381,1557 2425,1557 2470,1554 2515,1554 2560,1551 2604,1548 2649,1548 2694,1548 2739,1545 2784,1542 2828,1539 2873,1539 2918,1539 2963,1536 3007,1536 3052,1536 3097,1536"/>
                <TextEquiv>
                    <Unicode>Gatten gegenüber ebenso aufrichtig sind.</Unicode>
                </TextEquiv>
            </TextLine>
        </TextRegion>
        <TextRegion id="tr_1" custom="readingOrder {index:1;}">
            <Coords points="1050,1644 3195,1644 3195,3751 1050,3751"/>
            <TextLine id="tr_1_tl_1" custom="readingOrder {index:0;}">
                <Coords points="1032,1777 2695,1704 2985,1748 3031,1585 1037,1699"/>
                <Baseline points="1050,1766 1062,1763 1107,1766 1151,1763 1196,1763 1241,1760 1286,1763 1330,1760 1375,1757 1420,1754 1465,1751 1509,1751 1554,1748 1599,1748 1644,1745 1688,1742 1733,1739 1778,1739 1823,1739 1867,1736 1912,1733 1957,1733 2002,1730 2046,1730 2091,1724 2136,1727 2181,1724 2226,1721 2270,1718 2315,1715 2360,1715 2405,1712 2449,1709 2494,1709 2539,1709 2584,1706 2628,1703 2673,1703 2718,1703 2763,1703 2807,1700 2852,1697 2897,1697 2942,1694 2986,1700 3031,1697"/>
                <TextEquiv>
                    <Unicode>Fried: Das wäre auch eine (nichtige Sache.)</Unicode>
                </TextEquiv>
            </TextLine>
            <TextLine id="tr_1_tl_2" custom="readingOrder {index:1;}">
                <Coords points="1218,1973 2491,1875 2672,1932 2941,1888 2943,1766 2716,1826 2338,1751 2043,1839 1223,1839"/>
                <Baseline points="1235,1918 1244,1918 1289,1915 1333,1915 1378,1915 1423,1912 1468,1909 1512,1906 1557,1906 1602,1903 1647,1903 1691,1900 1736,1897 1781,1894 1826,1894 1870,1894 1915,1891 1960,1888 2005,1888 2049,1888 2094,1885 2139,1882 2184,1879 2229,1879 2273,1879 2318,1876 2363,1873 2408,1870 2452,1870 2497,1867 2542,1867 2587,1867 2631,1867 2676,1867 2721,1864 2766,1864 2810,1861 2855,1858 2900,1853 2945,1853"/>
                <TextEquiv>
                    <Unicode>Mein Mann ist sehr eifersüchtig, und</Unicode>
                </TextEquiv>
            </TextLine>
            <TextLine id="tr_1_tl_3" custom="readingOrder {index:2;}">
                <Coords points="1179,2108 2563,2066 2992,2017 2997,1911 2661,1976 1185,1994"/>
                <Baseline points="1196,2079 1205,2079 1250,2079 1295,2073 1339,2073 1384,2073 1429,2070 1474,2064 1518,2061 1563,2058 1608,2058 1653,2055 1697,2052 1742,2049 1787,2052 1832,2049 1876,2046 1921,2046 1966,2044 2011,2041 2055,2041 2100,2041 2145,2038 2190,2035 2234,2032 2279,2032 2324,2032 2369,2029 2414,2029 2458,2026 2503,2026 2548,2023 2593,2023 2637,2020 2682,2017 2727,2014 2772,2011 2816,2008 2861,2008 2906,2005 2951,2005 2995,2002"/>
                <TextEquiv>
                    <Unicode>ich wäre ebenso herzlos als dunm, wenn</Unicode>
                </TextEquiv>
            </TextLine>
            <TextLine id="tr_1_tl_4" custom="readingOrder {index:3;}">
                <Coords points="1234,2253 2837,2211 3067,2175 3070,2108 2436,2144 2222,2097 2043,2160 1911,2095 1239,2167"/>
                <Baseline points="1250,2231 1286,2231 1330,2229 1375,2229 1420,2226 1465,2223 1509,2223 1554,2220 1599,2220 1644,2214 1688,2214 1733,2211 1778,2208 1823,2205 1867,2205 1912,2205 1957,2202 2002,2199 2046,2199 2091,2196 2136,2196 2181,2193 2226,2190 2270,2190 2315,2187 2360,2187 2405,2187 2449,2187 2494,2181 2539,2181 2584,2178 2628,2175 2673,2172 2718,2169 2763,2166 2807,2166 2852,2166 2897,2163 2942,2163 2986,2163 3031,2160 3076,2157"/>
                <TextEquiv>
                    <Unicode>ich ihm Kummer bereitete. Ausserdem ist</Unicode>
                </TextEquiv>
            </TextLine>
            <TextLine id="tr_1_tl_5" custom="readingOrder {index:4;}">
                <Coords points="1254,2416 2739,2382 3049,2343 3052,2271 2397,2219 2196,2289 2105,2247 1260,2299"/>
                <Baseline points="1268,2390 1309,2390 1354,2387 1399,2384 1444,2384 1488,2381 1533,2381 1578,2375 1623,2372 1668,2372 1712,2369 1757,2369 1802,2369 1847,2366 1891,2366 1936,2366 1981,2366 2026,2363 2070,2360 2115,2357 2160,2354 2205,2351 2249,2348 2294,2348 2339,2345 2384,2345 2428,2342 2473,2342 2518,2339 2563,2336 2607,2333 2652,2330 2697,2330 2742,2327 2787,2324 2831,2324 2876,2324 2921,2321 2966,2318 3010,2318 3055,2315"/>
                <TextEquiv>
                    <Unicode>er Bankbeamter, kännnte sich einmal im</Unicode>
                </TextEquiv>
            </TextLine>
            <TextLine id="tr_1_tl_6" custom="readingOrder {index:5;}">
                <Coords points="1241,2566 2871,2509 3018,2485 3021,2410 2454,2405 2312,2478 2136,2423 1924,2483 1588,2431 1247,2475"/>
                <Baseline points="1259,2548 1280,2548 1324,2548 1369,2545 1414,2542 1459,2539 1503,2539 1548,2533 1593,2533 1638,2533 1682,2530 1727,2527 1772,2524 1817,2524 1861,2521 1906,2521 1951,2518 1996,2518 2041,2515 2085,2515 2130,2512 2175,2509 2220,2506 2264,2503 2309,2506 2354,2500 2399,2500 2443,2497 2488,2494 2533,2491 2578,2491 2622,2488 2667,2485 2712,2482 2757,2482 2801,2482 2846,2479 2891,2476 2936,2476 2980,2473 3025,2467"/>
                <TextEquiv>
                    <Unicode>addieren irren und ich müsste die Dif-</Unicode>
                </TextEquiv>
            </TextLine>
            <TextLine id="tr_1_tl_7" custom="readingOrder {index:6;}">
                <Coords points="1260,2718 2772,2677 2775,2612 2602,2547 2297,2540 1265,2625"/>
                <Baseline points="1274,2700 1303,2700 1348,2697 1393,2697 1438,2697 1483,2694 1527,2697 1572,2694 1617,2688 1662,2685 1706,2685 1751,2685 1796,2682 1841,2679 1885,2679 1930,2676 1975,2670 2020,2670 2064,2667 2109,2667 2154,2664 2199,2661 2243,2658 2288,2658 2333,2658 2378,2655 2422,2658 2467,2652 2512,2649 2557,2646 2601,2646 2646,2646 2691,2643 2736,2643 2781,2646"/>
                <TextEquiv>
                    <Unicode>ferenz von meiner Gage bezahlen.</Unicode>
                </TextEquiv>
            </TextLine>
            <TextLine id="tr_1_tl_8" custom="readingOrder {index:7;}">
                <Coords points="1066,2884 2638,2806 2791,2904 2930,2803 2938,2666 1068,2816"/>
                <Baseline points="1083,2864 1101,2864 1145,2864 1190,2861 1235,2858 1280,2858 1324,2858 1369,2852 1414,2852 1459,2849 1503,2849 1548,2846 1593,2843 1638,2840 1682,2840 1727,2837 1772,2837 1817,2834 1861,2831 1906,2828 1951,2825 1996,2822 2041,2822 2085,2819 2130,2819 2175,2816 2220,2819 2264,2813 2309,2813 2354,2810 2399,2807 2443,2804 2488,2804 2533,2801 2578,2801 2622,2801 2667,2798 2712,2795 2757,2792 2801,2792 2846,2792 2891,2789 2936,2789"/>
                <TextEquiv>
                    <Unicode>Amad: Ein entzückendes VerhältnisKIch</Unicode>
                </TextEquiv>
            </TextLine>
            <TextLine id="tr_1_tl_9" custom="readingOrder {index:8;}">
                <Coords points="1272,3026 2822,2979 2871,2969 2876,2881 2778,2907 2589,2822 1955,2897 1797,2842 1552,2922 1275,2930"/>
                <Baseline points="1286,3007 1312,3004 1357,3007 1402,3004 1447,3004 1491,3001 1536,3001 1581,2998 1626,2998 1671,2992 1715,2989 1760,2989 1805,2986 1850,2983 1894,2983 1939,2983 1984,2980 2029,2977 2073,2977 2118,2977 2163,2974 2208,2974 2252,2972 2297,2969 2342,2969 2387,2966 2431,2963 2476,2960 2521,2957 2566,2957 2610,2954 2655,2954 2700,2951 2745,2951 2789,2948 2834,2948 2879,2948"/>
                <TextEquiv>
                    <Unicode>finde Sie erbärmlich, meine Liebe.</Unicode>
                </TextEquiv>
            </TextLine>
            <TextLine id="tr_1_tl_10" custom="readingOrder {index:9;}">
                <Coords points="1102,3191 2713,3153 2899,3137 2904,3047 2441,2977 1472,3041 1342,3104 1107,3072"/>
                <Baseline points="1115,3171 1160,3171 1205,3171 1250,3168 1295,3168 1339,3168 1384,3165 1429,3162 1474,3162 1518,3159 1563,3159 1608,3157 1653,3154 1697,3151 1742,3148 1787,3145 1832,3145 1876,3139 1921,3136 1966,3139 2011,3139 2055,3136 2100,3136 2145,3133 2190,3130 2234,3130 2279,3127 2324,3127 2369,3124 2414,3121 2458,3118 2503,3118 2548,3115 2593,3115 2637,3112 2682,3109 2727,3109 2772,3106 2816,3103 2861,3103 2906,3109"/>
                <TextEquiv>
                    <Unicode>Fried: Möglicherweise haben Sie Recht</Unicode>
                </TextEquiv>
            </TextLine>
            <TextLine id="tr_1_tl_11" custom="readingOrder {index:10;}">
                <Coords points="1275,3334 2690,3316 2990,3279 2992,3207 2183,3145 2061,3199 1280,3210"/>
                <Baseline points="1289,3318 1298,3318 1342,3315 1387,3312 1432,3312 1477,3312 1521,3306 1566,3306 1611,3303 1656,3300 1700,3300 1745,3294 1790,3294 1835,3291 1879,3291 1924,3291 1969,3291 2014,3291 2058,3288 2103,3285 2148,3285 2193,3285 2237,3282 2282,3279 2327,3276 2372,3273 2416,3273 2461,3270 2506,3270 2551,3267 2596,3264 2640,3261 2685,3264 2730,3261 2775,3258 2819,3255 2864,3255 2909,3252 2954,3252 2998,3249"/>
                <TextEquiv>
                    <Unicode>aber Sie werden mir zugestehen, dass</Unicode>
                </TextEquiv>
            </TextLine>
            <TextLine id="tr_1_tl_12" custom="readingOrder {index:11;}">
                <Coords points="1335,3504 2527,3422 2850,3463 3155,3427 3158,3357 2822,3282 1340,3372"/>
                <Baseline points="1348,3467 1372,3467 1417,3464 1462,3464 1506,3458 1551,3455 1596,3455 1641,3455 1685,3452 1730,3452 1775,3446 1820,3443 1864,3443 1909,3443 1954,3440 1999,3440 2044,3437 2088,3434 2133,3434 2178,3431 2223,3428 2267,3428 2312,3428 2357,3425 2402,3422 2446,3422 2491,3419 2536,3416 2581,3416 2625,3413 2670,3413 2715,3410 2760,3410 2804,3407 2849,3407 2894,3404 2939,3404 2983,3401 3028,3401 3073,3401 3118,3398 3162,3398"/>
                <TextEquiv>
                    <Unicode>diese Art von Erbärmlichkeit eine ziem-</Unicode>
                </TextEquiv>
            </TextLine>
            <TextLine id="tr_1_tl_13" custom="readingOrder {index:12;}">
                <Coords points="1288,3626 1536,3685 1645,3631 1720,3665 2053,3597 2198,3613 2232,3605 2235,3515 1976,3494 1867,3551 1697,3564 1585,3512 1433,3556 1291,3535"/>
                <Baseline points="1303,3619 1342,3616 1387,3616 1432,3613 1477,3613 1521,3613 1566,3610 1611,3607 1656,3607 1700,3607 1745,3604 1790,3604 1835,3601 1879,3601 1924,3598 1969,3598 2014,3595 2058,3592 2103,3592 2148,3592 2193,3592 2237,3595"/>
                <TextEquiv>
                    <Unicode>lich allgemeine ist.</Unicode>
                </TextEquiv>
            </TextLine>
            <TextLine id="tr_1_tl_14" custom="readingOrder {index:13;}">
                <Coords points="1112,3773 3186,3745 3189,3634 1115,3691"/>
                <Baseline points="1127,3741 1136,3738 1181,3741 1226,3741 1271,3741 1315,3738 1360,3738 1405,3735 1450,3735 1494,3735 1539,3732 1584,3732 1629,3729 1673,3729 1718,3729 1763,3726 1808,3726 1853,3729 1897,3726 1942,3723 1987,3723 2032,3720 2076,3720 2121,3717 2166,3717 2211,3717 2255,3717 2300,3715 2345,3715 2390,3715 2434,3712 2479,3712 2524,3709 2569,3709 2613,3709 2658,3706 2703,3706 2748,3703 2792,3703 2837,3703 2882,3703 2927,3703 2972,3700 3016,3697 3061,3697 3106,3697 3151,3697 3195,3697"/>
                <TextEquiv>
                    <Unicode>Amad: Menschen, die einander nicht mehr die</Unicode>
                </TextEquiv>
            </TextLine>
        </TextRegion>
    </Page>
</PcGts>
