3448 4216
2756 676 2987 889 196/3
1163 899 2746 1098 könnte.
2847 1033 2972 1113 a e c
1008 1015 2817 1161 Und jetzt.. jetzl nicht mehr.
942 1100 2960 1249 Amadeus: Cäcilie, es ist ja nicht möglich!
2025 1221 2299 1301 sein
1397 1211 1997 1319 kann ja
1178 1266 2935 1432 Es ist ja nicht möglich, dass wir uns
1186 1394 2942 1580 wirklich verlassen sollen! wie Fremde
1186 1565 2990 1726 voneinander gehn! Jetzt stehen wir ein
1198 1703 2965 1879 ander Aug in Aug gegenüber, spüren je-
1198 1854 2849 2063 der des andern Nähe, drum fühlst du
2203 1972 2497 2080 wurde
1196 2050 2909 2186 nicht, was es bedeutet. Bedenke, was
1198 2178 2962 2324 sich alles während einer solchen Tren
1198 2319 2902 2477 nung ereignen könnte, während seiner
1201 2502 2922 2638 langen so langen, so pflichtenlosen
1198 2666 2960 2819 in deinem und auch in meinem Leben er¬
1206 2796 2917 2962 eignen könnte... Dinge, die du heute
1201 2937 2874 3151 noch gar nicht ahnen kannst und die
1201 3128 2766 3254 nie, nie wieder gutzumachen sind.
987 3294 2972 3404 Cäcilie: Schlimmere doch nicht, als schon
2766 3369 3033 3570 ander
1214 3392 2714 3598 geschehen sind. Darauf, ob man
1216 3568 3012 3711 bleibt, was die Leute so nennen, kommt
