3432 4120
2733 417 2855 612 26
1041 630 2830 833 schweigen wie jeden Brief, den ich be-
1097 780 3043 988 komme - oder einen zärtlichen Blick, oder
2644 912 2769 1107 F
1115 955 2540 1125 eine Regung, die ich empfinde.
340 988 917 1252 Lichsdeile 9.
963 1082 2957 1265 Alb: 1:lacht: Ich glauben du kaufst dich
1097 1252 2957 1460 mit kleinen Geständnissen von der gros-
1115 1402 2987 1590 sen Wahrheit los, wie mir gegenüber.
930 1565 2906 1755 Amad: Es gibt - du kannst es mir glauben
1115 1727 2835 1905 bis zu diesem Momente nichts, was du
1128 1852 2850 2098 eine grosse Wahrheit nennst, und was
1118 2050 2814 2266 manchmal nichts ist als eine kleine
1125 2222 2372 2413 Lüge auf der andern Seite.
996 2304 2982 2568 Alb: Bitte, ich habe dich nichts gefragt.
993 2540 2967 2807 Amad: Man sagt wahrscheinlich, dass Frie-
1153 2703 2403 2911 derike meine Geliebte ist.
1013 2804 2941 3061 Alb: Ich kümmere mich nicht um diese Sa-
1173 3053 1420 3180 chen.
1026 3122 3076 3383 Amad: So wie man wahrscheinlich behauptet,
1191 3294 2814 3485 dass Sigismund meiner Frau den Hof
1181 3513 2189 3678 macht. Natürlich......
