3368 4056
2696 349 2827 490 65
1160 504 1885 698 Amad: Alle?...
1201 700 2994 839 Maria: In der einen, die Sie meinen,
1358 843 2975 973 fühlt man sich doch nur wohl, wenn
1354 1012 2964 1123 auch die andern Türen offenstehen.
1222 1162 2959 1296 Amad: Entschuldigen Sie eine Frage,
1312 1314 3079 1444 Maria. - Haben Sie schon so zu ihm ge-
511 1287 952 1506 hier ist.
1374 1492 1813 1601 sprochen?
256 1492 869 1691 Sie werde sich
1220 1635 2894 1746 Maria: Anfangs ja. Aber es war ihm
286 1631 880 1848 merck sind,
1324 1795 2936 1894 nicht bequem, darauf zu hören, und
1368 1947 2742 2065 nun ist es schon lang vorbei.
1229 2095 2989 2225 Amad: Schon lang? Sie sind doch erst
1384 2287 2416 2398 vir Jahre verheiratet.
1231 2405 2901 2553 Maria: Das ist nicht so kurz, wenn
1333 2571 2985 2680 sich nie was Neues ereignet... Aber
1393 2714 3024 2834 spielen Sie doch endlich, ich bitte
1381 2881 2617 2989 Sie. Ich will Musik hören.
1804 3035 2266 3174 :Klingel:
1243 3114 3102 3324 Amad: (Meine FrauI.). Ach nein, es wird
1388 3359 2259 3477 wol Albertus sein.
1199 3423 2703 3671 Das Stubenmädchen bringt Briefe.
1210 3624 2980 3768 Amad: Entschuldigen Sie.... Hm... das
