3416 4104
2587 380 2773 508 158
1293 501 3088 687 Sigism: Ich frage Sie, ob Sie geneigt
1445 711 2308 848 wären, das zu tun.
1301 865 1903 1040 Amad: Nein.
1304 1000 2979 1165 Sigism: Das ist alles, was Sie mir
1454 1161 2518 1308 darauf zu sagen haben?
1322 1295 3046 1494 Amad: Alles, was ich Ihnen in mei-
1456 1458 2654 1624 nem Hause erwidern darf.
1328 1617 3111 1805 Sigism: Oh!.:Er verbeugt sich, will
1471 1785 3050 1910 gehen, bleibt aber stehen. Ich
532 1751 1138 1970 Ich werde in dienst
1471 1932 3133 2077 habe mich dumm ausgedrückt. Es ist
537 1943 962 2109 vultgehen.
1476 2091 3144 2256 sogar wahrscheinlich, dass Sie mich
548 2069 1040 2245 (Überhauptfort)
1483 2225 3050 2382 misverstanden haben. Ich habe Un-
1485 2341 3180 2561 recht getan, mich so kurz zu fassen.
1494 2540 3064 2681 Wenn ich von Ihnen verlange, dass
1501 2681 3030 2858 Sie sich von Frau Adams scheiden
1498 2851 3124 3017 lassen mögen, so fordere ich damit
1503 3006 3131 3135 nicht zugleich, dass sich in Ihrem
1518 3169 3041 3301 Verhältnis zu Ihrer Frau, wie es
1516 3256 3086 3482 sich seit einigen Monaten gealtet
1512 3471 2637 3641 hat, etwas ändern möge.
1384 3591 3135 3788 Amad: So... das verlangen Sie nicht?
