3528 4248
1264 717 2626 854 Tagen sprach ich mit Conried.
1162 834 3115 1075 A: Du hast gewagt... in meinem Namen -?
1116 1009 3048 1236 F: Nicht in deinem Namen: er war es, der
1274 1218 2395 1403 von dir zu reden anfing.
1131 1335 3071 1533 A: Mit dir -? Es scheint wirklich, dass
1287 1503 2975 1660 es alle Leute wissen, bis auf einen.
1154 1597 3198 1843 F: Vorläufig bis auf einen. Ich habe bisher
1287 1808 3008 1983 mit dir noch nicht über die Sache ge¬
1294 1963 3201 2192 sprochen, weil ich selber noch nicht ent-
1302 2126 2654 2334 schlossen war. Aber jetzt....
1218 2237 3112 2433 A: Friederike, du bist nicht bei dir! Du
1320 2436 3178 2639 vergisst, dass du - dass ich hier gebun-
1317 2576 3193 2799 den bin. Aber es istlächerlich: ich fan-
1317 2741 3209 2972 ge an, ernsthaft mit dir zu reden. Aber
1340 2881 3155 3036 das weisst du: wenn ich jemals hinüber-
1330 3018 3209 3272 ginge, dann weder mit dir noch mit einer
1335 3155 3143 3435 Andern; ich bin frei und werde es blei
1345 3407 1556 3593 ben.
1383 3453 3112 3725 Sage das nicht! Nicht von dir allein
1198 3539 1335 3773 F:
1337 3661 3262 3890 hängt das ab. Man wird zuweilen an einan¬
