3432 4088
2704 304 2870 449 110
1160 561 2868 744 Amadt Und noch etwas sagt man. Dass
1348 726 2946 894 dich der Fürst Sigismund zu deiner
1341 863 2581 1057 Gemalin zu machen gedenkt.
1211 1019 2993 1225 Cäe: Und was das Ungeheuerlichste da-
1339 1191 3004 1366 bei ist, mein Lieber, das weisst du
1350 1354 1830 1522 gar nicht.
1211 1497 1759 1687 Amad: Nun?
1211 1649 2932 1808 Cäe: Dass du nahe daran bist, es zu
1303 1828 1696 1967 glauben.
1211 1967 2222 2141 Amad: Aber! Cäcilie!
1214 2110 3013 2289 Cäe: Gewiss hast au andie Möglichkeit
1354 2260 2921 2450 gedacht. Und doch ist es geradeso
1321 2407 3053 2595 dumm - das weisst du doch hoffentlich
1368 2572 2957 2747 selbst -, wie wenn man von dir er-
1363 2736 3031 2928 zählen wurde, dass du Fräulein Isol-
1359 2881 2966 3091 de heiraten wirst. - Und das Ganze
1401 3060 2032 3165 ist se dumm -
1343 3185 2932 3386 Man kann sezusagen keine Ausflüge
1357 3359 2970 3516 machen, ohne dass die Leute sagen,
1361 3469 2324 3661 man sei übersiedelt.
