3384 4056
2366 413 2558 530 199
1278 490 2896 730 Amad: Und du?... Was du in Wedius
1370 699 2981 861 Armen auf der Bühne fühltest - das
1412 823 3031 1010 war nichts? Du hast gar kein Recht
1379 1021 3056 1177 dich so erhaben zu fühlen! Im Grund
1372 1164 2915 1326 hast au das Gleiche begangen wie
299 1124 1231 1381 C.M in wisstlet
1396 1292 3059 1513 ich! Wirsina quitt!... Mehr als das
577 1314 1257 1541 u schlussen dass er
347 1455 1295 1695 so ist. Je mais avoir
1391 1476 2926 1644 Ich bin mehr zu beklagen als du!
379 1617 1172 1859 Aber die thuhe am 8
1358 1631 2974 1827 Das Leben selbst tut alles ab. Mir
1419 1806 3113 1993 graut vor Isolde! vor andern! selbst
413 1777 728 2017 nicht
1440 1916 3035 2141 vor den Wünschen, die an mich her-
1431 2086 2958 2288 angleiten!... Aber dir...? Deine
1427 2229 3010 2457 Wünsche sind unerfüllt; in diesem
1436 2377 3023 2589 Augenblick, in dem ich dir zu Füs-
1450 2547 3061 2749 sen liege, wühlt in dir vielleicht
1478 2692 3071 2905 eine Sehnsucht, die nichts von mir
1478 2804 2865 3048 weiss!... Ist es nicht se?...
1551 2985 2987 3189 Jetzt fehlt nur noch, dass du
1295 3088 1511 3219 Cäc:
1492 3143 3061 3364 mich hinauswirfst, weil ich nicht
1520 3307 3170 3513 die Geliebte von Wedius gewesen bin
941 3574 1343 3783 weiter!
