3512 4184
2776 366 2960 537 160
1538 530 3144 774 Ihnen denn ein, lieber Kapellmeis-
1540 706 3114 907 ter?... XXXX Frau Adams hat keine
1545 936 1898 1054 Ahnung.
1420 1047 3068 1190 Amad: Aber Sie glauben jedenfalls,
1569 1194 3098 1348 dass Cäcilie damit einverstanden
1571 1293 3228 1501 sein wird, sich von mir scheiden zu
2590 1492 3188 1678 daß ich der gleich¬
1576 1538 2071 1659 lassen?...
1446 1652 3208 1790 Sigism: Aber keine Idee! (Sie will es
482 1742 1295 1966 Man in our
1602 1790 3177 1987 durchaus nicht. Drum komm' ich ja
445 1895 1385 2112 kanden wäre, konnte
1600 1924 3228 2134 eben zu Ihnen. Ich weisa, Sie sind
493 2075 1061 2259 ich hin nicht.
1613 2112 3177 2266 ihr bester Freund, Sie sollen ihr
1611 2222 3250 2441 zureden. So geht’s ja nicht weiter.
1624 2404 3131 2570 Denken Sie doch nur drüber nach,
1624 2544 3280 2737 lieber Kapellmeister. Diese Scheid-
1683 2722 3123 2897 ung ist durchaus notwendig, um
1635 2903 3232 3107 Klarheitin eine Situation zu brin-
1659 2984 3129 3206 gen, an deren Fortdauer ich als
1648 3193 3329 3339 Mensch von Anständigkeit und Leiden-
1659 3289 3234 3493 schaft mit Sicherheit ernstlichen
1665 3508 3239 3648 seelischen Schaden nehmen müsste.
1681 3675 3267 3892 Und vor allem ist es durchaus not-
