3448 4120
2813 377 2958 522 23
1054 559 1592 720 Verhältnis.
910 696 2918 870 Alb: Höre das Wort eines Weisen: Wenn man
1057 854 2990 1036 die Ehe zu komplizieren anfangt, so fängt
1052 1020 2257 1223 man an, sie zu zerstören.
867 1170 2987 1421 Amad: Unsinn! Gatten müssen vor allem Freun-
1065 1331 2715 1479 de sein. Das ist meine Ansicht. Die
1057 1495 2916 1650 Leute, die sich verstehen, die einander
1070 1621 2945 1832 vertrauen, die vor einander kein Geheim-
1031 1803 2990 1953 nis haben... alles Uebrige ist Nebensache.
941 1932 2280 2141 Alb: Alles Uebrige?.... hm!
939 2125 2905 2251 Amad : Ja, so ist es, Erotische Beziehun-
1091 2291 2926 2433 gen sind etwas Vergängliches. Eine Ehe,
1083 2433 2750 2584 die auf sie gestellt ist, steht auf
1102 2552 2966 2768 schwachem Grund... Ja, mehr als das: ei-
1054 2707 2990 2884 ne Ehe, die ihrer nicht entraten kann, ist
1099 2876 2868 3071 bös daran. Es kommt die Zeit, wo Frau
1099 3032 2868 3240 und Mann mit einander erotisch fertig
1155 3192 2884 3351 sind und einander sonst noch viel be-
1155 3374 2773 3504 deuten. Wenn sie dieses Verhältnis
1078 3475 3071 3672 trotzdem auf erotischer Basis fortzusetzen
1184 3641 2924 3812 versuchen, so beschmutzen sie es. Sie
