3480 4120
2472 455 2605 572 85
1318 560 3060 753 Leute, die mich einfach für einen be-
1330 776 2469 931 tregenen Ehemann halten.
1191 900 2340 1086 Alb: Ja, es scheint s°.
1191 1055 3077 1259 Amad : Das agasiert mich - verstehst du?
1203 1210 2901 1384 Alb: Oh, freilich versteh' ich das
1339 1374 2964 1548 Aber ich weiss nicht, warum du mit
1339 1534 2927 1686 mir greb bist? - Hör einmal, die
1369 1693 3065 1855 erste Fassung des dritten Aktes. Die
530 1728 1020 1944 S. laut jetzt...
1358 1803 3058 2019 phantastische. Der König und die Kö-
373 1935 593 2087 Chr.
406 2028 1034 2228 rai je suis mil dit
1362 2014 1808 2181 nigin...
1226 2099 2957 2331 Amad: Geh' zum Teufel mit deinen Kö-
1372 2289 3112 2458 nigspaaren! - Ent weder hat man Freun-
1339 2448 3138 2631 de oder man hat keine! Wie ist es denn
1374 2605 2910 2793 möglich, dass es Leute gibt, die
1381 2774 2978 2962 mich für einen betrogenen Ehemann
410 2898 997 3091 aber ich das der
1379 2950 1806 3112 halten?!
1259 2999 3051 3245 Alb: :ruhig: Es wird doch das Ein-
378 3077 1027 3274 in wesentlisse
1407 3215 3088 3428 fachste sein, du gibst die Sache in
1374 3372 1949 3567 die Zeitung.
1285 3541 2521 3740 Amad: Eine Annonse - wie?
1280 3654 3128 3855 Alb: Nun ja. "Herr Amadeus und Friede-
