3448 4120
2732 462 2855 637 27
1249 639 2906 822 Der Bub kommt herein: Die 11ama ist
1380 768 2991 967 schon da. Ich hab' sie vom Fenster
1392 931 2946 1141 kommen gesehn; sie hat so mit der
1385 1108 2015 1305 Hand gemacht.
1255 1208 3054 1470 Alb: Na Burschi, wie geht’s dir denn?
1389 1430 2969 1599 Wann kommst du denn wieder zu Max
1405 1577 1892 1762 und Moritz?
1264 1733 2109 1908 Bub: Uebermorgen.
1262 1845 3027 2068 Amed: Er sagt auf alles "übermorgen",
1282 2046 2165 2256 (der Einheit ist übermorgen)
