3528 4120
2717 479 2847 629 79
1310 649 2976 856 nicht wahr, Sie werden mien Führer,
1273 813 3024 1001 mein Leiter sein? Ich habe allerdings
1323 965 3053 1174 schen anderthalb Jahre lang gelernt.
1323 1160 1777 1344 Was denn?
1146 1323 1861 1505 Amad: Klavier.
1201 1435 2402 1609 Fried: Wer ist denn das?
1189 1623 2023 1802 Amad: Flämmchen.
1155 1723 2978 1941 Fried: I:liest weiter: "Aber die Men-
1342 1875 3030 2113 sehen sind ja se schlecht - wer küm-
1332 2052 2971 2263 mert sich um das keusche Feuer....
1392 2193 2960 2433 Wie frivol das Luder schreibt!...
1373 2343 3064 2565 "das im Herzen eines jungen Mädechens
1321 2502 3110 2731 brennt?... Nicht wahr, Sie sind anders
1369 2674 2981 2885 als die Andern? Sie werden niemals
1387 2828 2992 3040 glauben, dass mich ein anderer Ge-
1371 2960 3062 3201 danke zu Ihnen führt als die tiefste
1392 3173 3085 3341 Verehrung und die Ueberzeugung, dass
1328 3292 3083 3512 Sie alles aus mir herausholen werden,
1430 3441 2971 3623 was von künstlerischem Ernst und
1355 3582 3108 3789 von Stimmgewalt, was von Musik in mir
