3416 4120
2663 344 2905 499 190.-
1335 517 2921 743 bei ein Narr. Sigismund war er ei-
1385 693 2493 895 ner halben Stunde hier.
1208 834 2837 1024 Cäc: Der Fürst war hier? Mevolle
1770 963 1981 1072 zu sich
1253 972 2998 1185 Amad: Eigentlich sollt‘ ich um deine
1441 1131 2933 1348 Hand anhalten für ihn; aber ich
1414 1235 3100 1482 teile es dir nur der Vollständigkeit
1425 1493 1951 1620 halber mit.
1509 1586 3007 1804 Der Vollständigkeit halber? Ich
1258 1686 1444 1824 Cäc:
1444 1731 3100 1944 denke, wenn es einen Moment gab, in
1455 1899 3091 2121 dem dieser Antrag zu überlegen war,
1457 2026 3118 2269 so ist es der, in dem ich entschlos¬
1478 2223 2744 2395 sen bin, dich zu verlassen.
1335 2352 3159 2590 Amad: Genug, Cäcilie! Nun fängst du m
1500 2497 3030 2729 eine Rolle zu spielen. Nun durch-
1514 2645 3100 2912 schau' ich ja das Ganze. Nun weiss
1514 2826 3073 3048 ich ja, dass all dies eine Strafe
1527 2996 2291 3211 war, eine Rache.
1403 3180 2316 3370 Cäc: Wer sagt das?
1421 3250 3118 3497 Amad: Ich sage es. Ich sehe es. Und
2416 3418 3132 3565 warst!... warum
1969 3488 3116 3680 es nicht zu einer Stunde
1573 3538 1815 3655 wie k
1568 3619 1768 3760 hast
