3464 4136
2390 410 2570 529 186
1341 562 2987 714 Freundschaft vernichten musste. Ich
1337 744 2850 874 war eine unter andern - du einer
1339 903 2266 1031 unter...... Andern.
1203 1040 2971 1187 Amad: Nein, sage das nicht! Dein Ord-
1355 1211 3020 1403 nungssinn verführt dich zum Dogmati¬
1357 1339 2965 1484 sieren. Es gibt in Ehen Krisen al-
1363 1513 3004 1634 lerlei Art. Jede menschliche Bezih-
1366 1661 3020 1846 ung ist eine Sachs für sich und hat
1330 1804 2918 2006 ihre eigenen Gesetze. - Wir waren
1348 1967 3009 2119 eben beide in Krisen. Es war ein Fie-
1399 2110 3042 2260 ber, das uns durchrast hat. Man hat
1399 2269 2969 2418 sich eben wiedergefunden... nicht
1403 2436 3013 2617 wieder einmal gefunden. Alles, was
1465 2595 2984 2755 geschehen ist, waren Träume; sie
1423 2762 2286 2903 sind verschwunden.
1286 2898 2958 3053 Cäc: Da diese Träume möglich waren,
1423 3046 2819 3183 können sie auch wiederkommen.
1295 3233 2447 3381 Amad: Die meinen nicht!
1313 3361 2973 3500 Cäe: Mag sein. Aber ich bin meiner
1460 3531 2901 3757 nicht se sicher als du zu sein
1469 3683 1910 3797 scheinst.
