3275 4152
389 648 763 838 II. Akt.
392 791 2865 1040 Die Verhältnisse der beiden haben sich irgendwie wei-
395 968 1087 1146 terentwickelt.
392 1074 2834 1323 Die Frau des Dichters war verreist, eine Kunstreise,
395 1274 1825 1467 von der sie heute zurück soll.
377 1417 1868 1616 Das Kind ist zuhause geblieben.
383 1610 2843 1756 Die Geliebte des Dichters ist da; es war eine Szene.
380 1725 2862 1980 Der Freund: Es ist skandelös! Deine Frau hat das Zim-
392 1890 1407 2080 mer neben ihm gehabt.
427 2018 2874 2251 Der Dichter: Ich weiss. Sie schreibt mir entzückende
436 2226 2793 2348 Briefe. Die Leute sollen mir gestohlen werden. Auf
430 2326 2460 2510 Wahrheit haben die Verhältnisse zu beruhen.
383 2488 2201 2684 Geht aus einander. :wir tun es auch?
380 2703 2877 2818 Dichter: Wir haben uns hundertmal im Tag was zu sagen
458 2790 2500 2983 ich studier mit ihr etz. :Kapellmeister :
380 2964 2373 3167 So lasst euch scheiden und bleibt Freunde.
386 3114 2749 3366 Das würde kein Geliebter und keine Gellebte dulden.
383 3257 1034 3456 Und das Kind?
377 3400 2432 3652 Die Frau kommt von der Konzertreise zurück.
389 3568 1678 3777 Der Rub erwartet sie schon.
