<?xml version="1.0" encoding="UTF-8" standalone="yes"?>
<PcGts xmlns="http://schema.primaresearch.org/PAGE/gts/pagecontent/2013-07-15" xmlns:xsi="http://www.w3.org/2001/XMLSchema-instance" xsi:schemaLocation="http://schema.primaresearch.org/PAGE/gts/pagecontent/2013-07-15 http://schema.primaresearch.org/PAGE/gts/pagecontent/2013-07-15/pagecontent.xsd">
    <Metadata>
        <Creator>prov=READ-COOP:name=TrHtr:version=2.1.0:model_id=51170:date=29_07_2023_16:32</Creator>
        <Created>2023-05-10T13:04:50.401+02:00</Created>
        <LastChange>2023-07-29T16:32:20.391+02:00</LastChange>
        <TranskribusMetadata docId="1428560" pageId="55408036" pageNr="76" tsid="131449128" status="IN_PROGRESS" userId="64420" imgUrl="https://files.transkribus.eu/Get?id=SYRTCFPYZCONUPKBNYLRHMVE&amp;fileType=view" xmlUrl="https://files.transkribus.eu/Get?id=JJWXMWFUHALCTJHZJETXKOOQ" imageId="44682182"/>
    </Metadata>
    <Page imageFilename="1428560_0076.jpg" imageWidth="3384" imageHeight="4104">
        <ReadingOrder>
            <OrderedGroup id="ro_1711794786890" caption="Regions reading order">
                <RegionRefIndexed index="0" regionRef="tr_2"/>
                <RegionRefIndexed index="1" regionRef="tr_1"/>
            </OrderedGroup>
        </ReadingOrder>
        <TextRegion id="tr_2" custom="readingOrder {index:0;}">
            <Coords points="964,481 2945,481 2945,1800 964,1800"/>
            <TextLine id="tr_2_tl_1" custom="readingOrder {index:0;}">
                <Coords points="2713,561 2726,561 2744,548 2814,589 2824,581 2840,581 2837,467 2807,470 2784,452 2759,447 2733,462 2711,465"/>
                <Baseline points="2728,531 2772,534 2817,534 2847,534"/>
                <TextEquiv>
                    <Unicode>16</Unicode>
                </TextEquiv>
            </TextLine>
            <TextLine id="tr_2_tl_2" custom="readingOrder {index:1;}">
                <Coords points="1129,748 2733,705 2847,758 2870,649 2322,601 1480,637 1377,586 1129,672"/>
                <Baseline points="1143,707 1175,707 1220,707 1265,707 1310,704 1355,704 1399,704 1444,704 1489,701 1534,701 1578,701 1623,701 1668,701 1713,701 1758,698 1802,698 1847,698 1892,695 1937,695 1981,695 2026,695 2071,698 2116,698 2160,695 2205,695 2250,695 2295,692 2340,692 2384,692 2429,689 2474,689 2519,686 2563,686 2608,689 2653,689 2698,692 2742,692 2787,695 2832,695 2877,692"/>
                <TextEquiv>
                    <Unicode>und Schönheit - nein, nicht Ahnen....</Unicode>
                </TextEquiv>
            </TextLine>
            <TextLine id="tr_2_tl_3" custom="readingOrder {index:2;}">
                <Coords points="1091,879 2814,897 2840,765 1091,798"/>
                <Baseline points="1104,859 1143,859 1187,859 1232,859 1277,856 1322,859 1367,859 1411,859 1456,859 1501,856 1546,856 1590,856 1635,853 1680,853 1725,853 1769,850 1814,850 1859,850 1904,850 1949,850 1993,850 2038,850 2083,850 2128,847 2172,850 2217,847 2262,844 2307,844 2351,841 2396,841 2441,841 2486,841 2531,838 2575,838 2620,838 2665,838 2710,838 2754,838 2799,838 2844,841"/>
                <TextEquiv>
                    <Unicode>Götter und Göttinnen in marmorweisser</Unicode>
                </TextEquiv>
            </TextLine>
            <TextLine id="tr_2_tl_4" custom="readingOrder {index:3;}">
                <Coords points="1084,1028 1637,1096 1857,1036 2850,1041 2882,945 2653,887 2466,960 1086,927"/>
                <Baseline points="1098,1017 1140,1017 1184,1017 1229,1014 1274,1014 1319,1014 1364,1014 1408,1014 1453,1011 1498,1014 1543,1011 1587,1014 1632,1014 1677,1011 1722,1011 1766,1008 1811,1008 1856,1008 1901,1008 1946,1005 1990,1005 2035,1005 2080,1002 2125,1002 2169,999 2214,999 2259,996 2304,996 2348,996 2393,996 2438,996 2483,996 2528,996 2572,993 2617,990 2662,993 2707,990 2751,990 2796,990 2841,990 2886,987"/>
                <TextEquiv>
                    <Unicode>Nacktheit... Nein, noch besser: keine</Unicode>
                </TextEquiv>
            </TextLine>
            <TextLine id="tr_2_tl_5" custom="readingOrder {index:4;}">
                <Coords points="1079,1195 2834,1220 2885,1210 2888,1089 1079,1112"/>
                <Baseline points="1092,1170 1101,1170 1146,1170 1190,1170 1235,1170 1280,1170 1325,1167 1369,1167 1414,1167 1459,1167 1504,1164 1549,1164 1593,1164 1638,1164 1683,1161 1728,1161 1772,1158 1817,1158 1862,1158 1907,1158 1952,1158 1996,1158 2041,1158 2086,1155 2131,1155 2175,1155 2220,1155 2265,1155 2310,1152 2354,1155 2399,1152 2444,1152 2489,1152 2534,1149 2578,1149 2623,1149 2668,1146 2713,1146 2757,1146 2802,1146 2847,1143 2892,1140"/>
                <TextEquiv>
                    <Unicode>Halle sondern ein Garten. Und nur eine</Unicode>
                </TextEquiv>
            </TextLine>
            <TextLine id="tr_2_tl_6" custom="readingOrder {index:5;}">
                <Coords points="1147,1359 1225,1346 1286,1377 1379,1344 1483,1379 1698,1377 1852,1341 1852,1253 1736,1268 1695,1245 1670,1266 1634,1245 1473,1271 1362,1233 1288,1276 1258,1258 1147,1271"/>
                <Baseline points="1161,1319 1205,1319 1250,1319 1295,1319 1340,1322 1384,1319 1429,1319 1474,1316 1519,1319 1563,1316 1608,1316 1653,1316 1698,1316 1743,1316 1787,1316 1832,1316 1859,1319"/>
                <TextEquiv>
                    <Unicode>einzige statue.</Unicode>
                </TextEquiv>
            </TextLine>
            <TextLine id="tr_2_tl_7" custom="readingOrder {index:6;}">
                <Coords points="950,1508 2799,1506 2938,1478 2938,1389 950,1412"/>
                <Baseline points="964,1492 976,1489 1020,1486 1065,1486 1110,1486 1155,1486 1199,1486 1244,1483 1289,1480 1334,1477 1378,1474 1423,1477 1468,1474 1513,1474 1558,1474 1602,1474 1647,1477 1692,1477 1737,1477 1781,1477 1826,1477 1871,1474 1916,1471 1960,1468 2005,1468 2050,1468 2095,1465 2140,1465 2184,1465 2229,1465 2274,1462 2319,1465 2363,1462 2408,1462 2453,1462 2498,1462 2542,1462 2587,1462 2632,1462 2677,1459 2722,1459 2766,1456 2811,1459 2856,1459 2901,1456 2945,1459"/>
                <TextEquiv>
                    <Unicode>Amad: Ueberleg' dir die Sache zuhause und</Unicode>
                </TextEquiv>
            </TextLine>
            <TextLine id="tr_2_tl_8" custom="readingOrder {index:7;}">
                <Coords points="1086,1657 1589,1708 2003,1634 2658,1665 2789,1640 2792,1571 2660,1531 2253,1586 1566,1544 1369,1619 1253,1554 1089,1584"/>
                <Baseline points="1101,1632 1140,1635 1184,1635 1229,1635 1274,1635 1319,1638 1364,1638 1408,1635 1453,1635 1498,1632 1543,1632 1587,1632 1632,1629 1677,1632 1722,1632 1766,1629 1811,1626 1856,1626 1901,1623 1946,1623 1990,1623 2035,1620 2080,1620 2125,1620 2169,1620 2214,1620 2259,1620 2304,1617 2348,1617 2393,1617 2438,1617 2483,1617 2528,1617 2572,1614 2617,1614 2662,1614 2707,1614 2751,1617 2796,1623"/>
                <TextEquiv>
                    <Unicode>bring mir sie, wenn sie fertig ist.</Unicode>
                </TextEquiv>
            </TextLine>
            <TextLine id="tr_2_tl_9" custom="readingOrder {index:8;}">
                <Coords points="1127,1857 1794,1859 2008,1801 2377,1837 2754,1806 2756,1743 2526,1685 2246,1730 1814,1695 1660,1751 1417,1700 1129,1725"/>
                <Baseline points="1140,1787 1146,1790 1190,1787 1235,1787 1280,1787 1325,1790 1369,1790 1414,1790 1459,1787 1504,1787 1549,1784 1593,1784 1638,1784 1683,1784 1728,1781 1772,1778 1817,1778 1862,1781 1907,1778 1952,1778 1996,1775 2041,1775 2086,1775 2131,1775 2175,1775 2220,1775 2265,1775 2310,1772 2354,1769 2399,1772 2444,1769 2489,1769 2534,1766 2578,1766 2623,1766 2668,1769 2713,1772 2757,1778"/>
                <TextEquiv>
                    <Unicode>Deine Art, mir Stoffe zu erzählen,</Unicode>
                </TextEquiv>
            </TextLine>
        </TextRegion>
        <TextRegion id="tr_1" custom="readingOrder {index:1;}">
            <Coords points="973,1887 2993,1887 2993,3767 973,3767"/>
            <TextLine id="tr_1_tl_1" custom="readingOrder {index:0;}">
                <Coords points="1129,2024 1230,2021 1359,1968 1614,2013 1768,1968 1998,1991 2001,1887 1741,1869 1650,1907 1592,1864 1470,1905 1132,1895"/>
                <Baseline points="1143,1952 1155,1952 1199,1952 1244,1952 1289,1949 1334,1949 1378,1949 1423,1946 1468,1946 1513,1943 1558,1943 1602,1943 1647,1943 1692,1943 1737,1940 1781,1940 1826,1937 1871,1937 1916,1940 1960,1943 2005,1946"/>
                <TextEquiv>
                    <Unicode>macht mich nervös.</Unicode>
                </TextEquiv>
            </TextLine>
            <TextLine id="tr_1_tl_2" custom="readingOrder {index:1;}">
                <Coords points="960,2132 2147,2170 2281,2102 2509,2152 2852,2132 2984,2097 2986,2031 2809,1968 2574,2051 2314,1973 1844,2064 960,2066"/>
                <Baseline points="973,2110 978,2110 1023,2110 1068,2110 1113,2110 1158,2113 1202,2113 1247,2110 1292,2107 1337,2107 1381,2104 1426,2104 1471,2104 1516,2101 1561,2101 1605,2098 1650,2098 1695,2098 1740,2095 1784,2095 1829,2095 1874,2095 1919,2092 1963,2092 2008,2092 2053,2095 2098,2095 2143,2095 2187,2089 2232,2089 2277,2089 2322,2086 2366,2086 2411,2086 2456,2086 2501,2083 2545,2083 2590,2080 2635,2077 2680,2074 2725,2074 2769,2074 2814,2074 2859,2071 2904,2071 2948,2068 2993,2065"/>
                <TextEquiv>
                    <Unicode>Alb: Aber die Sac e war ja so gut wie fer-</Unicode>
                </TextEquiv>
            </TextLine>
            <TextLine id="tr_1_tl_3" custom="readingOrder {index:2;}">
                <Coords points="1142,2264 1440,2334 1584,2261 1945,2301 2501,2238 2612,2284 2890,2266 2956,2175 2453,2198 2266,2135 1142,2228"/>
                <Baseline points="1155,2259 1172,2259 1217,2262 1262,2259 1307,2259 1352,2259 1396,2256 1441,2256 1486,2256 1531,2256 1575,2253 1620,2253 1665,2250 1710,2250 1755,2250 1799,2247 1844,2247 1889,2244 1934,2244 1978,2244 2023,2241 2068,2241 2113,2241 2157,2238 2202,2241 2247,2238 2292,2241 2337,2238 2381,2235 2426,2235 2471,2232 2516,2232 2560,2232 2605,2229 2650,2229 2695,2229 2739,2229 2784,2226 2829,2226 2874,2226 2919,2226 2963,2226"/>
                <TextEquiv>
                    <Unicode>tig. Was kann ich dafür, wenn sich die</Unicode>
                </TextEquiv>
            </TextLine>
            <TextLine id="tr_1_tl_4" custom="readingOrder {index:3;}">
                <Coords points="1144,2428 1321,2478 1589,2405 2074,2461 2557,2397 2733,2435 2956,2415 2958,2291 2754,2342 1147,2352"/>
                <Baseline points="1158,2414 1172,2411 1217,2411 1262,2408 1307,2411 1352,2408 1396,2405 1441,2405 1486,2408 1531,2405 1575,2405 1620,2402 1665,2402 1710,2399 1755,2399 1799,2399 1844,2399 1889,2396 1934,2396 1978,2393 2023,2393 2068,2393 2113,2393 2157,2393 2202,2390 2247,2390 2292,2390 2337,2390 2381,2387 2426,2387 2471,2384 2516,2384 2560,2381 2605,2381 2650,2378 2695,2378 2739,2381 2784,2378 2829,2381 2874,2381 2919,2378 2963,2381"/>
                <TextEquiv>
                    <Unicode>ursprüngliche Idee in mir umbildet. Du</Unicode>
                </TextEquiv>
            </TextLine>
            <TextLine id="tr_1_tl_5" custom="readingOrder {index:4;}">
                <Coords points="1104,2589 1518,2635 1607,2577 1806,2632 2125,2557 2233,2605 2885,2572 2845,2461 1106,2524"/>
                <Baseline points="1119,2575 1143,2572 1187,2572 1232,2572 1277,2572 1322,2572 1367,2569 1411,2569 1456,2566 1501,2566 1546,2563 1590,2563 1635,2563 1680,2563 1725,2560 1769,2560 1814,2557 1859,2557 1904,2557 1949,2557 1993,2557 2038,2554 2083,2554 2128,2551 2172,2548 2217,2551 2262,2551 2307,2548 2351,2548 2396,2545 2441,2545 2486,2545 2531,2542 2575,2542 2620,2540 2665,2540 2710,2540 2754,2537 2799,2537 2844,2537 2889,2531"/>
                <TextEquiv>
                    <Unicode>hast ja keine Ahnung von der ununuter-</Unicode>
                </TextEquiv>
            </TextLine>
            <TextLine id="tr_1_tl_6" custom="readingOrder {index:5;}">
                <Coords points="1152,2741 1943,2781 2574,2716 2756,2764 2956,2741 2958,2630 1154,2655"/>
                <Baseline points="1167,2719 1172,2722 1217,2719 1262,2719 1307,2722 1352,2719 1396,2719 1441,2719 1486,2719 1531,2716 1575,2719 1620,2716 1665,2716 1710,2713 1755,2713 1799,2713 1844,2713 1889,2713 1934,2713 1978,2710 2023,2713 2068,2710 2113,2710 2157,2707 2202,2710 2247,2707 2292,2704 2337,2704 2381,2704 2426,2701 2471,2701 2516,2701 2560,2698 2605,2698 2650,2698 2695,2698 2739,2698 2784,2698 2829,2695 2874,2695 2919,2692 2963,2692"/>
                <TextEquiv>
                    <Unicode>brochenen Bewegung in meinem Hirn. Ich</Unicode>
                </TextEquiv>
            </TextLine>
            <TextLine id="tr_1_tl_7" custom="readingOrder {index:6;}">
                <Coords points="1235,2809 1248,2809 1261,2799 1268,2802 1283,2799 1296,2814 1314,2812 1319,2817 1336,2817 1339,2751 1311,2756 1304,2749 1296,2746 1291,2751 1276,2741 1271,2746 1263,2738 1261,2741 1238,2738"/>
                <Baseline points="1253,2793 1256,2793 1301,2790 1346,2790"/>
                <TextEquiv>
                    <Unicode>G.F.P.</Unicode>
                </TextEquiv>
            </TextLine>
            <TextLine id="tr_1_tl_8" custom="readingOrder {index:7;}">
                <Coords points="1165,2877 1455,2923 1814,2867 2860,2888 2910,2784 2637,2812 2420,2756 2332,2814 1167,2842"/>
                <Baseline points="1178,2877 1214,2877 1259,2877 1304,2877 1349,2877 1393,2877 1438,2877 1483,2874 1528,2874 1572,2874 1617,2874 1662,2871 1707,2871 1752,2868 1796,2868 1841,2868 1886,2868 1931,2868 1975,2868 2020,2868 2065,2865 2110,2865 2154,2862 2199,2859 2244,2859 2289,2856 2334,2856 2378,2853 2423,2853 2468,2850 2513,2850 2557,2850 2602,2850 2647,2850 2692,2850 2736,2850 2781,2847 2826,2847 2871,2847 2916,2847"/>
                <TextEquiv>
                    <Unicode>vermag meinen eigenen Einfällen nicht</Unicode>
                </TextEquiv>
            </TextLine>
            <TextLine id="tr_1_tl_9" custom="readingOrder {index:8;}">
                <Coords points="1109,3047 1503,3105 1720,3021 1854,3097 2496,3079 2895,3029 2898,2943 2663,2908 2430,2978 2112,2941 1109,2999"/>
                <Baseline points="1122,3035 1155,3038 1199,3038 1244,3035 1289,3032 1334,3032 1378,3032 1423,3032 1468,3029 1513,3032 1558,3026 1602,3026 1647,3026 1692,3026 1737,3023 1781,3023 1826,3020 1871,3020 1916,3020 1960,3020 2005,3020 2050,3017 2095,3017 2140,3017 2184,3014 2229,3017 2274,3014 2319,3011 2363,3011 2408,3008 2453,3005 2498,3005 2542,3002 2587,3005 2632,3002 2677,3002 2722,3002 2766,3005 2811,3005 2856,3008 2901,3008"/>
                <TextEquiv>
                    <Unicode>zu folgen. - Lassen wir das vorläufig.</Unicode>
                </TextEquiv>
            </TextLine>
            <TextLine id="tr_1_tl_10" custom="readingOrder {index:9;}">
                <Coords points="1152,3208 1427,3264 2903,3239 2936,3085 1152,3135"/>
                <Baseline points="1167,3187 1196,3184 1241,3187 1286,3184 1331,3184 1375,3187 1420,3184 1465,3184 1510,3184 1555,3184 1599,3181 1644,3181 1689,3178 1734,3178 1778,3178 1823,3175 1868,3175 1913,3175 1957,3172 2002,3172 2047,3172 2092,3172 2137,3169 2181,3169 2226,3166 2271,3166 2316,3166 2360,3163 2405,3163 2450,3163 2495,3163 2540,3163 2584,3160 2629,3160 2674,3160 2719,3160 2763,3157 2808,3157 2853,3157 2898,3154 2942,3145"/>
                <TextEquiv>
                    <Unicode>Hier hast du einen andern in einfache-</Unicode>
                </TextEquiv>
            </TextLine>
            <TextLine id="tr_1_tl_11" custom="readingOrder {index:10;}">
                <Coords points="1162,3413 2749,3398 2829,3378 2832,3266 1165,3289"/>
                <Baseline points="1178,3345 1181,3342 1226,3342 1271,3339 1316,3342 1361,3342 1405,3339 1450,3339 1495,3339 1540,3336 1584,3339 1629,3336 1674,3339 1719,3336 1763,3336 1808,3336 1853,3333 1898,3330 1943,3330 1987,3330 2032,3327 2077,3324 2122,3324 2166,3327 2211,3324 2256,3322 2301,3322 2345,3322 2390,3324 2435,3322 2480,3322 2525,3322 2569,3319 2614,3319 2659,3316 2704,3316 2748,3316 2793,3316 2838,3316"/>
                <TextEquiv>
                    <Unicode>rer Linie. Es handelt sich um einen</Unicode>
                </TextEquiv>
            </TextLine>
            <TextLine id="tr_1_tl_12" custom="readingOrder {index:11;}">
                <Coords points="1152,3519 1175,3514 1200,3532 1213,3519 1248,3522 1341,3575 1389,3580 1458,3565 1455,3436 1422,3453 1334,3423 1316,3441 1286,3446 1243,3408 1220,3415 1200,3400 1152,3415"/>
                <Baseline points="1167,3498 1211,3498 1256,3498 1301,3498 1346,3501 1390,3501 1435,3504 1462,3501"/>
                <TextEquiv>
                    <Unicode>König</Unicode>
                </TextEquiv>
            </TextLine>
            <TextLine id="tr_1_tl_13" custom="readingOrder {index:12;}">
                <Coords points="2347,3673 2430,3645 2476,3678 2584,3635 2731,3630 2832,3658 2943,3638 2963,3630 2963,3517 2860,3547 2680,3524 2496,3567 2408,3537 2375,3559 2347,3549"/>
                <Baseline points="2360,3626 2405,3620 2450,3620 2495,3623 2540,3623 2584,3623 2629,3623 2674,3623 2719,3623 2763,3623 2808,3623 2853,3620 2898,3620 2942,3620 2969,3626"/>
                <TextEquiv>
                    <Unicode>Und das will</Unicode>
                </TextEquiv>
            </TextLine>
            <TextLine id="tr_1_tl_14" custom="readingOrder {index:13;}">
                <Coords points="968,3668 1139,3709 1288,3666 1513,3703 1925,3645 2132,3686 2221,3676 2223,3575 2059,3552 1900,3602 1501,3552 1096,3610 970,3572"/>
                <Baseline points="981,3662 1017,3662 1062,3662 1107,3659 1152,3659 1196,3659 1241,3662 1286,3656 1331,3659 1375,3656 1420,3653 1465,3653 1510,3650 1555,3650 1599,3647 1644,3647 1689,3647 1734,3644 1778,3644 1823,3644 1868,3644 1913,3644 1957,3644 2002,3641 2047,3641 2092,3641 2137,3638 2181,3635 2226,3635"/>
                <TextEquiv>
                    <Unicode>Amad: Schon wieder einer!</Unicode>
                </TextEquiv>
            </TextLine>
            <TextLine id="tr_1_tl_15" custom="readingOrder {index:14;}">
                <Coords points="1180,3762 1223,3779 1352,3741 1589,3782 1849,3794 1948,3757 2049,3779 2061,3655 1905,3681 1784,3655 1720,3696 1612,3678 1508,3706 1288,3666 1177,3696"/>
                <Baseline points="1193,3742 1238,3739 1283,3742 1328,3742 1372,3742 1417,3742 1462,3745 1507,3745 1552,3742 1596,3742 1641,3742 1686,3742 1731,3745 1775,3745 1820,3745 1865,3745 1910,3745 1954,3748 1999,3751 2044,3751 2071,3757"/>
                <TextEquiv>
                    <Unicode>ein Anarchist sein.</Unicode>
                </TextEquiv>
            </TextLine>
        </TextRegion>
    </Page>
</PcGts>
