3432 4136
2701 332 2834 475 18
920 468 2862 691 Amad: Es handelt sich um einen König - -
984 665 2972 844 Alb: Es handelt sich um einen wundersamen
1164 849 3003 1034 Jüngling, der einen wundersamen Spiegel
1127 974 2881 1153 erfunden hat. Dieser Spiegel hat eine
1122 1174 3021 1288 wundersame Eigenschaft. Wenn ein Ehemann
1171 1291 2990 1439 hineinblickt, sieht er nicht etwa sich
1218 1462 2598 1626 selbst, sondern seine Gattin.
987 1631 2468 1774 Amad: Seine wundersame Gattin.
992 1779 2969 1914 Alb: Wo immer sie sich befindet - in wel-
1133 1933 2003 2107 cher Situation...
990 2086 2901 2231 Amad: In welcher wundersamen Situation.
997 2210 3042 2390 Alb: Hol' dich der Teufel!... er sieht sie
1195 2400 2956 2548 nun einmal, Die Frauen sind natürlich
1200 2533 2959 2704 in Verzweiflung... Die Sache spielt
1195 2670 3070 2881 in irgend einem Märchenstaat. Sie trach-
1200 2855 3016 3031 ten ihm nach dem Leben und bringen ihn
1200 3013 1935 3221 tatsächlich um.
1322 3195 2361 3343 Das finest du lustig?
1018 3200 1283 3359 Amad:
979 3286 3068 3507 Alb: Aber es war ja anders!... Dass sie ihn
1218 3460 3031 3657 umbringen, ist mir jetzt im Augenblick
1275 3611 2990 3772 eingefallen. Es kann trotzdem lustig
