3432 4088
2465 342 2644 466 107
1317 516 1702 697 storben.
1165 611 3081 837 Cäc: O, das wird sie auch diesmal nicht.
1298 796 3015 996 Es kommt ihr weniger aufs Sterben an
1317 972 2967 1136 als auf eine Reklame. Und da sie so
1329 1098 2905 1305 eine Sicherheit im Danebentreffen
537 1194 1141 1384 G. kommt ist dt Co
1322 1303 2563 1460 hat, so wäre es möglich...
437 1327 1158 1495 ziller in se kennen
1144 1443 3050 1669 Amad: Ah, da sei nur ruhig - das tut si
435 1438 1056 1612 sich selbst treffen
1379 1600 3022 1774 nicht. Da hab' ich schon Gewalt ge-
1339 1786 1990 1921 nug über sie.
1208 1859 2974 2116 Cäc: Nun, mich soll’s ja freuen. Ich
1369 2052 3027 2249 möchte nur nicht, dassDinge in dein
1362 2209 2979 2444 Leben treten, die dich enervieren.
1372 2370 3091 2556 Die Hauptsache bleibt doch für unser
1393 2534 2943 2725 einen unsere Arbeit - nicht wahr?
1388 2649 2965 2893 Also schau, dass du den Kopf frei
1412 2905 1857 3072 behältst.
1279 2993 2984 3224 Amad: Ah, in dieser Hinsicht geht's
1422 3119 3131 3386 mir besser als je. Du kannst dir gar
1434 3328 3093 3535 nicht vorstellen, wie wundervoll es
1467 3552 2092 3771 vorwärtsgeht,
