3480 4104
2642 418 2822 559 174
1307 555 2894 784 den - das ist es. Sie glaubt viel-
2094 703 2419 798 diesen ganz
1305 730 3040 939 leicht nicht einmal, dass Sie auf den
1305 905 2892 1103 Wegen wandeln, die man kennt; sie
1319 1053 3035 1266 weiss vielleicht nicht, dass die gar
1323 1210 2865 1412 ze Stadt von Ihren Verhältnissen
1337 1376 3022 1546 spricht... Ja, es ist se! Man weiss,
1330 1505 2990 1714 Sie haben Geliebte; die ganze Stadt
1346 1710 2021 1887 spricht davon.
1205 1817 3035 2017 Amad: Nun ja; se wie von Ihnen und Cä-
1364 2035 1648 2219 cilie.
516 2053 1098 2283 Cf. geb. h. de
1214 2142 3020 2342 Sigism: Wer es wagt, ist ein Schurke!
480 2224 941 2431 ausgehört!
1323 2285 3040 2478 Cäcilie ist eine Heilige! - Aber ich
1321 2453 2619 2658 bin der Sache auf der Spur.
1237 2619 2483 2813 Amad: Wie meinen Sie das?
1241 2756 3031 2970 Sigism: Ich kenne die Leute, die die-
1344 2904 2974 3133 ses Gerücht verbreiten und den Ruf
1414 3081 3026 3204 einer Dame antasten, die mir teuer
1419 3211 2999 3404 bleiben wird, was immer geschehen
1414 3367 3083 3561 sollte. Ich kenne diese Leute! - Da
1426 3508 3088 3711 ist vor allem ein gewisser Albertus
1376 3658 3065 3829 Rohn, der die niederträchtigsten Ge-
