3416 4088
2816 413 2996 569 114
1302 550 2866 763 eben Freunde wären... Du hast ihm
1347 765 2400 923 doch das alles gesagt?
1204 891 2809 1055 Cäc. Ja. Aber er glaubt es nicht.
1201 1025 2957 1236 Amad: Nun, man kann eben nur wieder-
1345 1224 2492 1363 holen: ein dummer Junge.
1162 1345 3001 1505 Cäc: Ja, er ist eben jung... Uebrigens
1357 1516 2971 1674 find' ich, die meisten Männer sind
1363 1692 1991 1850 dumme Jungen.
1220 1806 3019 2017 Amad: Die meisten... Wie erfahren du
1375 1969 3028 2142 sprichst! wie überlegen! - Als wenn
1373 2108 3115 2304 du... Nun wie jemand, der Erfahrungen
1373 2286 3015 2455 hinter sich hat; altklug sozusagen.
1315 2434 3072 2631 In diesen paar Monaten kannst du doch
1375 2583 3040 2786 nicht se viel Erfahrungen erworben
1366 2766 2862 2935 haben, um zu allgemeinen Sätzen
1395 2932 3031 3072 über die Männer berechtigt zu sein.
1299 3074 2967 3261 Cäc: Nein, viel Erfahrung hab ich
1398 3184 3015 3416 wirklich bisher nicht, aber es ist
1405 3357 3156 3570 kein Zweifel, dass sie kommen werden.
1274 3519 2941 3727 Amad:  Natürlich. - Immerhin ist es
