3352 4120
2835 372 2928 602 7
673 656 2759 890 fliegen nach verschiedenen Seiten? Bleibt es
723 867 2767 1042 dabei, dass wir von einander gehen? - Nein.
687 1067 2691 1216 Ich könnte mich gar nicht von dir trennen.-
676 1210 1182 1348 Die Leute
687 1374 1129 1523 Wahrheit
695 1495 2075 1661 Dann beginnen sie die Stunde.
698 1613 2776 1799 Und sie reden auch mit einander, wer es ist.
698 1813 1720 1968 Das Haus bleibt rein.
695 1945 2449 2089 Aber geschwankt hat sie schon früher.
704 2111 2508 2266 Zärtlichkeit.. ich glaubte mütterlich.
712 2246 2601 2393 Sie sagt ihm: Auseinander oder Freiheit.
723 2396 2925 2550 Geständnis, Bitterkeit, Befreiung, Arbeit, Bub,
715 2545 2514 2747 über das Vergangene; wir waren nervös.
718 2700 2905 2885 Nun kommt noch die Freundin, die sich bei Tage
740 2905 1365 3060 so langweilt.
732 3018 2888 3195 Nachricht von einem Bekannten, der seine Frau
752 3201 1472 3367 erschossen hat.
743 3305 2919 3477 Lebewohl, Gattin! (Kuss) Freundin, sei gegrüsst
839 3496 1433 3648 :Händedruck:
754 3558 3023 3761 Event.einer, der gezwungen ist, seinen Freund zu
768 3775 1360 3938 erschiessen.
