3432 4088
2772 288 2944 437 111
1296 426 3118 596 Amad: : zuerst zuckend; dann: Nun ja,
1380 582 3010 757 weil solche Dinge doch sehen vorge-
1416 748 3035 902 kommen sind und die Leute doch kei-
1407 909 3109 1058 nen Einblick in unsere Seelen haben.
1276 1054 3030 1210 Cäc: Sigismund wird mich umsoweniger
1398 1188 3093 1385 heiraten, als er mit seiner Cousine,
1389 1362 3019 1539 der Fürstin Nelly, seit Kindheit
1435 1532 2364 1697 gut wie verlebt ist.
1219 1682 2942 1849 Amad: Das wäre doch... Wie? er ist
1425 1845 1951 1990 verlobt?...
1235 1965 2989 2153 Cäc: Es ist ja nicht offiziell, aber
1425 2117 3001 2303 das hindert nicht, dass es irgend
1428 2293 3062 2443 einmal mit einer Heirat enden wird.
1369 2409 2926 2633 Das ist doch auch ganz natürlich,
1283 2633 2887 2763 Amad: Du bist ja sehr resigniert.
1283 2731 3066 2910 Cäe: Ja, was soll man Anderes tun?...
1416 2905 2892 3096 Sähst du mich lieber in Tränen?
1283 3073 2967 3270 Amad: Aber ich finde, es ist gegen
1441 3207 2763 3399 dich gar nicht nett von ihm.
1301 3506 3121 3726 Cäe: Br selbst glaubt janieht daran,
