3528 4168
2709 412 2900 534 164
1467 551 2951 758 sein. - Also in dieser Hinsicht
1470 716 3147 887 gibt es keine Bedenken. - Uebrigens
1426 871 3145 1055 hab ich auch allerlei andere kleine
1479 995 3145 1216 Talente. Ich photographiere, manch¬
1479 1159 3066 1368 mal dicht' ich auch... Aber frei¬
1488 1302 3168 1525 lich, all diese Talente liegen seit
1504 1458 2843 1661 einem Jahr vollkommen brach.
1371 1601 3225 1820 Amad: Das ist höchst verwunderlich und
1516 1797 3108 1958 spricht nicht sehr für die Stärke
1520 1954 3241 2138 dieser Talente. Man sollte doch glav
1523 2064 3234 2274 ben, dass nichts so sehr das Aufblü-
1523 2225 3211 2433 hen von Begabungen fördert, als das
1145 2313 1461 2592 willig.
1534 2396 3119 2585 Bewusstsein zu lieben und geliebt
1534 2603 2043 2748 zu werden.
1408 2695 2942 2917 Sigism: Ja, wenn ich das hätte!
1410 2877 3149 3069 Amad: Nun, Sie scheinen an einem ge-
1557 3029 3059 3205 radezu krankhaften Mistrauen zu
1562 3237 1921 3384 leiden.
560 3181 1419 3474 Ja wir ich mit zuleibt
1440 3331 3108 3529 Sigism: Hat sie Ihnen gesagt, dass
608 3398 903 3610 wüßte
1585 3518 2318 3698 sie mich liebt?
1451 3612 3244 3886 Amad: sieht ihn an. Geht auf und ab.
