3448 4120
2497 421 2701 586 101
1231 603 2075 771 Amad: Der Antrag.
1238 755 3016 918 Cäe: Ja, darüber müssen wir natürlich
1327 892 3053 1098 ausführlich sprechen. Aber da gibt es
1367 1070 2878 1257 geschäftliche Details, wofür ich
1392 1238 2254 1406 heute zu müde bin.
1222 1390 2226 1556 Amad: Na, und sonst?
1224 1535 2953 1715 Cäc: Nun, sonst geht's mir sehr gut;
1371 1656 3046 1857 das siehst du ja. Ich habe mich sehr
1376 1829 3004 2014 gefreut. Man hat doch wieder einmal
1369 2000 2367 2187 gespürt, was man ist.
1224 2091 3098 2339 Amad: Und die Abende, an denen du nicht
453 2177 1124 2353 2. et sel a jours
477 2334 743 2441 beure
1381 2280 2376 2488 beschäftigt warst -?
383 2392 988 2561 in Allard etc.
1255 2432 3037 2633 Cäe: Darüber steht ja alles in meinen
390 2514 1100 2680 in war s-messen.
1376 2591 3042 2796 Briefen.) Dinstag war ich beim Inten-
460 2680 1140 2888 man sei ich habe
1399 2738 2993 2941 danten geladen; sehr schöne Gesell-
1388 2853 3075 3105 schaft. Ich sass zwischen dem Grafen
1374 3060 2993 3254 X. und dem Herrn Y. - Einmal waren
1350 3196 2993 3441 wir im Theater, wie du weisst... in
755 3294 1203 3451 if.d. 1 wie
1402 3357 2843 3581 einem kleinern Vorstadttheater.
1262 3523 2766 3740 Amad: :leicht: Mit Sigismund?
