3400 4120
2156 379 2325 532 191
1275 490 2875 677 gesagt, in der du mich beinah ver-
1273 675 2892 882 zweifelt sahst - verzweiffelter als
1295 816 2804 1035 du je über meine Vergehen warst?
1280 969 2912 1191 Wie lange wolltest du mich denn ei-
1302 1138 2877 1344 gentlich in diesem grausamen Glau-
1308 1291 2884 1500 ben lassen? wie lange wolltest du
1302 1447 2879 1675 mich quälen? wie lange mich deine
1319 1622 2374 1789 Schuld glauben lassen?
1194 1739 2970 1964 Cäc: Wie lang?... Bis sie wahr gewor-
1291 1953 1727 2118 den wäre.
1207 2041 2932 2270 Amad: ss ist genug!... Es ist genus!
1207 2208 2855 2427 Cäc: Unschuldig nennst du mich?...
1352 2350 2928 2603 Ich bin gerade um so viel unschul.
1368 2535 2930 2729 diger als du - als es eben in der
1370 2681 2983 2892 Natur der Frauen liegt, die minder
1377 2828 3031 3045 rasch entschlossen sind. - Aber das
1401 2967 2921 3192 ist auch alles. Du vergisst, was
1359 3109 3060 3342 ich fühlte, was ich wünschte während
1416 3285 2974 3545 dieser letzten Monate. Wer weiss,
1502 3435 3031 3654 ob meine ganze Unschuld auf etwas
