3432 4136
2655 321 2835 459 181
1426 528 3027 721 nachgedacht. Aber in diesem Augen-
1393 729 2915 891 blick weiss ich es. Dein undurch-
1441 847 3088 1035 dringliches Antlitz und dein Kühler
1443 1018 3103 1184 Blick klären mich auf über das, was
1450 1210 3121 1339 zu tun ist... Vergessen wir, was ge-
1415 1352 2902 1502 schehen ist... was seit gestern
1463 1509 2420 1666 Abend geschehen ist.
1343 1629 3101 1834 Cäc: Das wäre ja allerdings sehr ein-
1500 1815 2992 1996 fach... Und das nächste Mal ver-
1465 1970 2448 2158 gessen wir es wieder.
1354 2116 3099 2315 Adam: us ist ja sehr schmeichelhaft,
1516 2278 3142 2452 dass du an ein nächstes Mal denkst,
1524 2417 3101 2599 aber davor wollen wir uns eben hü-
1537 2588 3134 2760 ten! Man könnte sich das Ehrenwort
1496 2745 2448 2957 geben oder schwören.
1413 2883 3121 3125 Cäc: Mein Lieber, du bist sonderbar
1570 3018 3223 3245 lustig. Du scheinst gar keinen rech-
1581 3177 3131 3354 ten Begriff von dem zu haben, was
1583 3282 3230 3542 geschehen ist. Soll ich dir’s sagen
1612 3503 3302 3710 ... Mit der heutigen Nacht ist unse-
