3416 4056
2797 463 2969 588 138
1436 618 2967 743 Nein, es wühlt... es wihlt... Es
1436 764 2979 884 gibt keinen Ausweg. J:Wieder im
1430 940 3032 1041 Zimmer herum. Plötzlicher Einfall:
1440 1087 2935 1193 Ja, es gibt einen!... Dann wird
1447 1221 2967 1344 vielleicht alles gut... Ja, dann
1447 1390 3028 1493 würde mir wohl werden... Ja, das -
1432 1547 3059 1658 nur das! Er geht rasch links ab
1451 1721 3103 1805 und kommt gleich wieder angekleidet
1432 1863 3116 1956 zurück. Er will fortgehen, da kommt
1440 2020 1889 2127 Albertus:
