3560 4200
2673 436 2850 559 171
1378 548 3049 809 lich nach jeder Richtung hin. Sehen
582 688 947 830 Warum
1380 752 3056 967 Sie, lieber Kapellmeister, dass man
1376 922 2960 1139 nicht weiss, ob man geliebt wird,
1355 1073 3095 1270 das ist etwas Edles - ein Gef체hl, mit
1428 1206 2964 1408 dem man sich abfinden kann. Aber
1396 1376 3109 1577 das Schreckliche ist, dass die Leute
1396 1529 3116 1731 kommdn und solche Dinge beschmutzen.
1275 1756 1942 1912 Amad: Wie?...
1288 1852 3095 2088 Sigism: Ja, das ist es, was die Sache
1442 1983 3067 2201 unertr채glich macht: dass ich gegen
1435 2143 3065 2341 meinen Willen... ganz ohne Schuld,
1492 2318 3086 2513 in der reinsten Absicht sozusagen
1426 2462 3040 2678 Frau Adams kompromittiere, - - das
1481 2627 2957 2861 reizt mich, das erbittert mieh.
1522 2646 1706 2753 Kran
1348 2733 3200 2999 Amaa: Ach, k체mmern Sie sich doch nicht
1497 2905 3200 3125 darum! Ich gebe nichts auf die Mein-
1504 3063 3216 3306 ung der Leute. Mir ist das Geschw채tz
1467 3310 2100 3466 gleichgiltig.
1385 3388 3141 3663 Sigism: Aber mir nicht! An der Frau,
1589 3514 3083 3748 die ich zu meiner Gattin machen
