3432 4040
2682 326 2864 467 116
1437 414 3186 620 allein, hatte nur dich - und dich nur
1441 597 3140 770 in der Ferne. Und keiner wusste, dass
1393 768 2490 942 wir uns schon gehörten.
1289 895 3149 1097 Amad: Ja, sag', was willst du mir denn
1446 1074 2402 1240 eigentlich erzählen?
1300 1210 3112 1391 Cäc: Ich will dir eben sagen, dass es
1446 1391 2402 1580 anders geworden ist.
1303 1520 3105 1698 Amad: Seit dir Sigismund teuer ist...
1317 1696 3054 1844 Cäc: Seit du es mir nicht mehr bist.
1448 1856 3019 2029 Seit ich eben frei bin. Die Dinge
1460 2006 3114 2156 können jetzt an mich heran – es ist
1458 2154 3126 2325 kein Panzer mehr um mich. Die ganze
1460 2288 3249 2499 Atmosphäre um mich hat sich verändert.
1472 2473 3087 2670 Es ereignen sich in mir Dinge, die
1476 2615 3239 2790 ich früher nicht für möglich gehalten
224 2707 1252 2992 A. Ich hält es für mögten
1518 2772 3119 2938 hätte. Man weiss eben nie, was in
366 2906 1192 3112 das die zu ernen lassen
1499 2904 3218 3091 einem schlummert... Ja, sogar das Un-
393 3063 1155 3272 die Zeilte manche
1462 3056 3147 3258 glaublichste ist geschehen. Die Men-
421 3239 1201 3459 für gewissen wä
1495 3195 3119 3424 schen, mit denen ich auf der Bühne
1499 3376 3211 3547 zu tun habe, fangen an, Menschen für
1499 3496 3158 3693 mich zu sein... nicht nur Figuren.
