3235 4152
2640 313 2724 419 2
278 616 2702 757 reiner? Nur sind die Leute damit einverstanden, fin-
325 810 2602 913 den nichts Schmutziges drin. Warum sollen solche
341 929 2737 1057 Verhältnisse wie zwischen meiner Frau und mir nicht
328 1101 2712 1217 möglich sein? Weil man den Mann entweder für gefäl-
297 1248 2724 1448 lig oder für dumm hält. Man muss eben kein Hehl dar-
297 1389 2702 1529 aus machen; darauf kommt es an. Und das Wichtigste:
294 1551 2730 1676 man darf nicht in der Gefahr schweben, einander wie-
310 1726 1536 1833 der in die Ärme zu fallen.
300 1855 2536 1980 In ihrem letzten Gespräch, wie sich Dichter und
303 2005 2712 2130 Schauspielerin ihr Leid klagen, kommen sie sich nä-
306 2161 2580 2292 her, werden zärtlich, und das Unvermeidliche ge-
313 2371 710 2455 schieht.
319 2449 2834 2599 Am nächsten Morgen ist der Dichter geneigt, die Sache
332 2611 2737 2752 leicht zu nehmen; die Schauspielerin aber nimmt Ab-
328 2821 1060 2905 schied von ihm.
328 2905 2799 3062 Er: Lassen wir die Andern - ich verzeihe dir, was du
382 3084 2708 3218 getan, du mir. Gehören wir uns einfach wieder an.
341 3234 2777 3375 Sie! Das geht nicht mehr. Wir waren zu sehr Freunde,
357 3359 2840 3540 wir haben einander so viel gesagt, was wir nie hätten
407 3578 1041 3703 sagen dürfen.
403 3634 2837 3831 Aber wir scheiden uns und du wirst mein Geliebter
