3448 4120
2651 604 2783 716 89
1289 758 2872 876 Ich liebe es, die Dinge graphisch
1296 928 2823 1048 darzustellen. :Zeichnet: Das
343 899 1079 1093 Fier mit meer in huys
1300 1061 2908 1171 bist du - das ist deine Frau. Dies
328 1019 658 1255 aus sehr.
1226 1202 2955 1365 hier ist dein Liebesleben - hier das
1276 1360 3022 1505 Liebesleben deiner Frau, Zuerst gehen
1427 1450 1744 1557 Linien
1240 1552 2946 1737 die Ringe parallel, dann trennen sie
1276 1693 1681 1851 sich.....
1140 1806 2455 2025 Amad: Du bist abgeschmaekt.
1088 2009 2845 2168 Alb: Es muss ja nicht sein; ich kann
1273 2145 2656 2321 auch andere Stücke schreiben.
1133 2306 2732 2489 Amad: Es muss ein Lustspiel sein.
1079 2440 2870 2658 Alb: Nein - dann eine Posse, Ich sehe
1255 2614 2845 2814 hier keinen Mittelweg. Es ist ent-
1262 2774 2732 2926 weder tragisch oder eine Posse.
1068 2921 2796 3055 Amad: : im Zimmer herum:  Nein, Men-
1255 3082 2816 3269 schen - ihr seid noch nicht rief!
1244 3242 2964 3428 Ihr seht die göttli he Heiterkeit in
1260 3392 2872 3575 diesen Beziehungen noch nicht! Ihr
1298 3530 2522 3711 seid alle noch nicht reif-
1106 3662 2277 3887 Alb- Wenn du's nur bist.
