3464 4104
2705 400 2838 523 97
1184 547 2375 737 Cäcilie, Albert, Amadeus.
1184 723 2650 898 Amad: Und bist an gut gereist?
1196 854 2971 1058 Cäs: Sehr gut. :Si= hat den Hut ab¬
1335 1068 1689 1214 gelegt:
1191 1154 2938 1382 Das Stubenmädchen: :ist da und nimmt
1345 1321 2678 1535 ihr die Sachen aus der Hand:
1203 1484 2940 1707 Amad: Aber Hunger wirst du schen ha-
1352 1687 1561 1859 ben.
1207 1787 2961 2022 Cäe: Ich hab' schon auf der Bahn was
1356 1935 2978 2135 gegessen. Aber einen Twee werd' ich
1354 2129 2968 2312 noch trinken. Du hast wel schon ge¬
1363 2287 1908 2480 nachtmahlt?
1182 2363 3052 2640 Amad: Nein. Ich hab' auf dich gewartet.
1377 2608 2933 2794 Uebrigens war ich immer in Gesell
1370 2766 1735 2926 schaft.
1242 2878 2992 3043 Alb: Auch meine Frau war da, die Sie
1400 3050 2389 3210 gern sprechen wollte.
1265 3150 3101 3396 Cäs: Nun, ich seh' sie hoffentlich mor-
1412 3420 1624 3564 gen.
1270 3459 3073 3666 Alb: Ich denke wol. Aber nun will ich
1400 3648 2103 3794 mich empfehlen
