3560 4184
2710 361 2899 486 147
1297 480 3071 724 Amad: Ich lehne ausdrücklich jede Am-
1444 654 3062 874 bition ab, ein logischer Mensch zu
1459 775 3152 1021 sein. Das Ganze ist für mich einfach
1468 955 2890 1164 eine Lebensfrage. Wenn ich mit
1466 1103 2976 1321 meiner Frau weiter leben will....
1336 1255 3036 1503 Alb: Hier ist der springende Punkt!
1638 1398 3022 1618 Wenn du mit ihr weiter leben
1495 1567 3064 1783 willst - - Ed gibt für meine Emp¬
1506 1770 3192 1937 findung zwei Lösungen nach dem uner¬
1521 1873 3170 2113 warteten Zwischenfall dieser Nacht.
1525 2023 3119 2252 Entweder du nimmst es leicht - du
1536 2188 3203 2395 hast schon manches Abenteuer gehabt
1640 2391 3163 2564 du hattest heute eines mit einer
1605 2492 3225 2703 schönen Sängerin, die früher deine
1578 2650 3106 2866 Frau, später deine Freundin und
1574 2813 3207 3009 heute Nacht deine Geliebte war. Du
1596 2958 3115 3170 kannst nun alles das machen, was
1587 3091 3187 3324 man sonst mit Geliebten macht: du
1611 3245 3203 3476 kannst sie XXX als Geliebte behal-
1627 3456 3280 3625 ten - oder sie wird allmälig wieder
1629 3614 3330 3806 deine Freundin - oder sie kann - was
