3259 4168
473 651 777 870 I. Akt.
473 790 2750 1017 Schildert das vollkommen freie Leben der beiden.
467 989 2320 1180 Er bekommt Briefe von seiner Geliebten.
470 1131 2940 1330 Eventuell anonymer Brief, der ihn ärgert: "Ihre Frau
489 1315 2240 1472 betrügt sie." Er zeigt ihr den Brief.
476 1478 1963 1613 Wir müssen es den Leuten sagen.
467 1631 2817 1797 Es wäre doch zu dumm, wenn wir auseinandergingen.
485 1791 1026 1954 Unser Kind.
498 1896 2393 2062 Sie ist jetzt einsam, er ist auf Reisen.
498 2049 2827 2252 Sie kann ihm nicht sagen, dass es ihr Mann weiss.
501 2228 2907 2403 Eine betrügerische Frau in Todesangst - event. seine
510 2397 940 2544 Geliebte.
510 2427 2950 2692 Der sittliche Freund, "Deine Frau kommt nicht mehr."
562 2633 2731 2824 Bei dieser Gelegenheit entwickelt sich das Ge-
522 2836 882 3039 spräch.
510 2986 2692 3146 Dichter Glaubst du, ihr seid anständiger? Ihr
578 3109 2867 3278 schlaft mit einander, und alles Uebrige ist euch
578 3269 2996 3450 gleichgiltig, Das ist Treue. Du in den Archiven, sie
578 3426 2016 3626 in ihren Träumen. Nur zu feig.
