3416 4104
996 526 3022 689 Amad: Ah, meine Frau! - Entschuldigen Sie.
332 574 901 735 (jours toutes)
362 687 913 838 (ohne zurück
1014 652 3002 835 Fried: Es kann nicht Ihre Frau sein, denn
1195 823 3025 1001 Sie wissen sehr gut, dass heute Garmen-
1205 1022 2919 1157 Probe in der Oper ist und dass meine
1230 1152 2954 1356 verehrte Kollegin nicht vor halb drei
1220 1308 2901 1467 Uhr nach Hause kommen wird. Und den
1228 1469 2934 1653 Fall gesetzt, dass Seine Durchlaucht
1233 1608 2987 1824 wieder zufällig in der Operngasse auf
521 1706 1120 1854 die gute begebenen
1251 1751 3050 1973 und abgeht; wenn die gnädige Frau eben
1258 1925 3012 2114 die Oper verlässt, kann es sogar noch
508 2021 1132 2222 (über den früher tatret)
1261 2096 2959 2315 später werden um eine Viertelstunde.
634 2174 1052 2328 S. rue Jant.
1072 2224 3090 2443 Amad: Das hat eben noch gefehlt, Vortreff-
347 2479 1666 2740 Hier war meinschiller. Ichsto.
274 2504 523 2657 u. heute
1107 2551 3037 2760 Fried: Himmel, Sie vermuten wol gar eine
299 2725 725 2851 Vor zu sehen.
1336 2657 3057 2914 Absicht hinter dieser Bemerkung 1/Als
292 2791 903 2972 Zeit ich selig trenst
1263 2853 3140 3087 wenn ich nicht wüsste, dass Sie und Ihre
284 2889 908 3055 immer ich mich ergezogen,
1356 3057 3140 3248 Gattin kein Geheimnis vor einander ha-
299 3120 974 3342 Auch wissen die
1324 3316 1542 3415 ben.
322 3286 951 3477 so ich kein Get
1434 3319 2992 3571 Wir haben keines. So wahr es ist,
362 3440 800 3611 um  a gaht
1102 3485 1351 3686 Amad:
1349 3510 3057 3812 dass ich bis heute Agathe jedes Wort
