3448 4088
2707 360 2876 504 121
1226 467 3013 754 ist... Aber andere Zauber werden kom-
1279 727 1497 926 men.
1154 801 3025 1033 Cäc: Das wol. Das ist segar gewiss. -
629 954 940 1195 "Gerrit"
1284 949 2976 1175 Ich fühle mich sozusagen allen Zau-
344 1100 1045 1349 Auil des Captbnt
1312 1135 2881 1335 bern wie mit ausgebreiteten Armen
369 1277 799 1534 nicht vorher
1314 1293 2969 1511 gegenüberstehen, seit ich frei bin.
1323 1506 2639 1636 Es ist wahrhaftig sonderbar.
1671 1616 1887 1725 Ausz
1175 1611 2862 1811 Amad: Mir geht es geradeso. Es ist,
1330 1757 3027 1943 wie wenn man sich in ein Bacchusfest
1328 1924 2943 2147 stürzen wollte, wie wenn ungeheure
1335 2047 3027 2282 Orgien warteten, die tollsten Erleb-
1342 2314 1655 2461 nisse.
1214 2368 2932 2593 Cäc: Die wildesten. Man möchte eine
1358 2546 3015 2762 Göttin sein, grausnhaft weillüstige
1365 2679 3078 2902 Feste feiern. Man war bisher wie hin-
1381 2809 2971 3041 ter Gitterstäben, bestensfalls in
1400 3039 3083 3234 einem wunderschönen Gefängnisgarten.
1397 3157 3087 3366 Es war ja schön; man denkt daran zu-
1455 3310 3062 3538 rück wie an eine längst vergangene
1402 3461 3187 3647 beruhigte Zeit - man war in guter Hut.
