3448 4104
2830 365 2948 483 46
1530 403 1969 582 (n. e. Pouse)
1384 492 2705 698 Amad: Ich habe sie begehrt.
616 584 1097 768 1 : 1: 1/8
1382 682 3081 842 Cäc: Das hat mir ihr Blick erzählt.
599 726 1025 867 et je
1526 831 3041 981 Und auch, dass du sie nicht ver-
616 829 1167 996 sich hatt begeh.
1538 983 2616 1154 geblich begehren wirst.
1399 1137 3005 1317 Amad: Wir sind Menschen, Cäcilie.
1540 1289 3135 1471 Fühlen wir es nicht Beide, und ha¬
1591 1454 3112 1597 ben wir uns je für etwas Anderes
1553 1566 2867 1760 gehalten, als für fehlbare,
1557 1737 3091 1895 schwankende Menschen? Andere ver¬
1555 1893 3041 2070 suchen, diese allgemeine Schuld
1564 2047 3182 2205 durch Leugnen zu büssen, wir durch
1574 2234 3226 2361 Wahrheit. Was hätten Andere als wir
1580 2378 3144 2521 schon in diesem Winter an kleinen
1572 2494 3169 2667 Niederträchtigkeiten, an erbärmli-
1591 2682 3203 2830 chen Verstellungen, an falschen Be-
1576 2855 3055 2990 ruhigngen verbrochen... wie be-
1593 2977 3192 3150 schmutzt wäre ein anderes Verhält-
1675 3108 3264 3292 nis schon im gleichen Moment, und
1635 3296 3123 3479 welcher Besudlung ging' es noch
1620 3444 3049 3627 entgegen, und wie müsste es in
1608 3547 3247 3794 Feigheit und Lüge sich hinschleppen.
