<?xml version="1.0" encoding="UTF-8" standalone="yes"?>
<PcGts xmlns="http://schema.primaresearch.org/PAGE/gts/pagecontent/2013-07-15" xmlns:xsi="http://www.w3.org/2001/XMLSchema-instance" xsi:schemaLocation="http://schema.primaresearch.org/PAGE/gts/pagecontent/2013-07-15 http://schema.primaresearch.org/PAGE/gts/pagecontent/2013-07-15/pagecontent.xsd">
    <Metadata>
        <Creator>prov=READ-COOP:name=TrHtr:version=2.1.0:model_id=51170:date=28_07_2023_13:10</Creator>
        <Created>2023-05-10T11:37:17.836+02:00</Created>
        <LastChange>2023-07-28T13:10:35.428+02:00</LastChange>
        <TranskribusMetadata docId="1428166" pageId="55389355" pageNr="50" tsid="131348844" status="IN_PROGRESS" userId="64420" imgUrl="https://files.transkribus.eu/Get?id=YGHJGXINJMEPGUKBAOEATTFB&amp;fileType=view" xmlUrl="https://files.transkribus.eu/Get?id=WIHJCKRUPZZDYIBMDIFTKSST" imageId="44664244"/>
    </Metadata>
    <Page imageFilename="1428166_0050.jpg" imageWidth="7464" imageHeight="5032">
        <ReadingOrder>
            <OrderedGroup id="ro_1711818576212" caption="Regions reading order">
                <RegionRefIndexed index="0" regionRef="tr_1"/>
            </OrderedGroup>
        </ReadingOrder>
        <TextRegion id="tr_1" custom="readingOrder {index:0;}">
            <Coords points="471,899 6589,899 6589,4522 471,4522"/>
            <TextLine id="tr_1_tl_1" custom="readingOrder {index:0;}">
                <Coords points="5319,1007 5587,974 5822,1003 5883,974 5928,1007 6025,970 6086,1003 6309,983 6313,812 6094,784 5875,869 5672,816 5444,857 5323,824"/>
                <Baseline points="5342,984 5419,978 5509,972 5599,972 5688,961 5778,967 5867,961 5957,961 6046,955 6136,955 6225,949 6315,949"/>
                <TextEquiv>
                    <Unicode>„ beinander,</Unicode>
                </TextEquiv>
            </TextLine>
            <TextLine id="tr_1_tl_2" custom="readingOrder {index:1;}">
                <Coords points="3816,1064 3995,1011 4194,1121 4312,1125 4539,1007 4645,1072 4880,995 5185,1007 5189,820 5067,804 4982,869 4823,800 4632,885 4442,824 4048,889 3820,861"/>
                <Baseline points="3844,996 3850,996 3939,996 4029,996 4118,1002 4208,1002 4297,996 4387,996 4476,990 4566,990 4655,984 4745,984 4835,984 4924,984 5014,978 5103,972 5193,961"/>
                <TextEquiv>
                    <Unicode>entschlief gedruckt.</Unicode>
                </TextEquiv>
            </TextLine>
            <TextLine id="tr_1_tl_3" custom="readingOrder {index:2;}">
                <Coords points="1137,1076 2229,1125 2639,1043 2826,1112 3041,1023 3114,1092 3666,1015 3670,889 3504,808 3167,889 2663,836 2590,909 2371,832 1937,987 1514,836 1141,958"/>
                <Baseline points="1158,1062 1169,1062 1259,1062 1349,1056 1438,1056 1528,1056 1617,1050 1707,1050 1796,1050 1886,1050 1975,1044 2065,1044 2154,1044 2244,1038 2333,1038 2423,1032 2513,1032 2602,1032 2692,1026 2781,1026 2871,1020 2960,1014 3050,1008 3139,1002 3229,1002 3318,996 3408,996 3497,996 3587,996 3677,1002"/>
                <TextEquiv>
                    <Unicode>aufhören zu lachen. Wie ist ist dieses</Unicode>
                </TextEquiv>
            </TextLine>
            <TextLine id="tr_1_tl_4" custom="readingOrder {index:3;}">
                <Coords points="3796,1186 4462,1259 4637,1161 4921,1283 5140,1149 6009,1194 6256,1145 6261,1072 5688,978 4742,1076 4466,999 4255,1129 4015,1015 3800,1039"/>
                <Baseline points="3820,1158 3850,1158 3939,1152 4029,1152 4118,1152 4208,1158 4297,1152 4387,1152 4476,1152 4566,1152 4655,1152 4745,1152 4835,1152 4924,1152 5014,1146 5103,1146 5193,1140 5282,1140 5372,1140 5461,1134 5551,1128 5640,1128 5730,1128 5819,1128 5909,1122 5999,1122 6088,1122 6178,1116 6267,1122"/>
                <TextEquiv>
                    <Unicode>der Kutscher, nirgutes Bekannter von</Unicode>
                </TextEquiv>
            </TextLine>
            <TextLine id="tr_1_tl_5" custom="readingOrder {index:4;}">
                <Coords points="1116,1238 2006,1291 2115,1210 2952,1181 3082,1250 3467,1165 3662,1242 3670,1015 3272,1104 3033,1023 2870,1125 2651,1052 2448,1141 1957,1068 1778,1169 1527,1076 1121,1125"/>
                <Baseline points="1140,1217 1169,1217 1259,1217 1349,1217 1438,1217 1528,1217 1617,1211 1707,1211 1796,1205 1886,1205 1975,1205 2065,1199 2154,1199 2244,1193 2333,1193 2423,1193 2513,1187 2602,1187 2692,1187 2781,1181 2871,1181 2960,1175 3050,1169 3139,1169 3229,1169 3318,1169 3408,1163 3497,1163 3587,1163 3677,1158"/>
                <TextEquiv>
                    <Unicode>Sachen, sagt er. - Wir sitzen, in der</Unicode>
                </TextEquiv>
            </TextLine>
            <TextLine id="tr_1_tl_6" custom="readingOrder {index:5;}">
                <Coords points="3780,1364 5051,1311 5449,1409 5790,1287 6394,1364 6399,1157 5140,1149 4917,1283 4641,1157 4178,1295 3780,1250"/>
                <Baseline points="3802,1331 3814,1325 3903,1325 3993,1325 4082,1325 4172,1325 4261,1319 4351,1319 4441,1313 4530,1319 4620,1319 4709,1313 4799,1313 4888,1313 4978,1307 5067,1307 5157,1301 5246,1301 5336,1301 5425,1301 5515,1295 5605,1295 5694,1289 5784,1283 5873,1283 5963,1283 6052,1277 6142,1283 6231,1277 6321,1277 6410,1271"/>
                <TextEquiv>
                    <Unicode>einer, erkennt auch, bittet mich, ich soll</Unicode>
                </TextEquiv>
            </TextLine>
            <TextLine id="tr_1_tl_7" custom="readingOrder {index:6;}">
                <Coords points="1121,1470 1579,1389 2225,1462 2444,1372 2635,1470 3106,1344 3276,1417 3577,1380 3581,1210 3459,1161 3118,1303 2948,1181 2265,1340 2071,1230 1125,1242"/>
                <Baseline points="1146,1378 1163,1372 1253,1378 1343,1378 1432,1378 1522,1372 1611,1372 1701,1372 1790,1372 1880,1372 1969,1366 2059,1360 2148,1360 2238,1366 2327,1366 2417,1360 2507,1360 2596,1360 2686,1354 2775,1349 2865,1343 2954,1343 3044,1337 3133,1337 3223,1337 3312,1337 3402,1331 3491,1325 3581,1325"/>
                <TextEquiv>
                    <Unicode>Postkutschen, und fahren in die</Unicode>
                </TextEquiv>
            </TextLine>
            <TextLine id="tr_1_tl_8" custom="readingOrder {index:7;}">
                <Coords points="3808,1518 4547,1490 4710,1600 4884,1498 4973,1571 5075,1494 6033,1522 6281,1474 6285,1344 5984,1372 5790,1287 5440,1409 4831,1315 4235,1429 3971,1336 3808,1421"/>
                <Baseline points="3832,1486 3868,1486 3957,1486 4047,1486 4136,1486 4226,1480 4315,1480 4405,1474 4494,1474 4584,1474 4673,1474 4763,1474 4852,1474 4942,1474 5032,1474 5121,1474 5211,1474 5300,1468 5390,1462 5479,1456 5569,1462 5658,1456 5748,1450 5837,1450 5927,1450 6016,1450 6106,1444 6195,1450 6285,1462"/>
                <TextEquiv>
                    <Unicode>ihm wieder selfen, stockfinsten</Unicode>
                </TextEquiv>
            </TextLine>
            <TextLine id="tr_1_tl_9" custom="readingOrder {index:8;}">
                <Coords points="1141,1604 1502,1669 1847,1547 3589,1559 3622,1368 3276,1417 3102,1348 2952,1425 2842,1352 2607,1474 2363,1401 1920,1482 1632,1389 1145,1462"/>
                <Baseline points="1169,1534 1211,1546 1301,1546 1390,1546 1480,1546 1569,1546 1659,1540 1748,1540 1838,1540 1928,1540 2017,1540 2107,1534 2196,1534 2286,1528 2375,1528 2465,1522 2554,1516 2644,1516 2733,1510 2823,1510 2912,1504 3002,1504 3092,1504 3181,1504 3271,1498 3360,1498 3450,1498 3539,1498 3629,1498"/>
                <TextEquiv>
                    <Unicode>Nacht sinein; E er, der Herr von</Unicode>
                </TextEquiv>
            </TextLine>
            <TextLine id="tr_1_tl_10" custom="readingOrder {index:9;}">
                <Coords points="3869,1738 4101,1774 4279,1665 4697,1656 4876,1754 5168,1644 5465,1750 5696,1632 5911,1705 6143,1628 6147,1474 5327,1559 5091,1486 4986,1575 4880,1498 4734,1596 4231,1490 3873,1616"/>
                <Baseline points="3891,1659 3915,1647 4005,1647 4094,1647 4184,1641 4273,1641 4363,1647 4452,1647 4542,1641 4632,1635 4721,1635 4811,1635 4900,1635 4990,1641 5079,1641 5169,1641 5258,1629 5348,1629 5437,1611 5527,1605 5616,1605 5706,1599 5796,1599 5885,1605 5975,1605 6064,1605 6154,1611"/>
                <TextEquiv>
                    <Unicode>Nacht war’s Ehenhin - Eliche, Elise</Unicode>
                </TextEquiv>
            </TextLine>
            <TextLine id="tr_1_tl_11" custom="readingOrder {index:10;}">
                <Coords points="1165,1766 1689,1721 1904,1807 2310,1685 3280,1734 3589,1681 3593,1604 3276,1543 2992,1612 2854,1522 2537,1624 1855,1547 1490,1673 1169,1620"/>
                <Baseline points="1193,1701 1271,1707 1360,1707 1450,1713 1540,1707 1629,1701 1719,1695 1808,1695 1898,1695 1987,1695 2077,1689 2166,1689 2256,1689 2345,1683 2435,1677 2524,1677 2614,1677 2704,1677 2793,1677 2883,1671 2972,1671 3062,1671 3151,1665 3241,1665 3330,1659 3420,1653 3509,1647 3599,1659"/>
                <TextEquiv>
                    <Unicode>Monocle Ewer waren die einzige</Unicode>
                </TextEquiv>
            </TextLine>
            <TextLine id="tr_1_tl_12" custom="readingOrder {index:11;}">
                <Coords points="3861,1843 6330,1815 6399,1807 6403,1624 6265,1592 6070,1717 5976,1652 5428,1746 5270,1673 4868,1754 4657,1652 4214,1677 4076,1782 3861,1742"/>
                <Baseline points="3885,1814 3903,1814 3993,1814 4082,1814 4172,1808 4261,1808 4351,1808 4441,1808 4530,1802 4620,1796 4709,1796 4799,1796 4888,1796 4978,1796 5067,1802 5157,1802 5246,1802 5336,1802 5425,1796 5515,1790 5605,1784 5694,1778 5784,1778 5873,1778 5963,1778 6052,1778 6142,1772 6231,1766 6321,1766 6410,1772"/>
                <TextEquiv>
                    <Unicode>ruft der Herr von Monoele - Kirt</Unicode>
                </TextEquiv>
            </TextLine>
            <TextLine id="tr_1_tl_13" custom="readingOrder {index:12;}">
                <Coords points="1141,1896 3305,1933 3654,1827 3658,1689 2651,1770 2298,1685 2075,1815 1141,1774"/>
                <Baseline points="1163,1880 1241,1874 1331,1880 1420,1880 1510,1874 1599,1868 1689,1868 1778,1862 1868,1862 1957,1862 2047,1868 2136,1862 2226,1856 2316,1856 2405,1856 2495,1850 2584,1850 2674,1850 2763,1844 2853,1838 2942,1832 3032,1838 3121,1832 3211,1826 3300,1826 3390,1826 3480,1814 3569,1814 3659,1814"/>
                <TextEquiv>
                    <Unicode>im Wagen, fasst mich um den Hals</Unicode>
                </TextEquiv>
            </TextLine>
            <TextLine id="tr_1_tl_14" custom="readingOrder {index:13;}">
                <Coords points="3857,2018 4332,1985 4490,2075 4649,1977 4766,2034 5026,1973 5221,2079 5420,1961 6155,1981 6240,1876 6086,1782 5347,1933 5160,1819 4896,1900 4641,1803 3861,1839"/>
                <Baseline points="3879,1975 3921,1975 4011,1975 4100,1975 4190,1975 4279,1975 4369,1969 4458,1969 4548,1963 4638,1957 4727,1951 4817,1957 4906,1957 4996,1957 5085,1957 5175,1957 5264,1963 5354,1957 5443,1957 5533,1951 5622,1945 5712,1945 5802,1945 5891,1945 5981,1939 6070,1934 6160,1928 6249,1928"/>
                <TextEquiv>
                    <Unicode>kurt, ruft er dann, weibt sich sein</Unicode>
                </TextEquiv>
            </TextLine>
            <TextLine id="tr_1_tl_15" custom="readingOrder {index:14;}">
                <Coords points="1137,2050 1636,2054 1738,2148 1969,2026 2854,2079 3252,2006 3382,2095 3557,2062 3565,1864 3203,1941 2643,1872 2481,1969 2127,1855 2022,1941 1141,1896"/>
                <Baseline points="1158,2029 1241,2035 1331,2035 1420,2041 1510,2035 1599,2035 1689,2029 1778,2023 1868,2023 1957,2023 2047,2023 2136,2011 2226,2017 2316,2011 2405,2011 2495,2005 2584,2005 2674,2005 2763,1999 2853,1999 2942,1993 3032,1987 3121,1987 3211,1993 3300,1981 3390,1981 3480,1975 3569,1975"/>
                <TextEquiv>
                    <Unicode>und sagt: Wie gut, daß wir nicht</Unicode>
                </TextEquiv>
            </TextLine>
            <TextLine id="tr_1_tl_16" custom="readingOrder {index:15;}">
                <Coords points="3825,2221 4608,2127 5140,2196 5542,2111 6232,2140 6309,2127 6313,1953 5201,2071 4945,1973 4490,2075 4393,1993 4117,2058 4019,1993 3829,2071"/>
                <Baseline points="3850,2142 3903,2142 3993,2142 4082,2142 4172,2136 4261,2136 4351,2136 4441,2136 4530,2130 4620,2125 4709,2125 4799,2125 4888,2119 4978,2113 5067,2113 5157,2113 5246,2107 5336,2107 5425,2107 5515,2101 5605,2101 5694,2101 5784,2101 5873,2095 5963,2095 6052,2095 6142,2083 6231,2083 6321,2083"/>
                <TextEquiv>
                    <Unicode>kein, und bemerkt, wie ich eben dabei</Unicode>
                </TextEquiv>
            </TextLine>
            <TextLine id="tr_1_tl_17" custom="readingOrder {index:16;}">
                <Coords points="1133,2270 1656,2213 1985,2318 2278,2192 2395,2270 2501,2201 3370,2213 3609,2172 3613,2046 3358,2107 2907,2046 2781,2119 2489,2010 1734,2152 1632,2054 1137,2119"/>
                <Baseline points="1158,2196 1199,2196 1289,2196 1378,2196 1468,2196 1557,2196 1647,2190 1737,2190 1826,2190 1916,2190 2005,2178 2095,2178 2184,2178 2274,2178 2363,2172 2453,2166 2542,2166 2632,2166 2721,2166 2811,2172 2901,2166 2990,2160 3080,2160 3169,2154 3259,2154 3348,2148 3438,2148 3527,2142 3617,2148"/>
                <TextEquiv>
                    <Unicode>mit der Eisenbahn gefahren sind,</Unicode>
                </TextEquiv>
            </TextLine>
            <TextLine id="tr_1_tl_18" custom="readingOrder {index:17;}">
                <Coords points="3857,2363 4121,2416 4393,2310 4580,2391 5729,2265 6212,2363 6399,2274 6403,2107 5538,2115 5205,2237 4580,2136 4255,2265 4040,2176 3861,2270"/>
                <Baseline points="3879,2310 3903,2310 3993,2304 4082,2304 4172,2310 4261,2310 4351,2304 4441,2304 4530,2298 4620,2292 4709,2286 4799,2292 4888,2292 4978,2292 5067,2286 5157,2280 5246,2280 5336,2280 5425,2274 5515,2268 5605,2262 5694,2262 5784,2262 5873,2262 5963,2268 6052,2262 6142,2262 6231,2256 6321,2250 6410,2256"/>
                <TextEquiv>
                    <Unicode>bin, den Pferden wieder aufgehelfen</Unicode>
                </TextEquiv>
            </TextLine>
            <TextLine id="tr_1_tl_19" custom="readingOrder {index:18;}">
                <Coords points="1116,2424 3650,2371 3686,2119 3398,2225 2497,2205 1989,2314 1644,2209 1121,2314"/>
                <Baseline points="1140,2393 1187,2393 1277,2387 1366,2375 1456,2369 1546,2363 1635,2357 1725,2351 1814,2345 1904,2339 1993,2339 2083,2339 2172,2339 2262,2333 2351,2333 2441,2333 2530,2333 2620,2333 2709,2333 2799,2327 2889,2327 2978,2322 3068,2322 3157,2316 3247,2316 3336,2316 3426,2316 3515,2310 3605,2316 3694,2316"/>
                <TextEquiv>
                    <Unicode>so können wir länger in dieser Frau</Unicode>
                </TextEquiv>
            </TextLine>
            <TextLine id="tr_1_tl_20" custom="readingOrder {index:19;}">
                <Coords points="3881,2489 4397,2464 4608,2550 4783,2456 5611,2513 6070,2436 6147,2513 6289,2424 6476,2481 6480,2339 3885,2351"/>
                <Baseline points="3903,2465 3975,2465 4064,2465 4154,2459 4244,2459 4333,2453 4423,2453 4512,2453 4602,2453 4691,2447 4781,2447 4870,2447 4960,2447 5049,2447 5139,2441 5228,2435 5318,2429 5408,2423 5497,2423 5587,2423 5676,2423 5766,2423 5855,2417 5945,2417 6034,2417 6124,2417 6213,2417 6303,2411 6392,2423 6482,2435"/>
                <TextEquiv>
                    <Unicode>ein Licht geht ihm auf; er fängt an, herum,</Unicode>
                </TextEquiv>
            </TextLine>
            <TextLine id="tr_1_tl_21" custom="readingOrder {index:20;}">
                <Coords points="1092,2566 2830,2497 3163,2562 3386,2513 3390,2408 3045,2339 2781,2347 2631,2452 2375,2351 1092,2444"/>
                <Baseline points="1116,2542 1158,2536 1247,2536 1337,2530 1426,2524 1516,2518 1605,2513 1695,2507 1784,2507 1874,2501 1963,2501 2053,2501 2142,2495 2232,2495 2322,2495 2411,2495 2501,2495 2590,2495 2680,2489 2769,2489 2859,2489 2948,2483 3038,2483 3127,2483 3217,2477 3306,2477 3396,2483"/>
                <TextEquiv>
                    <Unicode>lichen Dunkelheitbei einander sitzen.</Unicode>
                </TextEquiv>
            </TextLine>
            <TextLine id="tr_1_tl_22" custom="readingOrder {index:21;}">
                <Coords points="3857,2655 4162,2724 4401,2635 4527,2745 4758,2615 5968,2586 6212,2692 6358,2623 6362,2428 5680,2554 5225,2436 4612,2550 4088,2473 3861,2566"/>
                <Baseline points="3879,2638 3951,2644 4041,2638 4130,2632 4220,2632 4309,2620 4399,2620 4488,2614 4578,2614 4667,2614 4757,2608 4846,2608 4936,2608 5026,2608 5115,2602 5205,2602 5294,2596 5384,2596 5473,2596 5563,2590 5652,2590 5742,2590 5831,2590 5921,2584 6010,2578 6100,2578 6190,2578 6279,2572 6369,2584"/>
                <TextEquiv>
                    <Unicode>zu schien, bemerkt meine gute Er¬</Unicode>
                </TextEquiv>
            </TextLine>
            <TextLine id="tr_1_tl_23" custom="readingOrder {index:22;}">
                <Coords points="1141,2781 1823,2680 1933,2777 2229,2797 2371,2667 3394,2696 3630,2651 3634,2452 3179,2586 3000,2497 2306,2586 2209,2529 1993,2643 1762,2533 1145,2574"/>
                <Baseline points="1169,2680 1223,2674 1313,2674 1402,2674 1492,2674 1581,2674 1671,2668 1760,2668 1850,2668 1939,2668 2029,2668 2119,2668 2208,2662 2298,2662 2387,2656 2477,2662 2566,2656 2656,2656 2745,2650 2835,2644 2924,2644 3014,2644 3103,2644 3193,2644 3283,2644 3372,2638 3462,2632 3551,2632 3641,2638"/>
                <TextEquiv>
                    <Unicode>Ich sag drauf. Ich fahr lieber mit der</Unicode>
                </TextEquiv>
            </TextLine>
            <TextLine id="tr_1_tl_24" custom="readingOrder {index:23;}">
                <Coords points="3816,2850 4726,2822 4872,2895 5132,2777 5765,2753 6382,2830 6390,2619 6208,2692 5968,2590 5538,2663 4754,2615 4531,2745 4413,2647 3820,2696"/>
                <Baseline points="3838,2817 3891,2805 3981,2799 4070,2793 4160,2787 4250,2781 4339,2775 4429,2781 4518,2769 4608,2769 4697,2769 4787,2775 4876,2775 4966,2775 5055,2769 5145,2763 5234,2763 5324,2757 5414,2757 5503,2757 5593,2745 5682,2739 5772,2739 5861,2739 5951,2733 6040,2733 6130,2733 6219,2733 6309,2739 6398,2739"/>
                <TextEquiv>
                    <Unicode>konntschaft mit dem kutscher und.</Unicode>
                </TextEquiv>
            </TextLine>
            <TextLine id="tr_1_tl_25" custom="readingOrder {index:24;}">
                <Coords points="1214,2935 1725,2842 2671,2899 3175,2830 3333,2907 3504,2814 3626,2883 3670,2688 2367,2671 2229,2797 1933,2777 1815,2680 1555,2793 1214,2801"/>
                <Baseline points="1235,2835 1265,2835 1354,2829 1444,2829 1534,2829 1623,2829 1713,2829 1802,2829 1892,2835 1981,2835 2071,2835 2160,2835 2250,2829 2339,2823 2429,2817 2518,2817 2608,2817 2698,2811 2787,2817 2877,2817 2966,2817 3056,2811 3145,2811 3235,2811 3324,2817 3414,2811 3503,2805 3593,2811 3682,2811"/>
                <TextEquiv>
                    <Unicode>Es seebahn, mit der Eisenbahn Fahrt</Unicode>
                </TextEquiv>
            </TextLine>
            <TextLine id="tr_1_tl_26" custom="readingOrder {index:25;}">
                <Coords points="3780,2980 4856,3045 4961,2964 5290,3053 5798,2931 6366,2943 6370,2814 5765,2753 5375,2866 5164,2777 4803,2895 3946,2850 3780,2915"/>
                <Baseline points="3802,2966 3873,2960 3963,2954 4053,2948 4142,2948 4232,2942 4321,2942 4411,2936 4500,2936 4590,2936 4679,2936 4769,2936 4858,2930 4948,2930 5037,2924 5127,2918 5217,2918 5306,2918 5396,2918 5485,2918 5575,2912 5664,2912 5754,2906 5843,2906 5933,2901 6022,2901 6112,2895 6201,2895 6291,2895 6381,2906"/>
                <TextEquiv>
                    <Unicode>kumarmt mich, kusst mich. Druckt mit</Unicode>
                </TextEquiv>
            </TextLine>
            <TextLine id="tr_1_tl_27" custom="readingOrder {index:26;}">
                <Coords points="1116,3086 1547,3000 1648,3098 1892,3004 2302,3025 2412,3114 2789,2976 3098,3061 3216,2980 3642,3013 3646,2887 2895,2935 2574,2834 1823,2903 1725,2842 1116,2968"/>
                <Baseline points="1140,3032 1146,3026 1235,3020 1325,3014 1414,3008 1504,3002 1593,2996 1683,2996 1772,2996 1862,2996 1951,2996 2041,2996 2130,2990 2220,2990 2310,2996 2399,2984 2489,2984 2578,2984 2668,2978 2757,2972 2847,2972 2936,2972 3026,2978 3115,2978 3205,2978 3294,2972 3384,2966 3474,2966 3563,2966 3653,2960"/>
                <TextEquiv>
                    <Unicode>man schneller; ich hab ja eigentlich</Unicode>
                </TextEquiv>
            </TextLine>
            <TextLine id="tr_1_tl_28" custom="readingOrder {index:27;}">
                <Coords points="2745,3069 2801,3082 2830,3082 2846,3069 2854,3086 2879,3065 2927,3069 2943,3082 2988,3073 2992,2976 2943,2980 2903,3008 2883,2992 2858,2996 2822,2976 2749,2980"/>
                <Baseline points="2769,3056 2817,3044 2906,3038 2996,3044"/>
                <TextEquiv>
                    <Unicode>Avril</Unicode>
                </TextEquiv>
            </TextLine>
            <TextLine id="tr_1_tl_29" custom="readingOrder {index:28;}">
                <Coords points="3845,3211 3954,3236 4182,3130 4332,3126 4442,3163 4620,3130 4669,3175 4730,3151 4819,3191 4941,3155 4945,3000 4665,3077 4271,2992 4125,3017 4040,2964 3849,3025"/>
                <Baseline points="3868,3127 3879,3133 3969,3121 4059,3109 4148,3103 4238,3103 4327,3103 4417,3103 4506,3103 4596,3103 4685,3103 4775,3097 4864,3092 4954,3080"/>
                <TextEquiv>
                    <Unicode>feßer an sich</Unicode>
                </TextEquiv>
            </TextLine>
            <TextLine id="tr_1_tl_30" custom="readingOrder {index:29;}">
                <Coords points="1173,3285 1608,3220 1795,3280 1916,3167 2209,3146 2550,3228 2842,3163 3435,3224 3544,3126 3638,3159 3642,3033 3459,2972 2814,3090 2651,3017 2399,3118 2172,3025 1880,3008 1713,3110 1555,3004 1177,3041"/>
                <Baseline points="1199,3169 1229,3169 1319,3169 1408,3163 1498,3163 1587,3157 1677,3157 1766,3157 1856,3157 1945,3151 2035,3151 2125,3151 2214,3145 2304,3151 2393,3151 2483,3151 2572,3151 2662,3151 2751,3145 2841,3151 2930,3145 3020,3139 3109,3133 3199,3133 3289,3127 3378,3127 3468,3121 3557,3121 3647,3115"/>
                <TextEquiv>
                    <Unicode>recht gehabt, es ist ja wahr, daß</Unicode>
                </TextEquiv>
            </TextLine>
            <TextLine id="tr_1_tl_31" custom="readingOrder {index:30;}">
                <Coords points="4856,3325 4949,3280 5075,3362 5193,3272 5489,3260 5716,3366 5834,3272 6127,3244 6127,3114 5745,3082 5327,3163 4994,3110 4860,3175"/>
                <Baseline points="4882,3253 4972,3253 5061,3253 5151,3247 5240,3247 5330,3241 5419,3241 5509,3241 5599,3241 5688,3241 5778,3235 5867,3235 5957,3235 6046,3223 6136,3223"/>
                <TextEquiv>
                    <Unicode>achter Auftritt:</Unicode>
                </TextEquiv>
            </TextLine>
            <TextLine id="tr_1_tl_32" custom="readingOrder {index:31;}">
                <Coords points="1112,3402 3228,3329 3378,3443 3739,3370 3743,3155 2720,3248 2229,3142 2111,3224 1920,3167 1799,3280 1112,3301"/>
                <Baseline points="1134,3354 1152,3354 1241,3348 1331,3342 1420,3336 1510,3330 1599,3324 1689,3324 1778,3318 1868,3318 1957,3318 2047,3306 2136,3312 2226,3312 2316,3318 2405,3318 2495,3312 2584,3312 2674,3306 2763,3306 2853,3318 2942,3318 3032,3312 3121,3312 3211,3306 3300,3306 3390,3306 3480,3300 3569,3294 3659,3294 3748,3289"/>
                <TextEquiv>
                    <Unicode>man mit der Eisenbahn schneller Fahr,</Unicode>
                </TextEquiv>
            </TextLine>
            <TextLine id="tr_1_tl_33" custom="readingOrder {index:32;}">
                <Coords points="4568,3459 4701,3435 4856,3512 4961,3435 5367,3459 5623,3414 5871,3479 5875,3293 5704,3370 5323,3256 5063,3390 4783,3289 4572,3313"/>
                <Baseline points="4590,3420 4626,3414 4715,3420 4805,3420 4894,3426 4984,3432 5073,3432 5163,3420 5252,3408 5342,3408 5431,3408 5521,3402 5611,3402 5700,3402 5790,3408 5879,3402"/>
                <TextEquiv>
                    <Unicode>Vorige. Roderich.</Unicode>
                </TextEquiv>
            </TextLine>
            <TextLine id="tr_1_tl_34" custom="readingOrder {index:33;}">
                <Coords points="1157,3516 1697,3492 1876,3617 2030,3496 2391,3544 2497,3475 2765,3569 3061,3475 3285,3585 3662,3524 3662,3362 3479,3414 3256,3313 2745,3451 2513,3341 2225,3398 2026,3325 1774,3447 1486,3358 1356,3451 1157,3427"/>
                <Baseline points="1181,3485 1253,3491 1343,3497 1432,3491 1522,3491 1611,3485 1701,3485 1790,3485 1880,3480 1969,3480 2059,3480 2148,3480 2238,3474 2327,3474 2417,3474 2507,3474 2596,3468 2686,3480 2775,3480 2865,3480 2954,3480 3044,3474 3133,3474 3223,3468 3312,3468 3402,3462 3491,3462 3581,3468 3671,3462"/>
                <TextEquiv>
                    <Unicode>und wie ich das sag, günigs, hogs,</Unicode>
                </TextEquiv>
            </TextLine>
            <TextLine id="tr_1_tl_35" custom="readingOrder {index:34;}">
                <Coords points="3910,3626 6293,3609 6354,3455 5591,3414 5168,3508 4957,3435 4831,3512 4701,3435 4373,3496 3914,3410"/>
                <Baseline points="3933,3599 3945,3599 4035,3605 4124,3599 4214,3593 4303,3599 4393,3593 4482,3587 4572,3587 4661,3587 4751,3587 4840,3587 4930,3581 5020,3581 5109,3575 5199,3569 5288,3563 5378,3563 5467,3557 5557,3551 5646,3551 5736,3557 5825,3557 5915,3557 6004,3551 6094,3551 6184,3545 6273,3545 6363,3551"/>
                <TextEquiv>
                    <Unicode>Roderich. Um Himmels Willen, Sie stehen</Unicode>
                </TextEquiv>
            </TextLine>
            <TextLine id="tr_1_tl_36" custom="readingOrder {index:35;}">
                <Coords points="1141,3682 1868,3638 2083,3747 2221,3658 2745,3630 3358,3703 3358,3569 3187,3581 3073,3479 2805,3581 2257,3557 2176,3492 1896,3605 1693,3488 1514,3593 1141,3540"/>
                <Baseline points="1163,3635 1217,3641 1307,3641 1396,3641 1486,3641 1575,3641 1665,3641 1754,3635 1844,3641 1934,3629 2023,3629 2113,3635 2202,3635 2292,3635 2381,3641 2471,3635 2560,3635 2650,3635 2739,3629 2829,3629 2918,3635 3008,3629 3097,3629 3187,3623 3277,3617 3366,3617"/>
                <TextEquiv>
                    <Unicode>kracks schnucks perdang</Unicode>
                </TextEquiv>
            </TextLine>
            <TextLine id="tr_1_tl_37" custom="readingOrder {index:36;}">
                <Coords points="3954,3808 4628,3764 4799,3853 5323,3743 5513,3829 5664,3743 6106,3796 6277,3735 6281,3597 5509,3593 5367,3678 4880,3589 4657,3686 4547,3630 4458,3711 3958,3719"/>
                <Baseline points="3981,3772 4047,3760 4136,3766 4226,3760 4315,3754 4405,3754 4494,3754 4584,3748 4673,3748 4763,3742 4852,3748 4942,3748 5032,3742 5121,3736 5211,3736 5300,3730 5390,3724 5479,3724 5569,3718 5658,3718 5748,3718 5837,3718 5927,3712 6016,3712 6106,3712 6195,3712 6285,3706"/>
                <TextEquiv>
                    <Unicode>da, und wissen gar nicht, daß Sie</Unicode>
                </TextEquiv>
            </TextLine>
            <TextLine id="tr_1_tl_38" custom="readingOrder {index:37;}">
                <Coords points="1165,3873 2322,3812 2521,3906 2810,3796 3691,3800 3695,3666 3557,3617 3374,3723 2278,3650 2144,3764 1847,3638 1701,3755 1389,3662 1169,3764"/>
                <Baseline points="1187,3814 1199,3814 1289,3808 1378,3808 1468,3802 1557,3808 1647,3808 1737,3802 1826,3802 1916,3802 2005,3796 2095,3796 2184,3796 2274,3796 2363,3796 2453,3796 2542,3790 2632,3796 2721,3790 2811,3790 2901,3784 2990,3784 3080,3784 3169,3784 3259,3778 3348,3778 3438,3772 3527,3772 3617,3778 3706,3790"/>
                <TextEquiv>
                    <Unicode>kollert die kutsch über einen Stein</Unicode>
                </TextEquiv>
            </TextLine>
            <TextLine id="tr_1_tl_39" custom="readingOrder {index:38;}">
                <Coords points="3942,3979 4482,3922 4957,4011 5055,3934 5712,3950 5842,3881 6062,3934 6281,3894 6285,3743 5919,3804 5664,3743 5461,3849 5034,3800 4937,3873 4628,3764 3946,3820"/>
                <Baseline points="3963,3945 4053,3939 4142,3933 4232,3927 4321,3927 4411,3921 4500,3915 4590,3915 4679,3921 4769,3921 4858,3921 4948,3921 5037,3915 5127,3909 5217,3909 5306,3903 5396,3903 5485,3897 5575,3897 5664,3891 5754,3885 5843,3879 5933,3879 6022,3879 6112,3873 6201,3873 6291,3868"/>
                <TextEquiv>
                    <Unicode>möglicherweise, mein Fräulein in</Unicode>
                </TextEquiv>
            </TextLine>
            <TextLine id="tr_1_tl_40" custom="readingOrder {index:39;}">
                <Coords points="1141,4076 1389,3979 2517,4032 2927,3958 3090,4023 3414,3946 3581,4011 3581,3829 3492,3788 3057,3902 2826,3837 2639,3938 1949,3829 1145,3906"/>
                <Baseline points="1169,3993 1175,3987 1265,3987 1354,3981 1444,3975 1534,3975 1623,3981 1713,3975 1802,3969 1892,3969 1981,3969 2071,3963 2160,3969 2250,3969 2339,3969 2429,3969 2518,3969 2608,3969 2698,3963 2787,3963 2877,3957 2966,3951 3056,3951 3145,3945 3235,3945 3324,3939 3414,3939 3503,3945 3593,3951"/>
                <TextEquiv>
                    <Unicode>in einem Graben; aber zugleich</Unicode>
                </TextEquiv>
            </TextLine>
            <TextLine id="tr_1_tl_41" custom="readingOrder {index:40;}">
                <Coords points="3958,4133 6139,4097 6273,4064 6277,3894 5063,3934 4819,4023 4527,3942 3963,3958"/>
                <Baseline points="3981,4100 4041,4100 4130,4100 4220,4094 4309,4094 4399,4094 4488,4088 4578,4088 4667,4082 4757,4082 4846,4076 4936,4076 5026,4070 5115,4070 5205,4070 5294,4064 5384,4064 5473,4059 5563,4059 5652,4053 5742,4047 5831,4041 5921,4035 6010,4035 6100,4035 6190,4035 6279,4041"/>
                <TextEquiv>
                    <Unicode>diesem Moment Ihre Frau Mutter</Unicode>
                </TextEquiv>
            </TextLine>
            <TextLine id="tr_1_tl_42" custom="readingOrder {index:41;}">
                <Coords points="1116,4182 2119,4222 2359,4141 2501,4218 3065,4129 3272,4202 3764,4141 3768,4003 2919,3954 2818,4040 2306,3983 2172,4068 1985,3979 1389,3979 1121,4060"/>
                <Baseline points="1140,4142 1175,4142 1265,4136 1354,4136 1444,4136 1534,4130 1623,4136 1713,4130 1802,4136 1892,4130 1981,4130 2071,4130 2160,4130 2250,4130 2339,4124 2429,4124 2518,4124 2608,4124 2698,4124 2787,4124 2877,4118 2966,4112 3056,4112 3145,4112 3235,4112 3324,4112 3414,4106 3503,4106 3593,4112 3682,4112 3772,4118"/>
                <TextEquiv>
                    <Unicode>kollert der Kutscher, der Conductur</Unicode>
                </TextEquiv>
            </TextLine>
            <TextLine id="tr_1_tl_43" custom="readingOrder {index:42;}">
                <Coords points="3942,4279 4474,4263 4742,4373 4929,4251 5168,4328 5359,4247 6334,4259 6496,4218 6500,4072 3942,4157"/>
                <Baseline points="3963,4256 3999,4261 4088,4261 4178,4261 4267,4256 4357,4256 4447,4256 4536,4250 4626,4244 4715,4244 4805,4238 4894,4238 4984,4238 5073,4232 5163,4226 5252,4226 5342,4226 5431,4226 5521,4226 5611,4220 5700,4220 5790,4214 5879,4208 5969,4208 6058,4208 6148,4208 6237,4202 6327,4202 6416,4202 6506,4202"/>
                <TextEquiv>
                    <Unicode>beläuscht — ich will Ihnen alles erklä¬</Unicode>
                </TextEquiv>
            </TextLine>
            <TextLine id="tr_1_tl_44" custom="readingOrder {index:43;}">
                <Coords points="1181,4381 1332,4316 1656,4312 1786,4409 2306,4312 2448,4401 2797,4304 3686,4320 3715,4137 3293,4222 3057,4145 2533,4222 2395,4145 2127,4218 1701,4145 1474,4247 1181,4166"/>
                <Baseline points="1205,4309 1217,4309 1307,4303 1396,4303 1486,4303 1575,4309 1665,4309 1754,4309 1844,4309 1934,4309 2023,4303 2113,4303 2202,4303 2292,4303 2381,4297 2471,4291 2560,4291 2650,4291 2739,4285 2829,4285 2918,4291 3008,4291 3097,4291 3187,4291 3277,4285 3366,4285 3456,4285 3545,4285 3635,4291 3724,4297"/>
                <TextEquiv>
                    <Unicode>der Herr von Monocle, und auch ich</Unicode>
                </TextEquiv>
            </TextLine>
            <TextLine id="tr_1_tl_45" custom="readingOrder {index:44;}">
                <Coords points="3845,4486 4900,4547 5485,4405 5761,4507 6045,4429 6512,4580 6577,4287 5988,4214 5176,4332 4929,4251 4750,4377 3849,4348"/>
                <Baseline points="3868,4429 3903,4429 3993,4429 4082,4429 4172,4435 4261,4429 4351,4429 4441,4423 4530,4423 4620,4417 4709,4411 4799,4405 4888,4405 4978,4405 5067,4399 5157,4393 5246,4387 5336,4387 5425,4387 5515,4387 5605,4381 5694,4375 5784,4375 5873,4381 5963,4375 6052,4369 6142,4369 6231,4369 6321,4369 6410,4369 6500,4375 6589,4381"/>
                <TextEquiv>
                    <Unicode>ren, wenn Sie erst in der Ihrem Zimmer</Unicode>
                </TextEquiv>
            </TextLine>
            <TextLine id="tr_1_tl_46" custom="readingOrder {index:45;}">
                <Coords points="447,4604 865,4498 1754,4580 2753,4462 2992,4632 3707,4563 3711,4377 3252,4291 2493,4401 1656,4316 451,4393"/>
                <Baseline points="471,4512 495,4506 584,4500 674,4494 764,4488 853,4488 943,4488 1032,4476 1122,4482 1211,4476 1301,4476 1390,4476 1480,4470 1569,4470 1659,4464 1748,4464 1838,4470 1928,4470 2017,4476 2107,4470 2196,4470 2286,4470 2375,4458 2465,4458 2554,4452 2644,4452 2733,4447 2823,4447 2912,4447 3002,4447 3092,4447 3181,4447 3271,4447 3360,4441 3450,4435 3539,4429 3629,4435 3718,4447"/>
                <TextEquiv>
                    <Unicode>übernen wir der Herr von Monraln hat mich dabei</Unicode>
                </TextEquiv>
            </TextLine>
        </TextRegion>
    </Page>
</PcGts>
