7368 5096
998 812 1404 1073 habe
1001 980 2700 1287 Gk. Nachforschingen -?!
1029 1090 3495 1465 schilige. Mit schmerzütigen Erlaubnis! Nach
1032 1252 3488 1617 meiner Tochter und nach Ihren sautere Ent¬
1073 1534 1572 1754 führer.
1073 1617 3375 1889 Wh. Mein Herr – mein Haus ist ein
1070 1772 3567 2095 Asyl für Unglücklich Liebende. Ich will nicht
1039 1944 3588 2236 zum Verräter werden; indem ich Sie und
1118 2081 3543 2422 Ihre Frau Gemahlin einlasse! Simmermehr!
1087 2222 3633 2549 Kliligg. Seien Sie versichert, ich werde mir
1077 2422 3437 2697 den Weg zu bahnen wissen, wenn Herr
1070 2590 3498 2934 Gm. Sie kann sein gewiss, Herr von¬
1115 2752 3492 3058 So ich will schein sein behilflich, wie ein
1108 2896 3602 3189 guter Freund, dies wohl meintnissen.
1132 3051 3564 3392 Wh. Jm er der alte! Nie einen geraden
1159 3216 3615 3547 Weg gehen – aber ich lasse mich nicht
1142 3368 3223 3667 bebugen! (Gehl in sein Zotel.
1132 3547 3667 3898 Am. Meine Herrschaften, verjag Sie nicht,
1173 3753 3591 3963 von Zimm er aus geht ein excellenti¬
1207 3846 3640 4190 Au Schicht in den Garten des Hoteles; Siewers
1139 4042 3629 4297 mir sagen, ob Siefal gesehen, die sie
1159 4197 3605 4489 such. (Ab mit beiden, die diener kommt,
3746 743 6175 1101 der die Schachteln nimmt. Das Ehepaarn.
3767 943 6182 1266 Smittelerowen beemplierentert sich. Alle
3763 1159 4107 1397 ab.)
4785 1242 6051 1534 Fünfler Auftritt.
4152 1424 6247 1713 Whatrelock. Roderich; Robert;
3836 1637 4541 1889 Engelbert.
3777 1741 6367 2030 le h. Pst, seid auf der Hut, kein Mensch
3767 1913 6536 2174 wird eingelassen; ich will mein gutes Rekommen
3787 2064 6381 2408 nicht verlieren. Macht die drei Paare auf¬
3777 2239 6316 2518 merksam darauf, daß sie sich nicht aus
3842 2367 6422 2700 dem Hause wagen; es konnte ihnen übel
3818 2594 6474 2862 bekommen. (Sie stehen alle vor dem Thor.)
3839 2700 6364 3041 Tannz (kommt aus dem Zotel, zum Thore, will
3891 2972 4403 3175 heran̅s)
3867 3093 6343 3309 loh (sie zu rückhaltend.) Pst, gst. geben
3911 3220 6247 3485 Sie Acht. (die tellner ins Zotel ab
3873 3409 5552 3691 Saug. Was ist das?
3904 3536 6422 3849 tot. Sie sind in Gefahr! Ihre Eten
3935 3746 4606 3977 sind da.
3956 3887 5841 4169 Tag. Wie? Meine Eltern?
3918 4045 6357 4283 üb. Um Himmels willen bleiben Sie, sie
3959 4186 6336 4438 könnens es wenigstens sein! Selzen
