7352 4680
1202 335 3607 664 Hotel sind für die Wegstücklichkeitende die Pacte
1176 535 3547 890 auf die Hälfte herabgesetzt." und
1236 764 3481 1053 Sie erlauben sich, mit einem Wenn
1219 930 3557 1242 drein zu fahren; ich sage: "Daturiswird
1252 1109 3554 1415 mein Hotel das erstein Ouvoga; und
1332 1295 3232 1611 Sie fangen an: „Wie mir nicht -
1309 1491 3540 1813 Roderich. Herr von Whafoclock werden
1212 1664 3660 1986 mir wohl nicht übelnehmen, wenn ich nichts
1192 1890 3517 2209 destoweniger eine kleine Bemerkung
1242 2062 3653 2332 fallen zu lassen mir die Freiheit nehme.
1265 2258 3547 2458 Whatoclock. Nun, was haben Sie dann
1275 2434 3547 2757 auf dem Herzen; ich geben Ihnen Er¬
1282 2607 3607 2946 laubnis zu sprechen. Lassen Sie bemer
1282 2796 3637 3119 kungen fallen nach Herzenslust.
1275 3006 3716 3291 Koderich. Glauben den Herr von Thatvolock
1259 3182 3604 3474 wirklich, daß gar so viele unglückliche
1222 3381 3660 3703 Liebespaar existiren, daß sich Ihr
1206 3560 3663 3859 Geschäft rentrirt, daß Sie aus Ihrer
1259 3763 3663 4045 Speculativen etwas herausschlagen
1199 3952 3703 4245 When toelock (geringschätzig) Mein lieber Roderich,
1242 4138 3703 4431 lassen wir das. Sie haben keinen Geschäfts¬
3863 292 6340 634 blick, das seh’ ich. Glauben Sie du wirklich,
3859 518 6476 854 daß ich auf nichts speculire, als auf die Haar
3876 707 6430 990 appetitlosen Liebespärchen; Sie irren sich
3879 830 6380 1206 curios; ich meinestheils rechne mit voll¬
3816 1063 6447 1395 ständiger Sicherheit auf sämmtliche Eltern und
3906 1272 6340 1558 Verwandten der davongelaufenen, die sich
3883 1421 6453 1720 in meinem Hotel einlogieren werden
3886 1607 6290 1916 Nun, was sagen Sie zu mir? Nichtwahr,
3889 1807 6380 2142 Sie verstehen mich nicht? – Sie brauchen auch
3869 2013 6393 2338 auch nicht zu verstehen; Sie haben mir nur
3883 2169 6506 2498 zu gehorchen. — Hubert, Robert Engelbert!
3883 2381 6327 2670 die drei Kellner (verbeugen sich) zu befehl.
3836 2554 6506 2876 Wh. Ihr kommt es auch gleichcke andere mittheilen
3896 2743 6327 3099 was ich euch jetzt sage. Jeder hat die für ihn
3909 2953 6373 3245 bestimmten ihm zugetheilten Liebespaare
3886 3119 6506 3431 mit der größten Freundlichkeit und prangteht
3906 3321 6500 3623 zu bedienen; jedesmal, wenn irgend einer
3899 3537 6470 3849 der Verliebten schallt, so sagt ihr gleich
3902 3716 6496 4035 dem oder der Betreffenden, Herr von Whato¬
3909 3876 6470 4168 clock ließe sich nach dem werthen befinden
3893 4062 6496 4411 erkundigen und sei sehr besorgt, sehr sehr
