7480 4808
3793 341 6173 672 busen. Sieliche Lippe. Unverkennbar
2016 385 3179 694 Siebenter Auflütt!
3758 551 6093 879 Schleek, runde Formen. Unfraglich:
1831 631 3281 882 v. Zwicker. v. Monoclei
1054 640 1389 901 28/1
3790 758 6137 1048 Fruchtglägende Augen. Absolut.
1185 831 3609 1073 v. Monsch. Werde Mädchen aufgeben. Sprech
3838 924 6096 1204 Verstellung künctum. So.
1274 1019 3672 1287 hietereinander mit beiden Hoteliers. Aber
3717 1118 6058 1484 v. Zweckei. Und ich bleibe dabei! Die
1217 1194 3609 1491 das nicht einziger Grund. Einfall. Er
3800 1296 6227 1618 tän scheht dich. und ich sage dir, daß ich
1220 1398 3660 1672 deckung. Großartig. Hyperlächerlich,
3746 1513 6144 1806 mir das schöne Mädchen noch erober¬
1284 1586 1870 1831 sügerb.
3781 1691 6134 2051 das mit ihrem Liebhaber hieherge¬
1143 1768 3570 2038 v. Zwicker. Darh man wissen, was dich zu
3768 1882 6227 2121 komme mit beiden Hoteliers soeber
1331 1946 3083 2204 diesen Unsrufen berechtigt.
3822 2064 6204 2414 gesprochen. Gerade darum werde ich
1188 2108 3679 2382 v. Monocle. berechtigt? Sehr gut! Gör¬
3828 2274 6271 2529 sie noch die Weinungen-Absolut.
1175 2309 3679 2634 Gemeinschaftlicher Freund-Von Schnapper-
3816 2459 4844 2698 Punctum! Se!
1156 2497 3717 2790 Ist schlauer Mensch. Gute Idee. - Orgerielle
3895 2631 5692 2952 kurt Achter. Anstatt.
1252 2717 3695 2988 Gedanke. Gab eigentliche Gelebte sei
2946 2860 3175 3019 schon
3937 2828 5905 3118 Worige unbemerkt. kurt.
1299 2876 3564 3153 Reitknechtens Superbe Cläse. Ei se¬
3822 3026 6214 3261 kurt. Was meinem Herrneinge¬
1322 3077 3647 3338 Eise. Hrn. Nun. Werde noch nicht
3844 3188 6281 3532 fallen ist. Ich soll plöhlich ein schönes
1271 3255 3679 3500 bewundert daß darauf gekommen
3825 3443 4905 3695 Mädchen sein -.
1236 3446 3660 3717 v. swicker. Die Tauschaft dich, wäre liebe
3883 3551 6424 3819 v. Monocle. Ach - sie ists. Tritt zu ihr.)
1163 3637 3679 3937 v. Monoch. Gut, täusch mich, auch recht¬
3892 3806 5236 4093 kurt (sieht sich äm.)
1306 3825 3653 4112 Bitte, bitte. Bei durchaus nicht be¬
3873 3956 6395 4268 v. Consele. Ja, - ich habe dHr Geschlecht
1277 3994 3742 4262 leidigt - Weiß, was ich weiß. Hann Tische¬
3822 4153 6252 4475 erkannt. Es ist vergebens, wenn Sie
1325 4188 3742 4478 Wesen! Prachtvolle Gestalt-Uppige
