7448 5048
3762 610 6158 998 ganz brillantem Ehebruch, muß Euch noch
1404 701 3672 960 das in der Stadt zum Schlußeochen
3318 879 3625 1001 Yours
3772 823 6174 1154 davon erzählen; der Kurt war auch dim¬
1398 910 3484 1195 Hetze. Noch xxx knayg vor der
3769 1001 6136 1345 y-Q wilke. Ja, aber warum schickst du
3021 1060 3556 1217 die Sa h.
1385 1163 3644 1364 Verloschen der Seiße fing es an, nach
3816 1226 6114 1464 denn immer den Kurt annoch ins Theater.
1379 1292 3697 1570 einmal mit aller Macht im letzter
3797 1389 6208 1673 v. Schnapper. Wir theilen uns in die Arbeit,
1392 1464 3690 1767 Mal aufgeregt sie und herzuflecken.
3775 1592 6092 1908 ich schau zu, und er agplaudirt. — Aber wenn
1420 1670 3703 1942 da war am Mittwoch eine Vorstellige
3800 1780 6089 2095 gerichts euch, liebe Freunde! Schöne Mädchen
1420 1864 3625 2058 ze Gunsten der Abgebrauten an
1426 2027 3619 2286 X Uhr unter Mitwirkungen des
3812 2049 4125 2252 hier.
3800 2192 4879 2471 14. Monocle. Aug.
1432 2233 3703 2508 Fräuliens - ach, ich darf gar nicht
3831 2308 6139 2618 v. Zwicker. Steht sie vielleicht wieder
1373 2418 3734 2633 on sie denken? Dann. Sie war zu schön¬
3784 2583 4604 2787 am Trester.
1414 2605 3662 2868 ich bin mehr zu ihren Gunsten hieringe¬
3809 2683 6161 3021 v. Schnapper. Wer steht am Fenster!
1451 2774 3597 3037 nangen, als zu Gunsten der Abge¬
3778 2880 6296 3215 Monoeln, othouvel, 9. thanoel, say dort,
1432 3006 3694 3171 brannten. Zu Gunsten der Abgebraut
3834 3143 5389 3403 wer steht am Fenster.
1445 3156 3600 3400 sab ich den kerst kurt auf die
3800 3318 4766 3622 v. Zwicker. Sie?
1398 3356 3672 3600 Gallerie geschickt. - Am Dauersten
3941 3475 6161 3772 v. Schwapper. Welche Sie, welche Sie!
1411 3543 3709 3803 war dann Hochzeit deszüge Grafen
3938 3634 6108 3984 das muß ich ja wissen! Siehst du
1367 3781 3637 3934 Robert von Norbertsheim; großen
3869 3887 6271 4135 das nicht ein, von Zwicker? Welche Sie?
1329 3897 3572 4188 Ball, hoffeis Sauper, Freitag
3856 4022 6221 4350 An welchem Fenster? Sprecht, sprecht!
1370 4128 3722 4322 außergewöhnliches Pferde - Wettauen
3894 4203 5489 4522 das interessirt mich!
1417 4294 3722 4551 Samstag Schluß-Clubsitzung, Sontag¬
3897 4444 5367 4719 v. Monocke. Nun dann. Höre.
1414 4472 3650 4729 eines Lußspiel im Hadttheater mit
