7464 4792
3760 258 6046 686 2. Konach. Närrisch -? O nicht doch!
1297 334 3703 718 mich übersenden wollen! Sie sind ein Mädchen,
1253 554 6310 882 Ehe, und können Herrn von Schnappe kurt. Sie glauben am End durch, Ich heiße
3804 724 6172 1045 Elise und bin ein hübsches Madel. Sehr
1329 793 3747 1083 zu seinem guten Geschmack gratuliren
3810 919 6172 1266 gut! Sehr gut! Hofahmhahn! Aber was
1272 989 3350 1260 kurs (nacht ein dümm es Gesicht.)
3772 1134 5441 1430 ist Ihnen denn eingefallen.
1228 1171 3615 1474 v Monock. Welch unsinnige (der von von
3766 1266 6228 1568 v. Monock. Sie weiß sich gut zu verstellen
1322 1348 3596 1663 Schnapper, uns aufbinden zu wollen.
3772 1486 6134 1776 Aber ich will diesem von Scheapper einen
1297 1549 3571 1851 Sie seien ein Mann. hat im Mann ein
3797 1694 6203 2003 Possen spielen! Einen entschlichen Possen.
1272 1751 3608 2015 solches Aug? Ein solchen Mund, einen solche
3785 1839 6172 2166 Jahr will ihm diese Eliche entführen zur Nacht
5932 1952 6329 2154 gegen be-
1278 1921 3634 2242 Geistelt? Ach. Gott! O diese Augen! Sie ruhe
3810 2028 6480 2336 dafür, daß s vor intimsten Freunden Geheimnisse
1304 2103 2815 2374 auf mir, wie zwei Sterne.
3766 2223 6235 2550 hat.- Oh - oh - Nun, wenn Sie darwirklich
1310 2286 3401 2601 kurt (immer dümmer, sieht sich weg)
3797 2387 6291 2733 ein Reitknecht sind; – wollen Sie der meine
1310 2494 3697 2796 zu Monsch. Thun Sie nicht so verschäme¬
3791 2601 6197 2916 werden? Von Schnapper, meine süße
1360 2670 3590 2985 Suße! Sagen Sie offen, lieben Sie von
3823 2777 6165 3111 Elise, kurt, will ich sagen, zahlt
1392 2859 2651 3149 Schegger wirklich?
3785 2985 6241 3300 dir. Ihnen zu wenig; ich zahle Ihnendas
1329 3048 3086 3350 kaert. Aber die lieber Himmel!
3797 3224 4370 3514 doppelte.
1190 3205 3671 3520 v kirt lhonoch Sie eröten! Über die liebe
3835 3350 6197 3697 kurt (sieht ihn an) Angenommen! Topp.
1329 3457 3684 3703 Himmel! Wie schön Sie das sagten. Diese
3816 3533 6197 3917 v. Monocle. Sie ist mein, sie ist wein.
1316 3608 3716 3936 Stimme. Und diese weiche Hand (Er fasst sie
3892 3722 6304 4049 Lieber Kurt, ich bin unendlichfroh,
1285 3816 3703 4093 kurt. Ich bitte Sie, lassen Sie mich los
3873 3917 6335 4282 Sie die meine nennen zu können. Sie
1316 3993 3640 4295 ihwerd in dem Haus noch rein
3886 4093 6071 4446 waren geriß beim Ballet?
1329 4194 1877 4427 närri sel.
