7448 4744
1234 364 3621 753 kommen ich flehe dich, komme zurück, lieb
1330 633 2471 893 weigende Elisa.
1314 805 3128 1109 Wir Was haben Sie denn nur?
1097 965 3661 1326 v Schnapper. Sie ist mir durchgegangen
1262 1177 2491 1446 lok. Ihre Breut.
1250 1350 3693 1666 v. Schnapper. Ja. meine Braut, meine
1222 1538 3673 1850 gottvolle. Himmel und Erde, wo treibt
1282 1742 2555 2023 sich der - Reilheum.
1250 1918 3729 2203 bek. Um welchem Kerlreden Südeunig ent¬
1230 2111 1638 2355 lich?
1125 2311 3689 2595 v Schnapper. Das „suße braut, Elise, rei¬
1350 2491 3673 2799 zendes Geschöpf etc gilt für
1274 2687 3705 2912 eingeweichte Ohren, das "verdammter
1274 2860 3653 3136 kol, hat dich der Teufelk dagegen
1226 3032 3677 3332 ist für Leute bestimt I, die nichts von
1210 3244 3733 3528 meinem Verhältnis wissen dürfen.
1161 3448 3701 3701 Toh. Oh, ich verstehe; aber – Sie vermissen
1282 3604 3312 3857 das Fräulein wirklich?
1274 3801 3677 4121 v. Schnapper/Total! Denken Sr.
1322 3989 3584 4317 meine Bestimmung. Ich schrie in
1258 4173 3697 4494 der Nacht: kurt, ein Glas Wasser¬
3785 288 5727 701 Wk. Was haben Sie geschrien?
3793 513 6220 905 Schnägger. Das war für die unsin¬
3809 737 6328 1057 geweister; Sie verstehen, eigentlich
3805 909 6296 1262 trippelte ich auf den schrege Ihrem jüng¬
3833 1105 6344 1446 Fraulichen Bette zu, natürlich mit zugemachten
3793 1298 5407 1598 Rügen - derersteht sich
3801 1502 6144 1766 lcte. Werstest sich, versteht sich! (Fürz
3785 1690 6244 2002 sich) Erwill mir richtig einreden, daß hat
3877 1846 6232 2179 Die Augen zugehabt hat! Einfeiner
3853 2023 6308 2335 Karl! Aber ich lasse mich nicht betrugen.
3833 2251 6256 2515 Die Augen schließen vor einem so rei¬
3817 2459 5395 2727 zenden Geschäft. Hofe!
3817 2595 7037 2920 v. Schnapper. Wie gesagt, ich trat mitgeschlossen zu über Bett
3825 2840 6352 3064 Ungen hin, u. lispelte schrie, was es Zeug hattte
4125 3004 4377 3144 wh.
3821 2956 6372 3316 v. Schnapper. Sie haben also doch geschrien.
3845 3168 6492 3484 v Schnappen. Aber das war ja für die Unein¬
3865 3428 4582 3705 geweihten.
3869 3536 6476 3893 lit. das ich aber ganz allein hier befinde,
3833 3733 6420 4077 können Sie wohl ganz für Eingewechte
3909 4001 4494 4241 sprechen.
3941 4105 6576 4438 v. Schnapper. Ganz recht ich lisgelte also:
