7464 5144
3899 661 5057 982 Theodor. Ach. Tröste
1139 722 3597 1113 besorgt, übrigens hoffner, daß sich auch ihre
3921 783 6411 1117 Fritz (fasst Theodors Hand.) Troste Dich, du
1184 921 3581 1274 Hoffnungen in Bälde erfüllen würden.
3809 995 6382 1303 Süße, Liebe, Golde, noch wird alles gut.
3876 1187 6289 1569 kedurch. Ganz sicher, mein Fräulien,
1184 1190 1954 1466 steht Ihr?
1226 1300 3597 1608 die Killner (verbungen sich tief zum Zeichen
3886 1335 6389 1656 es wird alles gut; trösten Sie sich nur¬
1194 1540 2426 1826 des Verständnißes.)
3924 1566 6459 1938 zwei Zimmer gefällig? - waren bliebe
1165 1713 3520 2044 Whatvelock. Der Frühzug muß schon
3960 1765 6366 2089 Fritz u. Theodor (sehen sich verdützt an)
1242 1900 3594 2236 angekommen sein. Statihon erwarte ich
3976 2038 5173 2285 Zwei Zimmer -?!
1213 2047 3668 2346 die ersten Fruchtemeiner außerordnet
3937 2121 6389 2477 Roderich (verschmitzt lächelnd) Ah, so - nur
1174 2227 3684 2634 lichen Idee. Inzwischen richtet die Zimmer
3918 2294 6373 2609 uns, Numer Nr. 44 im ersten Stock.
1251 2480 3629 2817 her, macht Ordnung, und bereitet auch
3960 2503 5917 2820 Frit. Wohin geht die Aussicht?
1271 2628 3623 2962 vor. -  Jchvertrau. Euerm Scharfsinn und
3950 2731 5866 3026 Roderich. Auf die Landstraße.
1287 2849 2920 3173 Euere Genie. (Alle ab.)
3972 2840 6530 3218 Theodor (schimbar schuchtere, leise). Ist kein
2127 3010 3231 3321 Zweiter Aufbritt
3972 3048 6555 3379 zimmer, mit der Aussicht auf den Garten?
1489 3186 3764 3523 Franz klinger. - Theodor Frei als Fräulein.
3998 3308 5233 3587 Ich liebe die Blumen
1325 3392 3684 3680 Beide (seufzen). Ach! Ach! (Theoder lehnt sich an
3966 3408 6482 3793 Nodrief. Ah, Fräulein lieben die Blumen,
1316 3565 3594 3889 Fritzens Schültern, Fritz sieht sich um)
3947 3587 6517 3976 o bitte, No 47 geht auf gerade auf einen
1338 3786 3725 4114 Fritz. Pst, es ist keiner da. Wir brauchen
4001 3783 6183 4203 Rosenstrauchen und ein Comelienbeit.
1319 3947 3687 4319 noch nicht verliebt zu sein! Das wird ein
4030 4033 6517 4341 Theodor, Fritz, ich bitte dich, pflücke mir eine
1309 4136 3735 4434 billiger Landaufenthalt. Ich vertraue
4062 4319 4406 4502 Rose.
1348 4367 3854 4627 nührer beiderseitigen Geschicklichkeit.
4043 4422 5696 4723 Fritz. (suss.) Um einen kuss -!
1361 4515 3594 4807 (Roderich kommt, Sätz sieht ihn.) Ach!
