7480 4744
1231 369 3632 686 u. das Unglück ist fertig – Aber abge¬
1215 586 3582 827 sehen davon – ein Offizier ist selbst
1177 761 3588 1061 im Frieden ein Weckles ding. Er ist von
1199 943 3551 1184 Pateraus dazu bestimmt, Groberungen zu
1177 1140 3664 1406 machen! O die Blicke allerjungen Mädchen
1268 1331 3554 1609 hängen an seiner Leiforn und an ihm.
1227 1497 3660 1822 Er kommt ins Kreuzfeuer und gefährliche
1206 1691 3648 2007 Blicke und - wird besiegt, wird gefangen.
1206 1885 3610 2145 Und die arme Frau. Sie verzehrt
1249 2060 3526 2370 sich vor Eifersucht, grämt sich um
1243 2264 3557 2580 krankt sich, es ist zum Erbarmen.
1271 2474 3570 2771 Nein, ich darf es nicht zu lassen, daß
1256 2640 3513 2915 ein so reizendes Mädchen einen
1243 2824 3529 3087 Öffiger heiratet. Punktum
1262 3034 3670 3329 Ah - sülßs. (Geistdückler geword)
1841 3197 3253 3494 thierten Auftritt
1907 3397 3488 3648 Sie Fenz. Voriger.
1243 3582 2571 3826 Wh: Mein Fräulein!
1231 3767 3551 4039 Fav. Guten Übend, Herr Hotelier.
1224 3955 3620 4268 Sie haben hier auch zu später Stunde
1256 4171 3607 4475 eine sehr warme, angenehm Licht.
3786 307 6028 658 b. h. Eine prachtvolle Luft, prachtvoll¬
3767 514 6209 836 Gedenken sich lange hier aufzuhalten.
3773 723 5718 989 sam. Sie wissen ja. - Ach Gott.
3770 933 6228 1206 lv t. Aber ich bitte Sie, seitzen Sie doch
3779 1127 4183 1331 nicht!
3811 1268 6194 1569 kann z. O, Sie verstehen das nicht; lassen
3798 1475 6097 1750 Sie mich nur seufzen. Es thut mir
3758 1638 6209 1948 Es erleichtert mich, es thut mir wohl.
3779 1841 6225 2139 Wh. Aber nur thut es weh, sehr weh¬
3758 2045 4684 2267 mein Fräulein
3823 2223 6253 2549 Fenz. Eine sehr angenehm berührender
3823 2386 6341 2721 Bereis von Theilnahme. Ich bin schon dank¬
3795 2599 4440 2918 bar dafür.
3808 2793 6284 3116 Wh. Oh wahrhaftig, Sie haben mich nicht
3770 2968 4628 3256 verstanden!
3801 3138 6288 3451 Franz. Waren Ihre Worte eins zuverstehen?
3795 3322 6181 3648 Mit mir wünschen Sie, d Es thät Ihne
3836 3526 6190 3867 weh, daß ich noch Gelegenheit hatte
3864 3711 6316 4067 zu hiesigen. Sei wünschen mit mir,
3848 3923 6225 4168 daß ich meinen theuere Urthel bald
3876 4083 6262 4424 als Ehemann an eine Herz schließe.
