7432 5032
947 793 3590 1065 (Laut) O was für kummer fast die mir bevor¬
988 1039 3546 1300 tet, aber ich will dir alles vergeben
921 1193 3506 1461 alles alles - aber doch eines Tage
929 1406 3488 1637 mir, wo ist es? Wo ist er? Ist er
955 1531 1424 1751 da?
944 1681 1737 1920 kurt. Ja.
999 1832 3513 2052 Adolf. Gestehe, daß du bereuht, nicht
977 2012 2456 2247 wahr; du bereuß?
999 2151 3583 2449 kurt (imme dümmer) Ja! (Leise) Was in
991 2313 3554 2592 schong seit gestern passiert. I ist
947 2496 2375 2731 nicht zum glauben.
947 2625 3590 2897 Adolf. Sage, wo ist er? Befindet er
966 2812 2820 3047 lich in diesem Hause?
936 2985 1751 3216 kürl. Ja.
947 3054 3565 3429 v. Schnapper (aus dem Fenster) kurt,
1013 3311 1542 3532 kert.
1006 3458 2515 3704 kert (will davon)
940 3613 3590 3866 Adolf (leise) Um Gottes wollen, blieb
1043 3796 1318 3994 Sie.
969 3976 3517 4233 Kurt (ebenso) Aber ich sage Ihm
958 4104 2427 4402 er sagt mich fort¬
910 4237 3598 4600 von Schnappen (binn Tiefter) kert,
3745 565 5694 977 Kurt, hast du keine Gren!
3741 797 6414 1131 Adolf. Oh der Verrichte! Er nenn!
3756 1024 4549 1267 dich kurt?
3730 1083 6388 1468 Adolf (witt zum vors Fenste) kein
3675 1322 6487 1575 Herr. Der Tag der Roche ist gekomme.
3734 1491 5610 1795 Nicht wahr, Sie erstärren
3723 1623 6498 1968 v. Schnapper. Mein Herr; Sie beliebe
3719 1788 6278 2115 sich sehr unklar auszudrücke
3807 1942 6381 2287 Edolf: Unklar? Ich bitte Sie, ver¬
3836 2126 6362 2394 stellen Sie sich nicht! Wenn Sie schon
3847 2273 6333 2599 so elend sind meine Tochter zu
3866 2416 6263 2709 entführen, so gestehen Sie zum
3866 2603 5790 2937 wenigsten Ihr Schuld!
3869 2662 6278 3077 von Schnapper. Ich hatte Ihr
3903 2926 6417 3238 Tochter entführt mein Herr!
3928 3069 6278 3403 Wo soll sie denn sein, mit
3998 3282 5198 3587 soir Erlaubnis!
3818 3392 6770 3682 Adolf. Zya Sie läugnen noch?!
3873 3572 6531 3899 (zeigt auf kurt.) Hier stehl sie,
3800 3723 6472 4053 und die sie reiche Verkleidung
3836 3903 6021 4244 hat blutwenig geholfen
3836 3987 6575 4435 v. Schnappen. Nun Herr b lassen
