7400 4696
3884 335 6504 584 denke an Triests, wenn ich reizend sage; superba¬
997 361 3598 653 Sie. Als ein Dutzend! (Vorschriedet vom Fenster¬
3841 528 6432 794 weit feiner, denke an Fürstin XY2 oder Grafin
1040 594 2939 836 Wk (reut im Zimmer wütend hin und her)
3824 722 6455 974 von Spund So. Nicht Herr Finden nicht. Herr
1948 754 3041 994 Siebenter Aufhockt
3805 905 4851 1145 von Whatvelock.
1404 928 3690 1227 Whatselock. v. Monocla, v. Zwicker (kommen)
3877 1069 6357 1348 Vh. Telegraphiren Sie in andres Mal,
1263 1194 2043 1384 Vom in Oom.)
3828 1282 5724 1568 jetzt lassen Sie mich in Ruhe
1260 1371 3759 1561 v. Monale. Süperbes Wesen. Zum Küssen. Gratulir¬
3195 1466 3664 1624 schon
3847 1463 6403 1709 v. Monock. Schlechter Laune? Vorfälle, unange¬
1286 1555 3736 1765 Herr von Whatoeloek, gratulire zu ganz prächige
3792 1653 6412 1948 nehme, zugestoßen, Gäste, wenige; Preise
1279 1752 3729 1978 Einfall. Haben ganz sügerbe Mädchen ins Hotel
3893 1863 4376 2083 selbe?
1253 1866 3608 2162 gezogen. Habe Eben einer auf der Stiege
3864 2014 6330 2263 Wh. das reine Wörterbuch: Preise, halbe,
1279 2080 3657 2296 begegnet, bin verliebt, denke diell mit
3854 2184 6281 2535 Gäste, wenige, Vorfalle, unangenehme.-
1240 2270 3687 2512 Entführer, wollte soeben Pistolen bitten -
3884 2378 6281 2644 Heut regt mich aber auch alles auf. - Oh
1237 2427 3667 2706 Wh. lassen Sie nicht immer die Hälfte der
3824 2545 6180 2903 nein, nicht schäfte, wenige; Vorfälle
1260 2624 3739 2926 Warter aus, bittich sie, sprechen Sie ganz;
3798 2788 4556 3047 wegen sein.
1269 2854 2549 3109 u. ich ärger mich sonst.
3864 2922 6258 3211 v. Monoele. Aber was denn, mein Lieber?
1210 3004 3664 3273 v. Zwicker. Ich bitte dich, lieber von Monocle,
3874 3152 6235 3418 1 M. Vorfälle, angenehme. Gäste viele
1253 3198 3710 3431 sage doch nicht superbe, ein so abgenutztes
3906 3352 4972 3615 Mädchen reizende!
1227 3411 3598 3608 Wort; sageregend – das klingt so,
3824 3500 6284 3808 v. Monoch. Sie Sagen auf eizend! Sie
1214 3588 3575 3811 kliegt so - ich weiß gar nicht, was ich
3857 3739 6376 4048 Haben ja gehört, wenn sagen wegen
1286 3756 3638 4021 sagen soll, ich wie er mich immer das
3926 3913 5032 4130 denke Tricots.
1214 3975 2299 4189 Ballet dabei.
3884 4080 6350 4362 Wk. Sie denken sowie so an Tricots.
1856 4107 3697 4376 Se Geweines Wort, deswegen
1112 4152 1758 4395 Monsele
