7496 4840
3732 367 5444 687 weilig, wie die deutschen Herr!
1143 327 3588 802 Ungenblicke Egönnen, um meine Fassung,
3699 540 6289 884 Gerade dasselbe hat mir jetzt Herr
1159 701 2609 933 wieder zu gewinnen?
3742 763 5353 1012 von Whatoclockbewiesen.
1182 825 3621 1182 Wh. Ich lasse Sie allein. Darf ich mir einen
3745 913 6273 1195 den. Um? Herr von Whatocloek unter¬
1162 989 3644 1382 Handkuss erlauben? (Sie reicht ihm die Gen)
3798 1129 6194 1437 steht sich. Sie – Sie zu lieb. - - Sie lieb
1188 1185 3581 1503 Sie machen mich zum glücklichsten
3817 1310 5755 1604 ihn am Ende auch, o ruh, v usch!
1195 1375 2711 1689 der Menschen. # (Ab¬
3771 1486 6184 1801 Sauz. Fürchten Sie nichts, mein Her¬
1349 1594 3172 1948 Euch Wirrter Auftreff.
3742 1725 4616 2004 ist noch frei
1260 1765 3316 2102 Sauz. Smithletown kommt.
3794 1896 4796 2180 Sm. Ganz frei.
1260 1954 3588 2252 Sie.  Frid’ ich Sie noch? O, Miss kurz, o Niß,
3788 2098 4888 2360 Färz. Ganzfrei!
1201 2151 2701 2445 wenn Sie wissen that t!
3807 2259 5307 2544 Sie. Das ist entsetzlich!
1251 2311 3575 2639 sau,. Haben Sie mir etwas zu von den
3804 2445 6138 2730 Folg. Das sollte, Sie doch vielmehr
1306 2521 3627 2829 Herren von Monoele und von sricke
3830 2681 4318 2917 Erenen.
1280 2750 2141 2982 zu erzählen.
3814 2786 6112 3074 Sie. Frauen?! Nenn Sie noch kein
1326 2868 3608 3218 Sm - Oh viel, very viel! Marulich, daß
3860 2979 6236 3323 Fünkchen fiele nachhinder für mich:
1005 3090 3617 3362 die zweit sie Sie nicht lieb’ halb so viel wie
3771 3202 6210 3516 Das thut mach mich kostlos. Neue Sie
1277 3310 1964 3539 ich Sie lieb
3820 3359 6309 3683 am End lieb den Herrn von Whatoelock
1342 3509 3624 3762 Sauz. Eine Liebeserklärung? Ist
3837 3565 6191 3837 eben so viel wie mich – das bring mich
1365 3673 3598 3922 es in Amerika Sitte, daß man
3863 3771 6495 4092 zur Verzweiflung! Nur der Gedank’s
1382 3840 3549 4200 gleich nach den ersten Worte
3843 3935 6191 4253 da noch mich zum Unglücklichste
1336 4014 3722 4321 den Damm, seine Liebe gesteht.
3896 4118 6259 4442 der Menschen: Ich frage Sie auf
1349 4243 3686 4587 hm. Freilich, eir sind nicht so lang.
