7480 4824
3782 338 6163 690 Wh. Ja aber was gedenken Sie den
1316 438 3517 786 (schreit) Haft du keine Ohren, Schaf!
3763 607 4250 865 zu thun.
1134 656 3100 981 Ab. Aber ich bin ja eingeweiht.
3772 729 6255 1101 v. Schwager. Ich bin während, ich reist
1197 839 3713 1190 von Schwyger. Ja richtig, ja richitig! Ich le spielte
3763 985 5049 1290 mich nicht zu fassen.
1260 1094 2688 1343 Schläfst du, meine Süße?
3759 1167 6424 1439 ik. Die Eifersucht! Es ist großartig.
1227 1233 3438 1498 Ah. Nun was hat sie darauf gesagt.
3792 1256 6289 1631 v. Schnägger. Räten Sie mir, voten Sie
1236 1419 3666 1754 v. Schnapper. Nun was glauben, Sie?
3792 1611 4174 1764 min.
1313 1595 3623 1913 Hören Sie mir. Der Kerl war
3792 1677 6308 2052 A. b. Ich Ihnen? Wissen Sie! Machen
1273 1843 2151 2095 gar nicht da.
3819 1896 5324 2191 Sie hie nichts draus.
1280 1986 2934 2284 lok. das hat sie gesagt?
3822 2062 6325 2387 v. Schwapper. Das weiß ich ohnehin aber
1293 2175 3660 2473 v. Schnägger, welche Sie? Ah sei er?
3809 2271 6153 2609 men ich den Kerl treff, zerprügel
3083 2337 3259 2500 dre
1333 2344 3590 2632 Tit. Das heißt: sie? Sie sprecher von ihr!
3842 2427 6391 2788 ich ihn zu drei? (Schlägt das Fenster zu
1207 2543 3617 2861 v Schnappen. Nun ja vor ihm, das seiß
3835 2612 6255 2921 1eh. Das war wieder für die Anein¬
1273 2738 2848 3066 von ihr. Vortrai alle
3859 2854 4711 3156 geweichten.
1283 2924 3706 3212 Wh. Auf wie hat sich das Karl bezogen.-
4853 2990 6110 3219 weiter Auftritt.
1280 3119 3733 3438 v. Schnappen. Sie verstehen mich nicht. -
4104 3172 6182 3517 Whatselock.- Adolf Weizen
2619 3282 3000 3441 nier
1349 3351 3620 3613 Sie selber war auf davon.
3918 3381 5450 3630 kommt mit Erwäre.
1306 3524 2652 3739 lok. Sie selber?
3948 3554 6265 3902 Adolf (ängstlich näher kommend)
1326 3680 3643 3981 Dr. Auf, und davon, weg w in
617 3716 1210 4041 M Schnazyn
4005 3842 4704 4064 Mein Herr.
1343 3875 2539 4157 der Wind, hui!
3928 3985 4986 4250 Wk. Ichbikke?
1280 4048 3378 4356 lb. Weg wie der Wind?
4018 4087 6461 4475 Adolf. Um ohne viel Umschweife sogleich
1074 4247 3726 4588 M. Schnappen. Weg wie der Usund - hui¬
