7400 5064
932 730 3659 1107 Wh. Jetzt will er Ihnen einreden, Sie sind ein
1263 935 3123 1259 Ehepaar und haben Kinder!
1040 1129 3659 1435 Sei. Sind Sie vielleicht kein Eheherr, wenn
1140 1334 3596 1602 Herr, Sr sind Sie vielleicht kein Ehe,
2076 1513 2672 1636 gnadige
1170 1531 3093 1841 lady, weine Frauenzimmer?
1066 1673 3737 2008 Wh. Glaub in Sie ihm nicht.; es ist verrückt
1368 1871 3674 2172 Er will Ihnen richtig einreden, meine
1025 1923 1282 2191 Sm.
1248 2049 3700 2411 Geehrtesten, daß Sie sind unglücklich
1215 2236 3678 2549 Verliebte?!  Er ist nicht recht an Kopf
1177 2459 3555 2757 glaub Sie ihm kein Wort? Bei
1200 2601 3670 2940 mir hab Sie halbe Preise als Ehepaar,
1163 2828 3674 3119 das seine Kind verfolgt und sucht.
1107 3003 3704 3301 Wk. Bei mir haben Sie viertel Preise
1148 3160 3667 3495 wenn Sie unglücklich liebende Hand
1081 3413 3674 3670 m. bei mir hab Sie Achtel Preise,
1181 3555 3715 3886 wenn Sie suchte Ihr davongeraute
1211 3764 1744 4036 Kind.
1144 3950 3682 4185 Wk. Bei mir brauchen Sie nur den
1245 4110 3767 4453 rehnten Theil zu zahlen, wenn Sie
1315 4319 3488 4568 unglücklich verliebt sind.
1368 4501 3745 4859 Ich nehre Sie umsonst, wenn Sie ver¬
991 4472 1248 4825 Sm.
4803 544 5358 779 verfolg
3860 656 6409 980 heiratet sind und durch Ihre Tochter oder Hr.
3853 876 4274 1125 Sohn!
3793 1043 6458 1312 Wh. Und wenn Sie unglückliche Liebende
3801 1252 6409 1509 sind, kriegen Sie umsonst täglich zwei
5612 1409 6145 1550 Es Wohne
3864 1438 6856 1733 Flaschen Chonyagner, ein  ein paar
6480 1572 7050 1725 Stockwerk
3838 1606 6651 1904 und drei Zimmer, und die ponze Verpflegung
3872 1818 6569 2094 auch uerhöest und können bleiben, solange
3879 2046 4658 2239 Sie wollen.
3853 2172 6454 2478 Sm. So, - jetzt habe Sie wenigsten gemacht.
3883 2366 6484 2653 eine gut Geschäft, Hr von Whatoeloek,
3872 2560 6446 2851 und ich lasse Ihnen mit Vergnügen die
3860 2735 6432 3037 Herr t uinauch den hadz! (Gest ab.)
3864 2951 5850 3231 Wh (ganz starr, sieht ihm nach.)
3916 3115 6379 3402 Till u. Sebin (haben sich die ganze Zeit an,
3901 3283 6420 3600 gesehen, wollten sprechen, u. konnte
3872 3413 6569 3775 es nicht durch den fortwährende Wortschvall¬
3860 3689 5019 3954 der beidenhöbeliers.
3946 3886 5366 4144 till. Meine liebe Frau.
3950 4047 5757 4315 Seline. So Maswillst du den?
3950 4233 6383 4546 till. Ich hab nur sagen wollen, daß
3905 4423 6383 4744 Du wohl in fast wohl im Deinem ganzen
