7400 4824
3808 318 6353 678 Wh. Sehen Sie, mein Lieber, das ist da kommen
1046 422 3715 763 Sm. uxarum mindere Sie sich. An. Vhatocloek das
3800 542 6272 825 schon wieder zweiunglücklich verliebte; die
1193 624 3746 957 ist eine unnderbar, Idee von Ihre guten Freund,
3796 732 6430 1069 Eltern sind noch nicht da, Herr von Smithletown.
1135 899 1844 1131 demittletown.
3812 953 6376 1255 Sm. Airklich. Ich aber sag, das sein die nich
1108 980 3622 1313 Wh. Ihre underbar, Idee wird Ihnen nicht viel
3831 1135 6500 1406 unglücklich verliebt, sondern Eltern von die
1147 1243 1697 1526 helfen.
3835 1302 6446 1592 unglücklich verliebte, Herr von Whatreloek,
1069 1367 3676 1670 Sm. Nollen Sie vielleicht etwas dagegen thun?
3789 1460 6419 1844 We. Män., wirwarden gleichse zu, Herr Smith Etown.
1100 1596 2894 1898 Wh. Freilich (miterem) will ich.
3812 1701 5969 2053 Am. Ja gleich, Herr von Whataelrek.
1104 1759 3114 2065 Sm (Cachend.) Aber Sie können nicht!
4924 1894 5706 2138 sechster Auftritt:
4052 1976 4579 2196 11/8, 3/1
1069 1937 3622 2274 Wh. Wirklich, was Samuht sagen?! Mr.
4559 2088 6334 2324 vorige. - Herr Till Wunderlich und
1209 2204 1910 2409 Strittletown!
3912 2297 4962 2518 seine Frau Seline.
1112 2355 2262 2595 Am. Mohstoclock.
3932 2433 6489 2754 Wh u. Fr. (gehen ihnen entgegen, sehr freundlich
1329 2526 3397 2828 (Schönen sich herausfordernd an.)
3986 2638 5020 2948 u. verbungen sich.)
1174 2715 3719 3022 Sie. Nu, mehr müssen Sie mir nicht zu sagen?
3940 2808 6415 3103 Vh. f Mein geehrtes Fräulein und mein geührter
1139 2901 3258 3173 wh. Ich verbiette mir jeden Witz.
3943 3006 5640 3316 Herr - (unterbrechen durch)
1181 3076 3242 3382 Im (fängte fürchterlich zu lache)
3967 3192 7081 3459 Sm. Geehrteste gnädige Frau + (erwir unterbohne durch,
1131 3246 3730 3614 lih. Jetzt frag ich aber, warum Sie schon
3936 3378 6485 3657 Wh. Sie haben wohl zweifellos meine Onkündigung
1271 3459 3122 3800 wieder sö uwerschämtlichen!
3932 3564 6489 3854 in der Zeitung gelesen, (lächelt) daß unglücklich
1170 3634 3796 3932 hm. Ich erinnere mich an ein unnderbare Geschäft,
3959 3758 6306 4029 Liebende in meinem Hotel halbe Preise
1251 3835 3223 4129 die Ihnen hat passiert vor nenige
3320 3843 3738 4091 Zeit.
3940 3982 4614 4242 Sm. haben.
1290 4013 3831 4335 Uch, nicht, das nur underbar, großartig
3955 4157 6496 4443 Sm. Und da Ihnen ein Töchterlin davonge¬
1305 4230 2239 4536 (Lachtwieder.)
