7496 4808
1273 438 2327 786 Wk. Hervoll
1283 635 2916 928 Till. Mein Chanjägend
2539 796 3019 951 Iz Sich
1231 831 3464 1131 Theodor (am Fenste.) Ich bitte Sie¬
1270 980 3516 1305 weil Sie schon da sind, eine Rose.
1302 1208 2604 1556 Ich liebe die Rosen!
1286 1373 3590 1705 Vh (von einer Seite zuranden)
1273 1582 2040 1882 laufend)
1350 1743 3661 2088 Schappe (am Terste.) Herr Hotelin,
1415 1917 3571 2217 im andrer Zimmer, wenn ich bitte
1392 2137 3561 2475 darf, dieses Zimmer ist für kein
1434 2333 2894 2601 Fraulein. Zu feucht.
1347 2497 3664 2858 tille Champagner! Nun, ich bitte sehr
1318 2794 1879 2955 Darum!
1257 2900 3635 3193 Ah (sprigt hinänd. her, ohne zu
1463 3077 3677 3351 wissen, was er thun sollte.
1373 3252 3600 3571 die drei Herren beim Fenster,
1418 3467 2449 3738 wirken ihm.
1950 3574 3577 3957 der Vorhäng fällt.
4592 267 5868 680 Zweiter Aufzug:
4450 732 6071 1034 Erster Aufbritt.
3841 825 4067 1121 17/1
4347 922 6190 1196 Hyer als Garr. Faug. Smithletown
3877 1157 5030 1434 kommt hinter ihnen.
3870 1357 5852 1618 Olga (dreht sich um.) Mein Herr!
3873 1505 6258 1817 Sie erschrecken? - Ich bin Offe sahreifer¬
3832 1727 6187 1992 süchtig, mein Herr, sehr eifersuchtig.
3819 1872 6355 2149 Lassen Sie sich das gesagt sein. - Sprechen
3848 2072 6236 2352 Sie, was haben Sie hinter uns zuü¬
3825 2256 6194 2552 chen? Sie stellen meiner Fäng nach?
3861 2449 6203 2749 Hab ich Sie? (Fasst ihr bei der Hand.)
3841 2633 5791 2913 Was wünschen Sie, mein Herr?
3848 2826 6381 3142 Sm. o Gott, o Gott! Sie ihm gar nicht.
3861 3042 5011 3345 Ich bin ungeschuldig.
3880 3193 6281 3513 Olga (fasst ihn auch bei der andern Hand)
3877 3419 5817 3687 Machen Sie mich nicht rasend!
3877 3606 6468 3915 Fr. Ich sein ein Engländer, Gottes, Gotelier,
3931 3735 6213 4064 Aelti gemacht, all vergeichlich!
3867 3983 6242 4276 Olga (ihn fester haltend.) Mein Herr!
3931 4138 6368 4453 Sie müssen die Wahrheit sprechen; denn
