7496 5080
1516 648 2052 860 (schnell)
1096 660 3584 1008 Wh. Mein Tro Nein, ein das wünsche
1196 912 3616 1264 ich nicht! — (Sie sieht ihn lang an.) Mein
1212 1056 3408 1392 Fraulein; es ist mir entflehen¬
1200 1244 3636 1596 ich kann nichts dafür, erlauben Sie mir
1236 1480 3284 1768 daß ich meine Worte erkläre.
1272 1544 3620 2052 Ich werde kurz sie-Sollich kürz
1248 1860 2628 2132 sein, mein Fräulein.
1196 1984 3612 2320 Fauz. Recht kurz, wenn ich Sie bitten
1208 2228 3268 2560 darf, ich bin sehr begierig.
1224 2412 3640 2720 Wk. kann denn. Ich lebe Sie? - durch,
1308 2600 3672 2904 Sie sehen mich mit einem schrecklichen
1256 2780 3540 3068 blicke an; ich war zu kurz, zu
1252 2964 3696 3304 kürz, ich will mich etwas weitleufi¬
1304 3192 2188 3504 ger fassen.
1284 3380 2340 3652 Sänz. Zu spät.
1292 3528 3612 3880 toh. Oh nein, sagen Sie das nicht.
1288 3684 3548 4040 Hörm Sie mich nur an; und Sie
1296 3892 3476 4204 werden mir gewiß recht geben.
1368 4076 3720 4404 Sie wollen einen Offizier heiraten,
1392 4264 3712 4568 ich bitte Sie, thun Sie das nicht! Denken
1396 4460 3740 4788 Sie an die lieberswürdigkeit, die
3788 600 6216 968 jeder Lieutenant dem weiblichen Ge¬
3824 808 6272 1176 schlechte gegenüber bes. Ht um fürchte
3836 1036 6164 1344 Sie die Ehe, die Ihnen in mit einem
3816 1216 6200 1444 Offizier, den die Weiber lieben.
3840 1396 6228 1644 Und denken Sie, wenn er vielleicht aus
5212 1556 6108 1716 den Rauz mit.
3804 1596 6288 1924 An unversehrt dem schönen Theile
3796 1792 6200 2116 hälfte der Zwenschheit zu bestehen ver¬
3852 1972 6192 2272 mag, wird er an unversehrt aus
5420 2116 6108 2308 te vorgeh
3860 2164 6168 2476 den größten Schlachten, die Folber
3800 2328 6056 2652 mit einander auszufechten haben.
3828 2468 6268 2792 denken Sie an die Lebensgefahr, in der
3848 2700 6280 3024 ein Kriegsman stets und stets schwebt
3864 2956 4972 3164 und und und
4056 3064 7016 3396 (Olga als Offizier mit Theodor Freienls Mädchen kommt aus
3872 3256 7080 3580 dem Hotel u. geht mit ihr an Wk u. Tanz, ohne sie zu
3872 3484 5880 3792 bemerken vorüber. Pausn.
3844 3644 6328 3972 ld.h. Haben Sie's gesehen! Ich traue meine
3824 3824 6268 4188 Augen nicht. – Schon jetzt! O Himmel, be¬
3860 4064 4504 4284 denken Sie.
3868 4196 6248 4564 Fany. Ich bin Ihnen nicht — sein Ein¬
3900 4392 6332 4712 wollen. So mir vielleicht einige
