7448 4904
868 560 3597 897 Ah. So, jetzt kommt mein Coup! -Zu
1201 798 2919 1066 Feig. 4) Mein Frau Cim¬
1018 923 3684 1194 Sm (n.d. ander Seite zu Teig) Mein¬
1058 1106 3681 1388 Tracten, ich lieb Sie so viel noch wie
1102 1293 3688 1535 Gestern, in werd Sie so lieb in alle
1132 1421 3351 1725 Zeit; - hab Sie sich entschieden
1026 1586 3794 1897 Säg. Ich gehöre Ihnen. Sie ist erzück¬
934 1813 2384 1985 Wh. Min. Präul
989 1945 2406 2183 Im „Sie wünsch?
993 2135 3703 2370 b.h. Oh nichts von Ihnen; nicht’s ge¬
1161 2230 3659 2549 nichts. (I.h.) Just hat er sich be¬
1018 2432 1842 2655 Strog.
1007 2571 3758 2871 Sm. O sag Sie nur dem Träulein alles vor
1135 2784 1641 2959 mir!
1106 2923 3743 3164 Wk. Sind Sie nicht recht bei trost:
1253 3069 3113 3366 ich Casse mich nicht betrüge
1033 3219 3780 3505 Sie! Bevor Sie sag, was Sie woll, stell
1161 3395 3465 3666 ich für hier, mein Braut vor!
1113 3567 1989 3835 b.h. Tho?
1029 3721 3091 3974 Frn. Hier. (Weiß auf Fai
1084 3875 3736 4161 tok (bestägt, fasst sich) Gratulirt.
1047 4047 3699 4278 v. Schnappen. Guten Tag, lieber von
5252 0 5512 157 X
3875 538 6278 868 Monveln! Die fast eine gute xxx
3904 659 6669 1022 von der Hierlichkeit der Follet¬
3893 927 4644 1187 mädchen!
3849 1069 6351 1366 kurt. Gnädigem Herr; ich möcht
3886 1256 5142 1502 etwas frage.
3893 1421 5410 1655 von Schrägg. Nun zu
3901 1542 6479 1839 kust. Wer bin ich jetzt eigentlich!
3930 1707 6157 2011 v. Schnägger (v. Fenster hermit)
3934 1864 6300 2172 Mein bei treuer Reitknecht
3897 2058 4417 2311 kert.
3849 2183 6296 2447 mon Monoela. Sehr erzückt von
3882 2406 6300 2663 rührender Annflösig ist in.
3882 2534 6325 2824 teressanten einflickes, wird
3912 2696 6329 2945 mich zu trösten wissen. (Zu Wh.)
3941 2846 6230 3164 Nicht wah, Sie werfe doch Herrn
3915 3051 6300 3296 von Schnapper hinaus samt
3923 3201 6325 3428 sauberm Reitknecht, er hat sie
3956 3351 6677 3641 nicht angeschon mit dem so impertiel
3970 3542 4981 3754 angeschriert
3904 3575 6849 3956 k.k. (wuter) Wer ist angeschickt?
3974 3827 6391 4073 Schrey von Monoel. Nun Sie.
3977 3908 6743 4325 Tit. (w. o.) Wie ich angeschickt?
