<?xml version="1.0" encoding="UTF-8" standalone="yes"?>
<PcGts xmlns="http://schema.primaresearch.org/PAGE/gts/pagecontent/2013-07-15" xmlns:xsi="http://www.w3.org/2001/XMLSchema-instance" xsi:schemaLocation="http://schema.primaresearch.org/PAGE/gts/pagecontent/2013-07-15 http://schema.primaresearch.org/PAGE/gts/pagecontent/2013-07-15/pagecontent.xsd">
    <Metadata>
        <Creator>prov=READ-COOP:name=TrHtr:version=2.1.0:model_id=51170:date=28_07_2023_13:10</Creator>
        <Created>2023-05-10T11:37:13.920+02:00</Created>
        <LastChange>2023-07-28T13:10:22.172+02:00</LastChange>
        <TranskribusMetadata docId="1428166" pageId="55389205" pageNr="22" tsid="131348816" status="IN_PROGRESS" userId="64420" imgUrl="https://files.transkribus.eu/Get?id=YNQDUSOLVLHZOLLYZTXCHJEJ&amp;fileType=view" xmlUrl="https://files.transkribus.eu/Get?id=OIIJJNTMFBFUCHBRDRMPZDHV" imageId="44664094"/>
    </Metadata>
    <Page imageFilename="1428166_0022.jpg" imageWidth="7464" imageHeight="4760">
        <ReadingOrder>
            <OrderedGroup id="ro_1711818519454" caption="Regions reading order">
                <RegionRefIndexed index="0" regionRef="tr_1"/>
            </OrderedGroup>
        </ReadingOrder>
        <TextRegion id="tr_1" custom="readingOrder {index:0;}">
            <Coords points="1300,427 6489,427 6489,4376 1300,4376"/>
            <TextLine id="tr_1_tl_1" custom="readingOrder {index:0;}">
                <Coords points="3761,594 3873,654 4904,536 6050,562 6142,540 6149,342 5935,281 5392,437 4728,348 4396,460 3774,351"/>
                <Baseline points="3781,572 3823,566 3912,566 4002,560 4091,554 4181,548 4270,548 4360,554 4449,548 4539,548 4628,542 4718,542 4807,536 4897,536 4986,530 5076,524 5165,524 5255,518 5344,512 5434,501 5523,501 5612,495 5702,483 5791,489 5881,483 5970,483 6060,477 6149,477"/>
                <TextEquiv>
                    <Unicode>v. Zwicker. Sie haben, wie uns allen bekannt</Unicode>
                </TextEquiv>
            </TextLine>
            <TextLine id="tr_1_tl_2" custom="readingOrder {index:1;}">
                <Coords points="1341,651 1730,632 2190,757 2746,597 2972,677 3141,594 3604,610 3633,437 1344,492"/>
                <Baseline points="1360,626 1401,620 1491,620 1580,620 1670,626 1759,620 1849,626 1938,620 2028,614 2117,614 2207,614 2296,608 2385,602 2475,602 2564,596 2654,590 2743,590 2833,584 2922,584 3012,584 3101,578 3191,584 3280,578 3370,578 3459,572 3549,572 3638,572"/>
                <TextEquiv>
                    <Unicode>kurt: Gluch, gleich, aber was soll denn das</Unicode>
                </TextEquiv>
            </TextLine>
            <TextLine id="tr_1_tl_3" custom="readingOrder {index:2;}">
                <Coords points="3767,820 4198,753 4667,856 4786,760 5223,715 5459,805 5960,801 6114,779 6120,530 5695,613 5523,536 4703,552 3770,677"/>
                <Baseline points="3787,763 3799,757 3889,757 3978,751 4068,745 4157,739 4247,739 4336,739 4425,733 4515,733 4604,727 4694,727 4783,721 4873,721 4962,715 5052,709 5141,709 5231,709 5320,703 5410,697 5499,697 5589,691 5678,685 5768,685 5857,685 5947,685 6036,685 6125,685"/>
                <TextEquiv>
                    <Unicode>ist, für unglücklich Liebende die Preise auf</Unicode>
                </TextEquiv>
            </TextLine>
            <TextLine id="tr_1_tl_4" custom="readingOrder {index:3;}">
                <Coords points="1283,878 1357,875 1370,894 1500,833 1529,852 1558,824 1619,849 1670,833 1721,875 1877,840 1877,782 1762,744 1647,670 1622,686 1548,661 1398,741 1283,731"/>
                <Baseline points="1300,817 1348,817 1437,817 1527,811 1616,811 1705,811 1795,811 1884,811"/>
                <TextEquiv>
                    <Unicode>heißen.</Unicode>
                </TextEquiv>
            </TextLine>
            <TextLine id="tr_1_tl_5" custom="readingOrder {index:4;}">
                <Coords points="2762,891 2870,836 2972,888 3020,865 3049,878 3055,722 3023,712 2988,734 2931,741 2873,731 2835,760 2771,753"/>
                <Baseline points="2785,823 2791,829 2881,829 2970,823 3060,817"/>
                <TextEquiv>
                    <Unicode>mich</Unicode>
                </TextEquiv>
            </TextLine>
            <TextLine id="tr_1_tl_6" custom="readingOrder {index:5;}">
                <Coords points="3786,945 3965,1018 4067,983 4144,1041 4323,935 4501,986 4821,935 4827,763 4667,856 4470,779 4342,824 4252,766 4112,827 4045,795 3981,849 3876,795 3789,830"/>
                <Baseline points="3805,936 3847,936 3936,930 4026,930 4115,924 4205,918 4294,918 4384,918 4473,918 4563,912 4652,906 4742,906 4831,900"/>
                <TextEquiv>
                    <Unicode>die Hälfte reducirt.</Unicode>
                </TextEquiv>
            </TextLine>
            <TextLine id="tr_1_tl_7" custom="readingOrder {index:6;}">
                <Coords points="1280,1028 1686,1098 2793,974 3349,1089 3588,971 3592,846 3269,769 2969,884 2631,817 1868,955 1545,840 1283,939"/>
                <Baseline points="1300,1008 1360,1014 1449,1014 1538,1008 1628,1002 1717,1002 1807,1002 1896,1002 1986,996 2075,990 2165,990 2254,984 2344,978 2433,966 2523,960 2612,960 2702,960 2791,960 2881,960 2970,960 3060,960 3149,954 3238,948 3328,942 3417,936 3507,936 3596,936"/>
                <TextEquiv>
                    <Unicode>v. Schnapper. Verstellt du dann nicht? Ich</Unicode>
                </TextEquiv>
            </TextLine>
            <TextLine id="tr_1_tl_8" custom="readingOrder {index:7;}">
                <Coords points="3799,1184 4402,1207 4581,1149 4833,1194 4961,1111 5054,1168 5220,1095 5223,990 4999,935 4747,1041 4431,955 4192,1047 4048,986 3962,1028 3805,983"/>
                <Baseline points="3817,1133 3883,1133 3972,1121 4062,1115 4151,1109 4241,1103 4330,1097 4420,1097 4509,1097 4598,1097 4688,1097 4777,1091 4867,1091 4956,1085 5046,1079 5135,1073 5225,1067"/>
                <TextEquiv>
                    <Unicode>Whatoclocke Ganz richtig.</Unicode>
                </TextEquiv>
            </TextLine>
            <TextLine id="tr_1_tl_9" custom="readingOrder {index:8;}">
                <Coords points="1341,1277 1539,1194 2072,1184 2228,1271 2739,1175 3448,1280 3662,1223 3668,967 3339,1095 2998,993 2643,1076 1347,1089"/>
                <Baseline points="1360,1204 1437,1198 1527,1192 1616,1192 1705,1187 1795,1187 1884,1181 1974,1181 2063,1175 2153,1175 2242,1169 2332,1169 2421,1163 2511,1157 2600,1157 2690,1157 2779,1157 2869,1151 2958,1151 3048,1151 3137,1145 3227,1145 3316,1139 3405,1139 3495,1133 3584,1127 3674,1115"/>
                <TextEquiv>
                    <Unicode>habe dich entführt, das ist ganz einfach</Unicode>
                </TextEquiv>
            </TextLine>
            <TextLine id="tr_1_tl_10" custom="readingOrder {index:9;}">
                <Coords points="3748,1366 4766,1309 4862,1370 5363,1274 5778,1366 6107,1277 6114,1117 5510,1085 4770,1261 4495,1172 3754,1261"/>
                <Baseline points="3769,1336 3787,1336 3877,1330 3966,1318 4056,1312 4145,1300 4235,1294 4324,1294 4414,1294 4503,1288 4592,1288 4682,1288 4771,1282 4861,1276 4950,1276 5040,1270 5129,1276 5219,1276 5308,1270 5398,1270 5487,1270 5577,1258 5666,1258 5756,1252 5845,1246 5935,1240 6024,1234 6114,1228"/>
                <TextEquiv>
                    <Unicode>v. Zwicker. Nun - hören Sädenn! Ich bin</Unicode>
                </TextEquiv>
            </TextLine>
            <TextLine id="tr_1_tl_11" custom="readingOrder {index:10;}">
                <Coords points="1334,1408 1855,1430 1970,1382 2295,1443 2560,1366 2963,1360 2966,1242 2465,1226 2318,1322 2196,1258 2133,1303 1619,1229 1338,1303"/>
                <Baseline points="1354,1383 1360,1383 1449,1371 1538,1371 1628,1371 1717,1371 1807,1365 1896,1365 1986,1365 2075,1365 2165,1360 2254,1354 2344,1354 2433,1348 2523,1348 2612,1348 2702,1342 2791,1342 2881,1342 2970,1342"/>
                <TextEquiv>
                    <Unicode>und du bist meine Geliebte.</Unicode>
                </TextEquiv>
            </TextLine>
            <TextLine id="tr_1_tl_12" custom="readingOrder {index:11;}">
                <Coords points="3777,1545 3873,1520 4010,1545 4240,1494 4310,1536 4386,1529 4399,1373 4339,1350 4192,1405 4131,1366 4039,1417 3962,1402 3873,1437 3786,1398"/>
                <Baseline points="3793,1509 3865,1509 3954,1497 4044,1491 4133,1485 4223,1479 4312,1479 4402,1473"/>
                <TextEquiv>
                    <Unicode>verliebt!</Unicode>
                </TextEquiv>
            </TextLine>
            <TextLine id="tr_1_tl_13" custom="readingOrder {index:12;}">
                <Coords points="1309,1631 1967,1571 2455,1682 3001,1552 3244,1682 3499,1571 3502,1389 3279,1334 2943,1462 2701,1376 2391,1494 2126,1414 1848,1488 1568,1382 1312,1485"/>
                <Baseline points="1330,1550 1360,1556 1449,1556 1538,1550 1628,1550 1717,1556 1807,1556 1896,1556 1986,1550 2075,1550 2165,1544 2254,1544 2344,1544 2433,1538 2523,1532 2612,1538 2702,1532 2791,1532 2881,1527 2970,1527 3060,1527 3149,1527 3238,1527 3328,1527 3417,1527 3507,1527"/>
                <TextEquiv>
                    <Unicode>kurt. das ist gar nicht so einfach,</Unicode>
                </TextEquiv>
            </TextLine>
            <TextLine id="tr_1_tl_14" custom="readingOrder {index:13;}">
                <Coords points="3825,1708 4128,1756 4709,1673 5031,1765 5300,1651 6094,1666 6098,1504 3831,1536"/>
                <Baseline points="3841,1688 3865,1682 3954,1682 4044,1676 4133,1670 4223,1664 4312,1664 4402,1664 4491,1664 4581,1664 4670,1658 4760,1652 4849,1646 4938,1646 5028,1640 5117,1640 5207,1640 5296,1640 5386,1640 5475,1634 5565,1628 5654,1622 5744,1616 5833,1610 5923,1604 6012,1598 6102,1598"/>
                <TextEquiv>
                    <Unicode>Whalsclock. doch nicht unglücklich!</Unicode>
                </TextEquiv>
            </TextLine>
            <TextLine id="tr_1_tl_15" custom="readingOrder {index:14;}">
                <Coords points="5386,1746 5430,1753 5491,1711 5513,1727 5520,1721 5526,1727 5542,1711 5558,1714 5565,1654 5549,1654 5545,1647 5526,1647 5520,1654 5494,1647 5485,1657 5472,1651 5421,1689 5389,1689"/>
                <Baseline points="5404,1717 5475,1711 5565,1705"/>
                <TextEquiv>
                    <Unicode>noy</Unicode>
                </TextEquiv>
            </TextLine>
            <TextLine id="tr_1_tl_16" custom="readingOrder {index:15;}">
                <Coords points="1373,1762 1453,1778 1491,1749 1561,1788 1753,1749 1826,1797 1928,1749 1999,1788 2126,1746 2177,1778 2238,1762 2241,1631 2152,1619 1970,1666 1896,1615 1734,1695 1500,1631 1376,1641"/>
                <Baseline points="1395,1735 1443,1729 1532,1729 1622,1729 1711,1729 1801,1729 1890,1729 1980,1723 2069,1717 2159,1711 2248,1711"/>
                <TextEquiv>
                    <Unicode>Herr von Schrägger.</Unicode>
                </TextEquiv>
            </TextLine>
            <TextLine id="tr_1_tl_17" custom="readingOrder {index:16;}">
                <Coords points="3821,1935 6251,1842 6260,1635 5015,1788 4894,1705 4540,1791 4096,1737 3825,1839"/>
                <Baseline points="3841,1890 3847,1890 3936,1884 4026,1878 4115,1872 4205,1867 4294,1861 4384,1855 4473,1855 4563,1855 4652,1849 4742,1849 4831,1843 4921,1837 5010,1837 5100,1837 5189,1837 5278,1831 5368,1825 5457,1825 5547,1819 5636,1819 5726,1813 5815,1807 5905,1801 5994,1795 6084,1789 6173,1777 6263,1771"/>
                <TextEquiv>
                    <Unicode>v. Zwicker. Das ist mir unbekannt! Und</Unicode>
                </TextEquiv>
            </TextLine>
            <TextLine id="tr_1_tl_18" custom="readingOrder {index:17;}">
                <Coords points="1363,1995 2094,1938 2503,2018 2790,1900 3627,1986 3662,1756 3544,1724 3295,1848 3004,1737 2088,1778 1813,1900 1366,1791"/>
                <Baseline points="1383,1908 1431,1914 1521,1920 1610,1926 1700,1926 1789,1926 1878,1926 1968,1926 2057,1914 2147,1914 2236,1914 2326,1914 2415,1908 2505,1908 2594,1908 2684,1902 2773,1896 2863,1902 2952,1902 3042,1896 3131,1896 3221,1896 3310,1896 3400,1896 3489,1896 3578,1890 3668,1902"/>
                <TextEquiv>
                    <Unicode>Schnapper. Du mußt dich verliebt, in mich an</Unicode>
                </TextEquiv>
            </TextLine>
            <TextLine id="tr_1_tl_19" custom="readingOrder {index:18;}">
                <Coords points="3837,2155 5060,2066 5641,2149 5807,2024 6168,1999 6366,2059 6372,1823 3847,1925"/>
                <Baseline points="3859,2057 3871,2051 3960,2057 4050,2051 4139,2051 4229,2045 4318,2040 4408,2034 4497,2040 4587,2034 4676,2034 4765,2028 4855,2028 4944,2028 5034,2022 5123,2022 5213,2016 5302,2010 5392,2004 5481,2010 5571,2004 5660,2004 5750,2004 5839,1998 5929,1992 6018,1992 6108,1986 6197,1974 6287,1968 6376,1962"/>
                <TextEquiv>
                    <Unicode>ich fürchte sehr, furchtesehr, daß ich unglücklich</Unicode>
                </TextEquiv>
            </TextLine>
            <TextLine id="tr_1_tl_20" custom="readingOrder {index:19;}">
                <Coords points="1370,2209 2097,2113 2506,2174 2621,2101 3719,2161 3722,1986 3017,2050 2608,1947 2471,2043 2161,1989 1976,2069 1376,1992"/>
                <Baseline points="1389,2129 1401,2129 1491,2117 1580,2117 1670,2117 1759,2111 1849,2111 1938,2111 2028,2111 2117,2105 2207,2105 2296,2099 2385,2099 2475,2099 2564,2105 2654,2099 2743,2093 2833,2087 2922,2087 3012,2087 3101,2087 3191,2087 3280,2087 3370,2081 3459,2081 3549,2081 3638,2087 3728,2081"/>
                <TextEquiv>
                    <Unicode>stellen, seufzen, daß deine Eltern nach</Unicode>
                </TextEquiv>
            </TextLine>
            <TextLine id="tr_1_tl_21" custom="readingOrder {index:20;}">
                <Coords points="3809,2308 3892,2353 4007,2263 4042,2276 4054,2263 4150,2260 4160,2139 4093,2117 4064,2142 4019,2142 3994,2165 3962,2129 3908,2161 3818,2161"/>
                <Baseline points="3829,2272 3889,2260 3978,2248 4068,2248 4157,2242"/>
                <TextEquiv>
                    <Unicode>liebe.</Unicode>
                </TextEquiv>
            </TextLine>
            <TextLine id="tr_1_tl_22" custom="readingOrder {index:21;}">
                <Coords points="1347,2404 1660,2305 2037,2299 2283,2414 2822,2286 3327,2340 3512,2295 3515,2145 2765,2225 2627,2152 2321,2251 2091,2155 1912,2254 1676,2152 1350,2241"/>
                <Baseline points="1365,2332 1371,2332 1461,2326 1550,2314 1640,2308 1729,2302 1819,2302 1908,2296 1998,2290 2087,2290 2177,2290 2266,2284 2356,2284 2445,2284 2535,2278 2624,2278 2714,2272 2803,2266 2892,2266 2982,2266 3071,2266 3161,2266 3250,2260 3340,2260 3429,2260 3519,2266"/>
                <TextEquiv>
                    <Unicode>ihre Einwilligung geben; und so weiter!</Unicode>
                </TextEquiv>
            </TextLine>
            <TextLine id="tr_1_tl_23" custom="readingOrder {index:22;}">
                <Coords points="3841,2468 6222,2433 6229,2241 5890,2196 5159,2318 4907,2193 3844,2359"/>
                <Baseline points="3859,2433 3907,2439 3996,2439 4085,2433 4175,2427 4264,2427 4354,2421 4443,2415 4533,2409 4622,2403 4712,2397 4801,2397 4891,2391 4980,2391 5070,2391 5159,2397 5249,2391 5338,2385 5428,2385 5517,2380 5607,2380 5696,2374 5785,2374 5875,2374 5964,2368 6054,2368 6143,2356 6233,2356"/>
                <TextEquiv>
                    <Unicode>Wholodock. Aberum Himmelswillen, Sie</Unicode>
                </TextEquiv>
            </TextLine>
            <TextLine id="tr_1_tl_24" custom="readingOrder {index:23;}">
                <Coords points="1347,2528 1714,2596 2180,2497 3611,2481 3614,2311 3167,2423 2928,2324 2685,2442 2522,2343 2350,2433 2187,2346 1641,2311 1347,2410"/>
                <Baseline points="1365,2493 1383,2493 1473,2493 1562,2487 1652,2487 1741,2487 1831,2481 1920,2481 2010,2475 2099,2475 2189,2475 2278,2475 2368,2475 2457,2475 2547,2469 2636,2469 2725,2463 2815,2463 2904,2457 2994,2457 3083,2457 3173,2457 3262,2457 3352,2451 3441,2457 3531,2457 3620,2463"/>
                <TextEquiv>
                    <Unicode>Kurt-Jetzt fängts an, klar zu werden.</Unicode>
                </TextEquiv>
            </TextLine>
            <TextLine id="tr_1_tl_25" custom="readingOrder {index:24;}">
                <Coords points="3789,2656 4294,2631 4479,2752 4961,2596 5986,2576 6069,2557 6075,2410 5836,2516 5414,2426 3793,2560"/>
                <Baseline points="3811,2630 3841,2630 3930,2630 4020,2624 4109,2618 4199,2618 4288,2618 4378,2612 4467,2606 4557,2606 4646,2600 4736,2600 4825,2594 4915,2594 5004,2588 5094,2588 5183,2588 5272,2582 5362,2576 5451,2576 5541,2570 5630,2564 5720,2558 5809,2547 5899,2547 5988,2535 6078,2535"/>
                <TextEquiv>
                    <Unicode>wollen doch nicht halbe Preise wo. Sie</Unicode>
                </TextEquiv>
            </TextLine>
            <TextLine id="tr_1_tl_26" custom="readingOrder {index:25;}">
                <Coords points="5791,2643 5928,2682 6238,2624 6331,2710 6385,2685 6474,2698 6487,2493 6366,2512 6251,2455 6066,2576 6031,2548 5986,2573 5964,2544 5916,2583 5794,2602"/>
                <Baseline points="5809,2636 5863,2636 5952,2630 6042,2624 6131,2618 6221,2606 6310,2600 6400,2600 6489,2594"/>
                <TextEquiv>
                    <Unicode>ein vielleicht</Unicode>
                </TextEquiv>
            </TextLine>
            <TextLine id="tr_1_tl_27" custom="readingOrder {index:26;}">
                <Coords points="1347,2707 1829,2765 2506,2666 2694,2746 2806,2672 3202,2736 3588,2675 3592,2551 3323,2522 3148,2611 2797,2519 2429,2608 2193,2506 2097,2576 1711,2599 1571,2528 1350,2611"/>
                <Baseline points="1365,2684 1449,2678 1538,2684 1628,2684 1717,2678 1807,2678 1896,2672 1986,2660 2075,2660 2165,2672 2254,2672 2344,2666 2433,2666 2523,2660 2612,2654 2702,2654 2791,2654 2881,2654 2970,2660 3060,2660 3149,2660 3238,2660 3328,2654 3417,2654 3507,2648 3596,2654"/>
                <TextEquiv>
                    <Unicode>Sehr wohl, Herr von Schnapper. (Gibt</Unicode>
                </TextEquiv>
            </TextLine>
            <TextLine id="tr_1_tl_28" custom="readingOrder {index:27;}">
                <Coords points="3812,2857 6222,2845 6257,2624 5443,2739 4948,2618 4476,2752 4386,2656 4169,2659 3812,2777"/>
                <Baseline points="3829,2827 3847,2833 3936,2821 4026,2815 4115,2809 4205,2803 4294,2803 4384,2797 4473,2791 4563,2785 4652,2785 4742,2779 4831,2779 4921,2785 5010,2785 5100,2785 5189,2785 5278,2779 5368,2779 5457,2773 5547,2767 5636,2767 5726,2761 5815,2755 5905,2761 5994,2755 6084,2755 6173,2749 6263,2761"/>
                <TextEquiv>
                    <Unicode>noch nicht einmal wissen, ob Sieglückter</Unicode>
                </TextEquiv>
            </TextLine>
            <TextLine id="tr_1_tl_29" custom="readingOrder {index:28;}">
                <Coords points="1402,2924 1976,2860 2279,2943 2439,2851 2905,2918 3119,2848 3419,2931 3512,2777 3049,2781 2829,2691 2525,2768 2283,2701 2037,2793 1765,2720 1402,2787"/>
                <Baseline points="1419,2875 1461,2875 1550,2863 1640,2857 1729,2851 1819,2851 1908,2845 1998,2851 2087,2851 2177,2851 2266,2845 2356,2845 2445,2845 2535,2839 2624,2839 2714,2839 2803,2839 2892,2839 2982,2839 3071,2845 3161,2839 3250,2839 3340,2833 3429,2833 3519,2833"/>
                <TextEquiv>
                    <Unicode>ihm den Arm.) (Robert gestünde Herrn</Unicode>
                </TextEquiv>
            </TextLine>
            <TextLine id="tr_1_tl_30" custom="readingOrder {index:29;}">
                <Coords points="3857,3062 4993,2972 5482,3011 5504,2915 5309,2832 4907,2902 4058,2845 3860,2953"/>
                <Baseline points="3877,3018 3901,3018 3990,3012 4080,3006 4169,2994 4258,2988 4348,2982 4437,2982 4527,2976 4616,2976 4706,2970 4795,2970 4885,2970 4974,2970 5064,2970 5153,2970 5243,2964 5332,2964 5422,2952 5511,2946"/>
                <TextEquiv>
                    <Unicode>lieben! Denken Sie nur!</Unicode>
                </TextEquiv>
            </TextLine>
            <TextLine id="tr_1_tl_31" custom="readingOrder {index:30;}">
                <Coords points="1414,3109 1967,3058 2203,3138 2640,3036 3595,3138 3671,3125 3671,2892 1414,2931"/>
                <Baseline points="1431,3060 1443,3060 1532,3048 1622,3042 1711,3042 1801,3042 1890,3042 1980,3042 2069,3042 2159,3036 2248,3042 2338,3036 2427,3036 2517,3036 2606,3030 2696,3030 2785,3030 2875,3036 2964,3042 3054,3042 3143,3036 3232,3036 3322,3036 3411,3036 3501,3030 3590,3030 3680,3030"/>
                <TextEquiv>
                    <Unicode>kurt. Ach! ach! Ach! (trihe) Nu, hab ich</Unicode>
                </TextEquiv>
            </TextLine>
            <TextLine id="tr_1_tl_32" custom="readingOrder {index:31;}">
                <Coords points="3850,3282 5689,3135 5839,3231 5986,3122 6149,3205 6209,2975 3857,3078"/>
                <Baseline points="3871,3215 3889,3209 3978,3203 4068,3191 4157,3185 4247,3179 4336,3173 4425,3167 4515,3167 4604,3161 4694,3161 4783,3161 4873,3155 4962,3155 5052,3155 5141,3149 5231,3143 5320,3137 5410,3131 5499,3131 5589,3131 5678,3131 5768,3125 5857,3119 5947,3119 6036,3113 6125,3107 6215,3107"/>
                <TextEquiv>
                    <Unicode>v. Zwicker. Sie Ja, ich muß Gerichtheit</Unicode>
                </TextEquiv>
            </TextLine>
            <TextLine id="tr_1_tl_33" custom="readingOrder {index:32;}">
                <Coords points="1411,3320 1960,3339 2222,3237 2736,3343 2912,3237 3205,3224 3212,3058 2947,3145 2675,3052 2289,3189 2152,3113 1957,3189 1417,3138"/>
                <Baseline points="1431,3238 1515,3244 1604,3244 1694,3238 1783,3244 1872,3244 1962,3238 2051,3238 2141,3232 2230,3227 2320,3215 2409,3221 2499,3221 2588,3221 2678,3221 2767,3215 2857,3215 2946,3215 3036,3209 3125,3203 3215,3197"/>
                <TextEquiv>
                    <Unicode>gut geschäfzt? - (Laut 1) Ach 1 ach 1)</Unicode>
                </TextEquiv>
            </TextLine>
            <TextLine id="tr_1_tl_34" custom="readingOrder {index:33;}">
                <Coords points="3821,3489 4128,3387 5098,3339 5794,3445 5925,3333 6152,3355 6158,3199 5986,3122 5826,3240 5683,3138 5450,3266 5197,3161 4620,3317 4473,3231 3831,3311"/>
                <Baseline points="3841,3400 3924,3400 4014,3388 4103,3382 4193,3370 4282,3370 4372,3364 4461,3364 4551,3358 4640,3358 4730,3358 4819,3352 4909,3346 4998,3340 5088,3334 5177,3328 5267,3322 5356,3322 5445,3328 5535,3328 5624,3328 5714,3322 5803,3316 5893,3310 5982,3304 6072,3304 6161,3298"/>
                <TextEquiv>
                    <Unicode>haben. Aber bis ich Gewistheitsat¬</Unicode>
                </TextEquiv>
            </TextLine>
            <TextLine id="tr_1_tl_35" custom="readingOrder {index:34;}">
                <Coords points="2196,3493 2659,3406 2790,3413 2908,3496 3125,3387 3202,3403 3205,3247 2979,3282 2905,3253 2672,3349 2353,3269 2203,3314"/>
                <Baseline points="2218,3400 2224,3400 2314,3405 2403,3405 2493,3405 2582,3405 2672,3400 2761,3400 2851,3394 2940,3394 3030,3388 3119,3382 3209,3370"/>
                <TextEquiv>
                    <Unicode>Zehnter Auftritt.</Unicode>
                </TextEquiv>
            </TextLine>
            <TextLine id="tr_1_tl_36" custom="readingOrder {index:35;}">
                <Coords points="3812,3614 4112,3665 4594,3566 4763,3662 4929,3550 5992,3563 6094,3540 6104,3352 5810,3461 5098,3336 4505,3451 4150,3397 3815,3547"/>
                <Baseline points="3829,3590 3865,3590 3954,3584 4044,3572 4133,3567 4223,3561 4312,3561 4402,3555 4491,3555 4581,3555 4670,3549 4760,3543 4849,3537 4938,3531 5028,3525 5117,3519 5207,3513 5296,3507 5386,3507 5475,3513 5565,3507 5654,3507 5744,3507 5833,3501 5923,3501 6012,3495 6102,3501"/>
                <TextEquiv>
                    <Unicode>müssen Sie mir halbe Preise machen</Unicode>
                </TextEquiv>
            </TextLine>
            <TextLine id="tr_1_tl_37" custom="readingOrder {index:36;}">
                <Coords points="1539,3691 1682,3623 2465,3662 2560,3604 3454,3662 3681,3614 3684,3461 3023,3461 2896,3534 2468,3457 2295,3547 1810,3451 1689,3534 1542,3493"/>
                <Baseline points="1556,3620 1634,3614 1723,3608 1813,3608 1902,3602 1992,3596 2081,3596 2171,3596 2260,3596 2350,3590 2439,3596 2529,3596 2618,3590 2708,3596 2797,3596 2887,3596 2976,3596 3065,3596 3155,3602 3244,3596 3334,3590 3423,3590 3513,3590 3602,3584 3692,3590"/>
                <TextEquiv>
                    <Unicode>v. Monach. v. Zwicker. Whaloclock.</Unicode>
                </TextEquiv>
            </TextLine>
            <TextLine id="tr_1_tl_38" custom="readingOrder {index:37;}">
                <Coords points="3863,3821 4750,3742 5335,3825 5794,3700 6209,3818 6257,3553 5507,3655 5137,3566 4760,3659 3873,3611"/>
                <Baseline points="3883,3775 3936,3775 4026,3763 4115,3757 4205,3757 4294,3751 4384,3745 4473,3745 4563,3740 4652,3734 4742,3734 4831,3734 4921,3728 5010,3728 5100,3722 5189,3716 5278,3710 5368,3704 5457,3704 5547,3698 5636,3698 5726,3692 5815,3692 5905,3686 5994,3680 6084,3680 6173,3674 6263,3668"/>
                <TextEquiv>
                    <Unicode>denn bis dahin bin ich ganz natürlich</Unicode>
                </TextEquiv>
            </TextLine>
            <TextLine id="tr_1_tl_39" custom="readingOrder {index:38;}">
                <Coords points="1558,3821 3001,3828 3033,3713 2682,3646 2532,3732 2423,3703 2324,3754 2142,3646 1916,3636 1836,3697 1743,3643 1561,3745"/>
                <Baseline points="1574,3799 1610,3799 1700,3799 1789,3793 1878,3787 1968,3787 2057,3787 2147,3781 2236,3781 2326,3781 2415,3781 2505,3775 2594,3775 2684,3775 2773,3775 2863,3775 2952,3781 3042,3787"/>
                <TextEquiv>
                    <Unicode>Seitkletown am Fenster.</Unicode>
                </TextEquiv>
            </TextLine>
            <TextLine id="tr_1_tl_40" custom="readingOrder {index:39;}">
                <Coords points="3802,4000 3943,3965 4054,4058 4185,3962 4345,3956 4422,3997 4457,3981 4521,4048 4588,4010 4597,3748 4434,3780 4367,3761 4272,3834 4205,3834 4173,3796 4058,3860 3805,3888"/>
                <Baseline points="3823,3948 3883,3948 3972,3948 4062,3942 4151,3942 4241,3936 4330,3930 4420,3924 4509,3924 4598,3924"/>
                <TextEquiv>
                    <Unicode>unglücklich.</Unicode>
                </TextEquiv>
            </TextLine>
            <TextLine id="tr_1_tl_41" custom="readingOrder {index:40;}">
                <Coords points="1373,4058 2005,4080 2225,3981 2375,4051 2857,3971 3183,4096 3623,3991 3623,3847 3410,3796 3256,3879 2104,3818 1916,3908 1823,3847 1376,3888"/>
                <Baseline points="1395,4002 1485,4002 1574,4002 1664,3996 1753,3990 1843,3990 1932,3984 2022,3978 2111,3978 2201,3978 2290,3978 2380,3972 2469,3972 2558,3972 2648,3972 2737,3972 2827,3972 2916,3966 3006,3966 3095,3966 3185,3972 3274,3972 3364,3972 3453,3972 3543,3978 3632,3978"/>
                <TextEquiv>
                    <Unicode>v. Zwicker Herr Gottier; mir fällt</Unicode>
                </TextEquiv>
            </TextLine>
            <TextLine id="tr_1_tl_42" custom="readingOrder {index:41;}">
                <Coords points="3863,4230 5497,4090 5890,4102 6082,4236 6420,4208 6433,3898 4888,3930 4524,4045 4272,3952 4070,4070 3869,3975"/>
                <Baseline points="3883,4145 3930,4151 4020,4145 4109,4139 4199,4133 4288,4133 4378,4127 4467,4121 4557,4115 4646,4115 4736,4109 4825,4109 4915,4103 5004,4097 5094,4091 5183,4091 5272,4085 5362,4080 5451,4080 5541,4080 5630,4080 5720,4074 5809,4074 5899,4074 5988,4068 6078,4068 6167,4068 6257,4074 6346,4085 6436,4097"/>
                <TextEquiv>
                    <Unicode>Emithlelden (vom Finster.) Natürlich¬</Unicode>
                </TextEquiv>
            </TextLine>
            <TextLine id="tr_1_tl_43" custom="readingOrder {index:42;}">
                <Coords points="1382,4233 1564,4189 1679,4236 1746,4198 1848,4230 2165,4189 2276,4233 2417,4205 2420,4070 2174,4054 1900,4115 1871,4086 1702,4109 1580,4054 1494,4122 1382,4131"/>
                <Baseline points="1401,4181 1437,4181 1527,4181 1616,4181 1705,4181 1795,4175 1884,4169 1974,4169 2063,4169 2153,4163 2242,4169 2332,4169 2421,4163"/>
                <TextEquiv>
                    <Unicode>eben etwas ein.</Unicode>
                </TextEquiv>
            </TextLine>
            <TextLine id="tr_1_tl_44" custom="readingOrder {index:43;}">
                <Coords points="3269,4383 3349,4390 3371,4374 3445,4390 3445,4096 3397,4093 3362,4115 3346,4099 3314,4112 3295,4099 3269,4099"/>
                <Baseline points="3286,4294 3376,4288 3453,4294"/>
                <TextEquiv>
                    <Unicode>a</Unicode>
                </TextEquiv>
            </TextLine>
            <TextLine id="tr_1_tl_45" custom="readingOrder {index:44;}">
                <Coords points="3901,4367 4109,4361 4195,4412 4268,4390 4355,4447 4409,4406 4492,4418 4514,4169 4399,4198 4364,4176 4294,4217 4265,4192 4185,4198 3981,4259 3911,4246"/>
                <Baseline points="3918,4342 3972,4342 4062,4336 4151,4330 4241,4318 4330,4312 4420,4300 4509,4300"/>
                <TextEquiv>
                    <Unicode>natürlich!</Unicode>
                </TextEquiv>
            </TextLine>
            <TextLine id="tr_1_tl_46" custom="readingOrder {index:45;}">
                <Coords points="1402,4438 1686,4495 1871,4428 2337,4383 2659,4438 2659,4192 2487,4236 2410,4185 2244,4268 2120,4195 1957,4259 1746,4198 1402,4300"/>
                <Baseline points="1419,4348 1509,4354 1598,4360 1688,4360 1777,4366 1867,4360 1956,4360 2045,4348 2135,4354 2224,4348 2314,4354 2403,4348 2493,4354 2582,4360 2666,4354"/>
                <TextEquiv>
                    <Unicode>Whatoelock hätte?</Unicode>
                </TextEquiv>
            </TextLine>
        </TextRegion>
    </Page>
</PcGts>
