7464 4856
1289 451 3598 809 sichtigen "Herrschaft vergeben, müsse
1317 648 3637 963 und auf Ihr unser Zimmer zurückziehen.
1317 831 3576 1138 um Lage und ähnliches zu betrachten.
1339 1053 3490 1264 und unsere Hochseligkeiten zu ordnungen
1375 1224 3147 1514 komme lieber von swicker.
1339 1378 3662 1683 Ebeide mit Verbeugungen ab. Ebenso Smithleten,
1264 1561 3634 1858 Aga. Der Anfang wäre gemacht! Nun lagt
1246 1761 3670 2101 mich thun, was meines Amtes ist.
809 1983 3684 2288 Geh in auf unsere Zimmer; wir wohnen vis à vis
1235 2152 3566 2427 einem reizenden Finkespaar - ein
1317 2341 3652 2638 hübscher Mann und ein liebliches Mädchen
1314 2585 1969 2800 (beide ab.)
2062 2710 2993 2961 Dritter Austritt.
1278 2789 1615 3072 22/1
1990 2918 3276 3154 Whatoclock  (allein.)
1382 3115 3680 3387 Und er sollt auch doch alle betrügen! Ihr, liebe
1328 3304 3569 3526 Cayaliere, Herr von, Monoek und Herr
2177 3458 2635 3559 Und bis
1314 3469 3662 3773 von Zwicker. (bis erst der Rufmeines Goldes
2105 3627 2771 3745 das wohre
1364 3648 3712 3874 in die F inweitere kreise gedrungen, auch
1382 3863 3673 4135 Du geliebter Leithletown! Ihr
569 3888 1289 4146 und Ihr, thue
1364 4045 3498 4325 wollt auch die liebe dieses schönen
444 4110 1110 4328 Caralière v.
1389 4214 3601 4518 Mädchens verdienen? Entweder wird
487 4271 1203 4572 Monocle ày fait
3752 337 6133 655 sie keines Besitzen – oder ich! Ich will
3734 498 6211 909 ihr ins Gewissen reden, von dem Offizier
3759 723 6294 1045 zu lassen, da sie ja doch nie die Einwilligung
3759 916 6193 1246 ihrer Eltern erhalten wird. Und haben
3759 1113 6140 1479 die Eltern nicht recht? Gewiss! Was kann
3777 1296 6147 1615 einem Offizier alles“ geschehen. Da
3770 1504 6201 1801 ist vor allem der krieg. Wenn einer
3802 1661 6197 2005 Frau ihr Mann todtgeschossen wird - das
3795 1872 6104 2169 ist ja entschlich. Und das kann ja
3780 2051 6086 2370 sehr leicht geschehen, Freilich! Eine
3816 2248 6036 2553 kanonen kugelpfeift, durch die
3813 2434 6072 2760 Luft daher u. fragt nicht Eel viel
3777 2596 6208 2896 ob der Kerl ein Offizier ist oder
3806 2792 6133 3115 ein Gemeiner. Puff. Da lieg t er
3845 2954 6297 3308 Er ist todt, der övnen Kerl! Und Dno
3813 3161 6265 3548 Willen. O Gott! Und die the aram
3834 3362 6340 3637 Kinder Waisen. Wie soll sie denn mit
6208 3516 6387 3730 ?
3823 3562 6154 3931 den paar hundert Gulden leben¬
3848 3738 6412 4056 Und das kann ihnen passiren, wie nichts:
3856 3934 6136 4228 Wir steht uns dafür, ob nicht morgen
3866 4110 6426 4450 der könig erklärt wird. Da heiß es Ein¬
