7432 5112
3839 561 6240 975 Whatoclock (nach einer rührenden Hause.)
1162 715 3604 1089 Theodor (verschämt auf den Morgenur sehend.) Aber
3886 810 6438 1173 Haben die Herrschaften schon Zimmer bestellt?
1214 909 3571 1309 Roderich. O ich gehe schon; - (f. s.) sind die ver¬
3912 946 6412 1357 Roderich (kommt eben.) Ja wohl, Nr 47vis à vis dem
3897 1181 6240 1507 Rosenstrauch. Dorf ich bitten? - Robert,
1177 1206 1562 1404 liebt!
1232 1302 3014 1650 Tritz und Theodor (umarmen sich.)
3875 1316 6537 1683 (der kellner kommt), fuhre die Herrschaf¬
1276 1554 2365 1796 Whstoclock (kommt)
3809 1613 6335 1939 Am auf Nr 47. (der Kellner mit Theodor u.
1236 1690 3373 1987 Fritz u. Theodor (lassen sich schnell los.)
3930 1818 4506 2130 Trity ab
1239 1859 3674 2134 Whaloclock. Obitte, bitte, nur nicht genieren.
4909 1826 5774 2185 Drittel Aufbitt
1302 2027 3714 2372 Ich habe auch geliebt, und weiß, was es heißt, lie¬
4385 2115 6277 2438 the Whahocloek. Roderich.
4143 2233 7098 2680 hierauf Teug. Oga als Herr. Herr und Frau Fackel
1236 2258 3663 2522 bei – und unglücklich lieben. - Aber kosten
1305 2431 3622 2764 Sie sich, mein Fräulein, und trösten auch
3945 2486 6387 2830 Whotocloct. N. 1. Es fingt an. Da komen
1291 2599 3681 2948 Sie sich, mein Herr (beide sauszen) noch komt
3864 2680 6310 2959 wieder zwei. Brässe. Die sind auch verliebt!
4337 2867 5408 3058 sicherr u. Frau Sackel
1261 2816 3703 3109 eine Zeit, wo Sie nicht zu seu Exen brauchen,
4238 2856 6339 3179 Dang und Olga (eingesängt, schwachtend) gehen
1276 2995 3732 3292 und schon tage hin Eließenwerden in endloßen,
3912 3171 4436 3395 worüber.
1294 3179 2559 3461 ungetrübtem Glück.
3875 3204 6460 3549 Whalsclock (verditzt.) die bleiben ja nicht ein¬
1338 3362 3652 3710 Theodor (zieht sein Sacktuch hervor und
3956 3428 6504 3806 mal da. - Dingehen vorüber – Was soll denn
3949 3589 6467 3978 das sein. Am Ende gehen die gar in die
1353 3644 1796 3853 weint.)
1379 3743 3729 4037 Fritz. Oh weine nur nicht, meine thuerste
3971 3787 6460 4161 korně hinüber, zu meinem Todfeind, dem
1379 3930 3762 4290 Theodora! Ich denke Ihnen herzlich, ser¬
3930 3989 6464 4341 Hotelier Smithletown, meinem Landsma¬
1437 4117 3721 4469 Hotelier für ihre trostreichen Worte;
3971 4150 6511 4524 mit dem ich mich schon in Amerika
1456 4308 3718 4652 sie sind nur wahrsafflig zu Herzen ge¬
3967 4389 6625 4729 herumgeprügelt habe – (Ergeht Teig u. Kyswch
1441 4517 3839 4858 gangen, und ich werde nie vergessen
