7464 4808
3734 340 6080 698 Grenze meiner Jugendjahr, und ich sehne
1114 395 3530 716 die Seel u. Genissen. Gab Sie kein von
3767 552 6186 881 mich nach einer Frau, wie Sie es sind; Sie können
1206 607 3555 961 uns zwei lieber? Sprech Sie doch. Ich
3756 727 6164 1023 mich an meine Waterland, en Quaarika¬
1268 811 2675 1111 glaub, Sie lach mich aus
3782 946 6146 1198 Wäre Sie schon in Amerika? Darh ich
1239 906 3581 1341 Tanz. Gewiss ich lache Sie nicht aus! Ich
3745 1122 6175 1429 Ihnen davon erzählen? Ich sprach gar so
1239 1191 3606 1483 will sogar sprechen um sagessen
3774 1323 5722 1564 gern von meiner Vaterland!
1202 1403 3581 1655 daß mir die Wahl zwischen Peuen
4381 1472 5667 1827 (Geht mit ihr ab.
1293 1538 3639 1867 Herrn von Whatoeloek nicht allein
4735 1673 6003 2006 Hochster Aufkortt
1352 1750 2174 2021 schwer wäre.
3928 1809 6862 2214 Theoder Frei als Mächen u. Olga als Offizier.
1257 1933 3515 2269 Sr. Wenn nicht Herr von Zwick¬
3804 2039 6383 2397 Alga. Ja, ich liebe Sie, sowah ich ein Man¬
1286 2097 3610 2349 und Herr von Ebonale dauern.
3774 2218 6186 2510 bin, und werde nie aufhören zu lieben,
1286 2306 3383 2620 O diese Gechen! Diese Stützer.
3804 2397 6219 2740 Sie sind so unend sich liebenswürdig, und
1282 2510 3595 2806 Sorg. Nun, ichwill offen sein und
3760 2612 6182 2916 es scheint, daß jener Herr, mit Ihnen
1290 2664 3595 2989 gestehen, daß nur bis jetzt Sie der
3785 2828 6113 3117 reist. Sie nur in einer sagen Sie
1279 2861 3712 3171 angehöefenste unter allen hier in diesen
3807 2974 6131 3325 doch, lieben Sie hin ihn wirklich? Ich
1275 3058 3628 3354 Orte befindlichen Herren sei
3778 3168 6233 3500 der Sie entführt. Aber ich dürfs nicht
1253 3245 2686 3566 Sm. Ah - zu viel!
3815 3413 4341 3621 denken.
1231 3445 3716 3709 Frey. Ob ich Sie liebe - das ist eine Frage
3811 3530 6175 3855 Theodor. Verfolgen Sie mich nicht
1345 3628 3690 3979 die ich bis jetzt noch nicht beantworten
3836 3720 6197 4063 so ausgesetzt, mein Herr, denn ich
1301 3825 1754 4037 kan.
3833 3902 6248 4253 liebe ihn, sowahr ich ein Mädchen
1246 4001 3723 4293 Sm. Schöne Se Sehen Sie mein gelebt
3844 4187 4191 4410 bin.
1356 4169 3756 4516 stift; ich befinde mich bald an der
