7352 4728
1205 388 3668 779 segen nicht sofern ist, als zufürchten.
1205 666 1952 916 Hubert!
1321 779 3358 1114 Hubert (kommt u. vereenigt sich.)
1290 994 3640 1272 lote. Fuhre Du Herrschaften auf Nr.
1388 1226 2139 1459 5 f 52
1240 1392 2780 1660 Olga. Sie sind allzugütig!
1226 1579 3665 1871 Wh. Sr. Mr. Smithletown, es hilft Ihnen doch
1173 1804 3665 2023 nichts, da könne daß Sie lachen; einen
1279 1942 3753 2252 Einfall, wie den meinen, kriegt nicht jeder
1188 2199 1755 2453 Miesch.
2009 2315 3129 2562 Fünfter Ueftritt.
1575 2519 3136 2756 Voriger. Smithletown.
1237 2710 1998 2967 Sm (lacht)
1173 2840 3668 3189 1/4 (dreht sich um.) Ah - (Lachtirreisch.)
1240 3045 3721 3372 beide (lachm sich ins Gesicht und Verleisten
1262 3267 2075 3559 ihren Ärger.)
1272 3425 3763 3714 lö m. Nun ich dächte, Sie hätten gerade keine
1283 3637 3048 3922 besondern Grund zu lachen.
1265 3802 3770 4155 Sm. wirklich, was Sie nicht alles will
1233 4042 1846 4292 weißen.
1251 4218 3792 4503 loh. Mir scheint gar, Sie können noch immer
3820 307 4560 606 nicht deutsch.
3816 486 6360 825 Sie (lacht) Yer, ich hab alle mein Talente in die
3918 680 6487 1022 Schiff in Mr. Whatoclock hineingeprügeln,
3876 870 5853 1173 nie uir uaren auf die Schiff.
3855 1029 6304 1427 Wh. Und ich glaube, ihr habe dem Hr.
3841 1237 6678 1519 dem Hle town alle seine talente herausgeprügelt
3834 1417 6632 1765 Sm. Sie glaub noch immer, daß Sie uar der Sieger
3855 1660 4768 2012 auf die Schiff.
3869 1846 5828 2125 W2. Nun, ich denke, mein Herr.
3866 1977 6459 2379 im (lacht) das es aber uirklich uunderbar,
3883 2188 5441 2530 großartig, inwerslich!
3883 2364 6441 2675 Wh. Hab ich vielleicht die Prügel bekommen?
3911 2558 6477 2921 Sm. Ich glaub selb, daß Sie hab bekomm vor
3957 2756 6392 3143 zuänzig Jahr die Prügel auf die Schiff.
3933 2960 5962 3259 Auer nisse Sie eine Neuigkeit.
3897 3150 5677 3453 Wh. Welche denn? (Provisch.)
3918 3295 6519 3633 Sm. daß Ihren nichts nied helfen dieselbe
3954 3489 6382 3841 Preis für die Liebepaare; weil ich mach
3961 3668 6551 4045 in mein wôtel halbe Preis für die Eltern
3992 3957 5198 4204 von die Liebespaare
3971 4116 5155 4433 Wh. (steht starr.)
