7480 4792
1173 379 3711 711 v. Gönach. Sehen ein, kann nicht von gegebnen
1268 579 3708 844 Wort zurück, darf letzte Gefällig¬
1315 759 3740 1015 keit bitten, daß Offizier mir vorstelle.
1344 964 3202 1208 Herr von Whalsclock?
1306 1148 3714 1467 Wh. Was geht denn da vor? Sagen Sie
1337 1356 1717 1660 doch.
1315 1524 3677 1846 Frn. Cm, ich haben gewonnen, Herr von
1362 1732 2377 1969 Whatoclock!
1328 1865 3588 2184 lWt (verbeißt seinen Arge) Nimm, u)
1356 2090 3692 2371 kann es T. vertragen. Ich habe Gott
1369 2292 3727 2599 sei dank noch einige Gäste. Ja noch
1302 2463 2257 2725 einige. (Ab.
1277 2633 3645 2953 Frr. Olga. Ich sollte, will mich Ihnen
1369 2880 3661 3082 vorstellen; meine Herren. Ich bin
1321 3051 3658 3297 der Lieutement Arthur von Theuer
1201 3215 3737 3522 v. Wonsch. Ah, von theuer, sehr erfreut!
1069 3414 2867 3683 von zwicken. Desgleichen
1198 3594 3680 3863 Olga (sehr ernst, als wollte sie von Tod
1558 3797 3677 4094 Nacht gern sprechen) Hier meine
1350 3971 3762 4261 Braut Fang von Edelsbach. (Geht zu seinbar
1350 4198 2804 4483 zerstreut auf und ab.
3835 329 6231 645 Er (sieht xxx auf kann). Wollen die Herrn
3825 553 6187 831 vielleicht vor Ihre Zimmer in mein Götel
3825 793 4375 1040 absichtig.
3825 869 6212 1230 von Monocb. (ebenso.) O, hat ja Zeit, wurde
3825 1122 5128 1454 noch früh genug sehe.
3819 1287 5946 1615 v. Zwicke (ebenso.) Freilich; freilich!
3835 1473 6335 1754 Sie (sich zwischen die beiden u. Franz stellen)
3835 1666 6354 1954 Aber es wird noch viel zu recht sein und ähnlich,
3860 1887 6139 2159 erstrecken. Das können wir ja später
3901 2074 4261 2352 thun.
3844 2298 4615 2526 Sev. Aber -
3901 2431 6187 2668 v. Monock. Aber gar nichts, gar nicht
3857 2605 6218 2934 es gibt. kein Aber. (Teise zu ihm) Muhs
4078 2814 6060 3145 günstige Gelegenheit benutzen.
4043 2987 6202 3300 (ebenso.) Edarten Sie lieber, bis sie ist
3986 3262 4315 3436 klein!
4056 3360 6237 3648 Monock. Werweiß, wenn höchst ange¬
4031 3541 5494 3876 ihmer Fall eintritt?!
3920 3733 6256 4018 Im. Sie unod ja sehe, vom Tenster aus
3939 3926 6209 4239 das gerade geht auf diese Holz!
3920 4100 6452 4451 v. Monoch. Wirklich, möchte doch Zimmer be¬
