7432 5112
3776 756 6336 1116 sagt, ich krieg viel z' wenig gezahlt für
1094 824 3618 1210 die Blamage! Ich reue mit ihm bis zur Post.
3791 979 6325 1224 ein Reitknecht, kurt, sagt er, die bist
1091 1058 3589 1372 kurt. Ich bis Es sind wie alle verrückt. ein
3805 1138 6322 1411 die Elise, gestehe nur, sich erkenne dich
1080 1220 3661 1566 station, oh ich glaubte mit ihr! – ich setze mich
3841 1285 6412 1595 Sie sind vom Walles, an jedem denn
1080 1354 3647 1681 in die Postkulsche; - Himmel, die Blamvorge¬
3406 1490 3650 1631 infliged in the
3823 1469 6336 1699 Schritte erkent man dich, komme mit
2401 1505 3686 1825 ich will mich wieder,
1116 1573 2423 1883 aber ich bin todtmüde,
1944 1724 2416 1868 nur
3827 1602 6383 1922 mir, ich geb' die das doppelte, lieberei¬
1076 1692 3672 1998 strecken und diese verdammte Nachaus
3812 1775 6314 2106 zende Elisa, Sie sind s so schön, ich
400 1796 763 2102 Sele
1109 1865 3676 2185 dem Sinne schlagen. (In S m. 6 Gottel ab)
3852 1994 5206 2272 will dich entführen,
1102 2005 3694 2351 von Schnapper (komm aus dem Hotel, rufen
3809 2034 6415 2441 v. Schnägger. Was schwatzest du da für
1138 2228 3546 2506 kurt. Elise, Kurt, Elise, Rort,
1271 2329 3665 2614 Elise (bemerkt kurt.) Masseheil
3830 2365 4313 2617 Unsin.
3827 2336 6289 2725 kurt. Genau so hat der Herr von
1206 2444 3726 2837 die Schlingel, bist du endlich wieder
3820 2588 6246 2916 Monoele geredt) - Also ichge¬
1120 2682 3143 2966 da, meine süsteße Elise?
3845 2729 6394 3038 mit ihm. auf den Weg küsst er mich,
1109 2862 2408 3157 kurt. Ja, endlich –
3856 2923 6746 3258 küsst mich erscheinmal, kusst mich das nicht
1098 2999 3690 3334 v. Schnapper. Sage mir doch gefälligst
3884 3085 6372 3352 dritte Mal, und hört endlich auf
1120 3175 3704 3503 warum do fortgeran̄l bist, und wohn
3910 3244 6336 3575 mich zu küssen. Wir kommen zu
1123 3395 2027 3611 u. mit rein.
3938 3424 6426 3694 einer Postkutschen, die in die Stadt
1152 3474 3708 3809 kurt. O das ist eine konische Geschichte
3949 3568 6390 3917 fahrt; steige ein, kurt, schreit
1202 3697 2189 3956 Zum Schütteln!
3910 3733 6354 3985 er mich an, der Herr von Monrele
1188 3838 2833 4129 v. Schnappe. So wohl.
3931 3928 6458 4165 und dann lospelt er mir ins Ohr. best
1235 3989 3791 4255 kurt. Gestern spät am Abend steh' ich
4003 4075 6462 4320 du mir böse, holdseliger Elisa. Ich
1300 4136 3744 4396 da kömt der Herr von Monoele,
3982 4219 6574 4583 lach und glatz heraus und kann nicht
1253 4327 3690 4637 macht ein langmächtiges Gernd’sar,
