7432 4792
1175 413 3574 730 zur Sache zu kommen – wir bitten Sie als
1195 636 3610 907 unglücklich Liebende um Obdach gegen die An¬
1178 810 2651 1101 bilden grausamer Eltern.
1824 998 2225 1137 längstler
1295 1024 3610 1311 Erivine. Dorf. Sieh, Adolf, diese Blicke!
1253 1159 3555 1472 W. Einistät die beiden mit einem schreck¬
1262 1375 3500 1666 lichen Blick) Hrn. hern. Hum: keine
1266 1569 3687 1860 Adolf. Falls Sie vielleicht Zimmer nach
1250 1753 2690 2047 zur Verfügungsstetten.
1279 1931 3655 2221 Wh. O ich habe noch sie er, noch genug
1311 2134 2053 2412 schon. hunc.
1259 2318 2861 2641 Adolf. Also ich dürfte.
1288 2496 3623 2806 Ah. Gen. Ausschweife, meine Wei¬
1253 2719 3642 2896 nung. Susind keine unglückliche
1253 2890 3684 3177 tiebenden. (Feurige) Ein Unglücklich
1172 3048 3552 3355 Bielender hat eine andern Blick
1243 3274 3671 3558 hat eine andre Gesichtssarbe, einen
1240 3445 3607 3739 andern Zug um die Nase, einen
1275 3613 3568 3916 weniger sorgfältig gepflegten
1253 3839 1763 4055 bart.
1159 3997 3339 4265 Adolf. Oberum Himmelswillen
1243 4194 2890 4498 wenn ich Sie beschwöre?
3771 345 6122 665 seh (fahrt unbehindert fort, gegen
3784 507 6293 846 Erwärze) Eine Anglücklich verliebt.
3794 723 6270 1043 hat blaße Wangen, fürchte Augen,
3774 901 6112 1208 Erwin Gott, o Gott, das hab ich
3781 1117 6231 1398 ja alles zu er Genüge - sind meine
3807 1308 5424 1598 Wangen nicht bloß?
3758 1472 6351 1805 Mk (überlegen) Oh ich meine eine ganz
3765 1647 6180 1937 andere Bläße; meine sehr geehrte
3778 1860 6215 2118 Dame - wenn ich Sie übrigens als
3839 2034 6202 2351 Ehepaar, kurz überhaupt als ein Paar,
3771 2218 6196 2528 das seine Zechegang bezahlt, auf
3791 2441 6196 2754 nehmen soll, so ihm bin ich ganz
3829 2651 4343 2867 bereit
3839 2764 6322 3080 Adolf (zu Erwien) dasgestatten nur
3787 2967 6157 3229 meine beschänkten Mittel absolut
3794 3158 6312 3503 nicht.- Ich habe die E. Und denke dir
3800 3342 6257 3619 mit welchen Augen auf und dieser
3794 3519 6264 3865 unverschämte Mensch betrachten würde.
3881 3732 6219 4094 Ich habe die Ehre mich zu empfehlen
3845 3878 6319 4230 Herr Hotelier. (Mit Erwinn ab)
3849 4097 6448 4452 Erk (fecht ist alg) Ohnflasse mich nicht 6
