7464 4808
1341 429 3671 783 schenken? Ihr Ehrenwort, mein Herr,
1300 642 3533 949 Sm - Ja ist, haß den Herrn vor
1291 811 3559 1081 Whatoelock. Auf 4 fr. - Jetzt
1300 1006 3706 1225 uiller nur raat all Verdienst, inde¬
1331 1175 3718 1494 er macht für alle unglücklichkeiten
1347 1391 2309 1726 halbe Preis
1360 1569 3587 1876 Ülga. Erfahren Sie denn, Ihr
1391 1786 3537 2020 Feind beträgt sich, in uns zum
1309 1952 3518 2240 wenigsten – denn ich bin ein¬
1294 2143 3699 2465 Mädchen, wie meine sufte Frug!
1291 2334 3189 2616 Im (erstaunt) Unmöglich!
1363 2500 3659 2785 Olga. Sie sind ein Ehrenmann, und
1403 2716 3659 3013 sind nn kein Wort geht über Ihr
1413 2904 2086 3198 Sippen.
1410 3086 2556 3377 Er-Kein Wort!
1391 3283 3602 3571 Olya. Unser Zweck ist - Sußend
1325 3449 3662 3674 Omerikaner und ein Freund der
1360 3668 3380 3966 Excentrischen, Sonderbaren,
1457 3825 3273 4166 m. Ich schwären dafür.
1341 4003 3612 4310 Ölga? Nun, wir wollen hier.
1413 4213 3624 4533 Groberungen machen! - Ja, mein
3781 310 6224 661 Trund. - Aber trotz alledem muß mein
5898 529 6093 758 m
3762 564 5745 868 Geschlecht vor der Hand noch ge¬
5178 733 5482 871 vand
3765 724 6221 1046 bleiben; und ja ich will, u. wie es wahr¬
3822 946 6165 1269 scheinlicher zu machen, daß ich ein Mann
3778 1125 6146 1450 som, nachhier — in ein andres Mach
3772 1303 6093 1613 andern Mädchen die Kur machen.
3797 1469 6090 1811 Sm. Excellent, und was soll ich den
3831 1692 6096 1923 andere verliebten Herrn melden?
3822 1889 6143 2168 Franz. Sie melden Ihnen, daß er nur
4401 2061 5050 2224 geworden
3831 2042 6127 2390 untren wird und ich beschlossen
3834 2274 6146 2569 habe, die Huldigungen der Männer
3812 2515 4645 2744 bezu nehmen.
3815 2622 5632 2935 Sm (sieht sie lang an.) Ah -!
3831 2810 6215 3120 Fai) (verwundert.) Sie seußen? War.
3815 2979 6162 3320 lieben Sie sich nur nicht in mich! Ich
3837 3198 6146 3512 lasse mir wohl den Hof machen,
3853 3361 6372 3756 aber ich liebe nie! - (Sichabwendend
3866 3596 5438 3881 Nie! (Die Hand aufs Herz
3869 3759 6115 4069 Sm. (geht mit einem Halblauten
3903 4016 4812 4254 Seufzerab.)
