<?xml version="1.0" encoding="UTF-8" standalone="yes"?>
<PcGts xmlns="http://schema.primaresearch.org/PAGE/gts/pagecontent/2013-07-15" xmlns:xsi="http://www.w3.org/2001/XMLSchema-instance" xsi:schemaLocation="http://schema.primaresearch.org/PAGE/gts/pagecontent/2013-07-15 http://schema.primaresearch.org/PAGE/gts/pagecontent/2013-07-15/pagecontent.xsd">
    <Metadata>
        <Creator>prov=READ-COOP:name=TrHtr:version=2.1.0:model_id=51170:date=28_07_2023_13:10</Creator>
        <Created>2023-05-10T11:37:13.269+02:00</Created>
        <LastChange>2023-07-28T13:10:20.335+02:00</LastChange>
        <TranskribusMetadata docId="1428166" pageId="55389153" pageNr="17" tsid="131348811" status="IN_PROGRESS" userId="64420" imgUrl="https://files.transkribus.eu/Get?id=MQJKARUTAVSRVIMBGGGDBFNT&amp;fileType=view" xmlUrl="https://files.transkribus.eu/Get?id=PGIKOSZULNHLMCBWTZERLDFQ" imageId="44664042"/>
    </Metadata>
    <Page imageFilename="1428166_0017.jpg" imageWidth="7416" imageHeight="4744">
        <ReadingOrder>
            <OrderedGroup id="ro_1711818509813" caption="Regions reading order">
                <RegionRefIndexed index="0" regionRef="tr_2"/>
                <RegionRefIndexed index="1" regionRef="tr_1"/>
            </OrderedGroup>
        </ReadingOrder>
        <TextRegion id="tr_2" custom="readingOrder {index:0;}">
            <Coords points="914,517 3531,517 3531,4389 914,4389"/>
            <TextLine id="tr_2_tl_1" custom="readingOrder {index:0;}">
                <Coords points="952,707 2035,720 2189,638 2572,622 2690,687 2919,625 2929,435 2193,448 1846,550 1577,458 962,524"/>
                <Baseline points="973,675 1045,663 1135,651 1224,645 1314,645 1404,639 1493,639 1583,627 1672,627 1762,621 1852,615 1941,615 2031,609 2121,609 2210,609 2300,597 2389,597 2479,591 2569,585 2658,579 2748,579 2838,573 2927,567"/>
                <TextEquiv>
                    <Unicode>v. Monock. Witzig aufgelegt; nicht?</Unicode>
                </TextEquiv>
            </TextLine>
            <TextLine id="tr_2_tl_2" custom="readingOrder {index:1;}">
                <Coords points="893,946 3223,749 3433,864 3524,596 903,749"/>
                <Baseline points="914,878 932,878 1021,866 1111,854 1200,848 1290,842 1380,830 1469,818 1559,818 1649,806 1738,806 1828,806 1917,800 2007,800 2097,800 2186,794 2276,788 2366,782 2455,776 2545,770 2634,764 2724,758 2814,758 2903,758 2993,752 3083,752 3172,746 3262,734 3351,716 3441,699 3531,693"/>
                <TextEquiv>
                    <Unicode>Wk. Oh, höchst witzig. Sie glauben gar uE</Unicode>
                </TextEquiv>
            </TextLine>
            <TextLine id="tr_2_tl_3" custom="readingOrder {index:2;}">
                <Coords points="1008,1054 1496,1116 1692,1005 2163,1119 2409,985 2847,1024 2958,956 3125,1064 3367,995 3377,776 2827,913 2520,821 1702,877 1617,952 1525,877 1293,962 1014,926"/>
                <Baseline points="1027,1039 1045,1033 1135,1033 1224,1027 1314,1021 1404,1015 1493,1009 1583,1009 1672,997 1762,997 1852,997 1941,997 2031,991 2121,985 2210,979 2300,973 2389,967 2479,961 2569,955 2658,949 2748,944 2838,944 2927,944 3017,938 3106,932 3196,926 3286,920 3375,908"/>
                <TextEquiv>
                    <Unicode>was ich heute schon für Witze gemachth</Unicode>
                </TextEquiv>
            </TextLine>
            <TextLine id="tr_2_tl_4" custom="readingOrder {index:3;}">
                <Coords points="1064,1332 1355,1250 1584,1257 1653,1316 1898,1194 1999,1260 2137,1198 2143,1090 1970,1067 1865,1116 1784,1047 1646,1136 1505,1145 1410,1083 1358,1116 1077,1067"/>
                <Baseline points="1087,1200 1165,1200 1254,1200 1344,1200 1433,1194 1523,1194 1613,1188 1702,1183 1792,1177 1882,1177 1971,1171 2061,1165 2150,1159"/>
                <TextEquiv>
                    <Unicode>Esest großartig.</Unicode>
                </TextEquiv>
            </TextLine>
            <TextLine id="tr_2_tl_5" custom="readingOrder {index:4;}">
                <Coords points="1005,1437 1417,1388 1659,1463 1977,1361 2235,1433 2553,1338 3053,1401 3335,1329 3338,1247 2464,1188 2215,1280 1352,1247 1011,1342"/>
                <Baseline points="1027,1398 1105,1404 1194,1398 1284,1392 1374,1380 1463,1374 1553,1368 1643,1362 1732,1356 1822,1350 1911,1350 2001,1350 2091,1344 2180,1338 2270,1338 2360,1338 2449,1332 2539,1332 2628,1332 2718,1326 2808,1326 2897,1320 2987,1308 3077,1308 3166,1302 3256,1296 3345,1296"/>
                <TextEquiv>
                    <Unicode>v. Moncah. Müssen erzählen. Höre gern</Unicode>
                </TextEquiv>
            </TextLine>
            <TextLine id="tr_2_tl_6" custom="readingOrder {index:5;}">
                <Coords points="1031,1630 1234,1620 1280,1659 1420,1581 1662,1659 1774,1656 1859,1590 2130,1604 2186,1594 2196,1453 2029,1417 1685,1502 1590,1437 1460,1528 1345,1456 1041,1525"/>
                <Baseline points="1051,1607 1123,1601 1212,1595 1302,1583 1392,1577 1481,1571 1571,1565 1660,1559 1750,1553 1840,1547 1929,1541 2019,1535 2109,1535 2198,1535"/>
                <TextEquiv>
                    <Unicode>Witz. Aber später.</Unicode>
                </TextEquiv>
            </TextLine>
            <TextLine id="tr_2_tl_7" custom="readingOrder {index:6;}">
                <Coords points="995,1846 1856,1741 2039,1829 2389,1721 2677,1810 3001,1748 3096,1826 3371,1761 3384,1525 2543,1630 2032,1584 1744,1705 1450,1581 1001,1718"/>
                <Baseline points="1015,1786 1057,1780 1147,1774 1236,1768 1326,1756 1416,1750 1505,1750 1595,1750 1684,1744 1774,1738 1864,1738 1953,1732 2043,1726 2133,1720 2222,1720 2312,1714 2401,1708 2491,1702 2581,1702 2670,1702 2760,1696 2849,1690 2939,1684 3029,1678 3118,1678 3208,1678 3298,1672 3387,1672"/>
                <TextEquiv>
                    <Unicode>a-swicker. Lieber später; jeht möcht ich ge¬</Unicode>
                </TextEquiv>
            </TextLine>
            <TextLine id="tr_2_tl_8" custom="readingOrder {index:7;}">
                <Coords points="1014,1973 2503,1941 2513,1725 2232,1833 2176,1790 2029,1829 1947,1767 1018,1898"/>
                <Baseline points="1033,1959 1081,1953 1171,1947 1260,1947 1350,1941 1439,1935 1529,1935 1619,1929 1708,1923 1798,1923 1888,1917 1977,1917 2067,1911 2156,1905 2246,1899 2336,1894 2425,1888 2515,1882"/>
                <TextEquiv>
                    <Unicode>etwas über die reizende¬</Unicode>
                </TextEquiv>
            </TextLine>
            <TextLine id="tr_2_tl_9" custom="readingOrder {index:8;}">
                <Coords points="1047,2183 1293,2206 2124,2101 2327,2173 2454,2091 2641,2104 2647,2006 2143,1954 1787,2055 1623,1964 1482,2042 1050,2085"/>
                <Baseline points="1069,2138 1129,2138 1218,2133 1308,2127 1398,2127 1487,2121 1577,2115 1666,2115 1756,2109 1846,2103 1935,2103 2025,2097 2115,2091 2204,2085 2294,2085 2383,2085 2473,2079 2563,2079 2652,2073"/>
                <TextEquiv>
                    <Unicode>v. Monsch über die superbe¬</Unicode>
                </TextEquiv>
            </TextLine>
            <TextLine id="tr_2_tl_10" custom="readingOrder {index:9;}">
                <Coords points="1090,2415 1911,2291 3394,2346 3426,2104 2749,2117 2579,2229 2196,2127 1702,2222 1489,2150 1096,2258"/>
                <Baseline points="1111,2324 1188,2330 1278,2324 1368,2318 1457,2312 1547,2306 1637,2306 1726,2300 1816,2288 1905,2288 1995,2282 2085,2276 2174,2270 2264,2270 2354,2270 2443,2264 2533,2264 2622,2258 2712,2252 2802,2252 2891,2246 2981,2246 3071,2246 3160,2240 3250,2234 3339,2228 3429,2234"/>
                <TextEquiv>
                    <Unicode>v. Zwicker – über die reizend Entführte e¬</Unicode>
                </TextEquiv>
            </TextLine>
            <TextLine id="tr_2_tl_11" custom="readingOrder {index:10;}">
                <Coords points="1142,2625 1492,2503 3374,2490 3380,2376 2949,2301 2824,2373 2739,2291 2431,2369 2206,2314 1990,2415 1342,2369 1149,2458"/>
                <Baseline points="1165,2509 1236,2509 1326,2503 1416,2497 1505,2497 1595,2497 1684,2491 1774,2485 1864,2479 1953,2473 2043,2473 2133,2461 2222,2461 2312,2455 2401,2449 2491,2443 2581,2443 2670,2437 2760,2431 2849,2431 2939,2437 3029,2431 3118,2425 3208,2425 3298,2419 3387,2413"/>
                <TextEquiv>
                    <Unicode>Fahren, die ein leider sehr fescher jüng</Unicode>
                </TextEquiv>
            </TextLine>
            <TextLine id="tr_2_tl_12" custom="readingOrder {index:11;}">
                <Coords points="1152,2700 1738,2677 1892,2775 2454,2654 2579,2749 2873,2703 3057,2795 3400,2618 3410,2431 2942,2530 2713,2484 2536,2575 2232,2500 1744,2523 1532,2634 1289,2533 1155,2611"/>
                <Baseline points="1171,2688 1260,2682 1350,2682 1439,2682 1529,2676 1619,2670 1708,2664 1798,2664 1888,2664 1977,2658 2067,2652 2156,2646 2246,2640 2336,2640 2425,2640 2515,2640 2605,2634 2694,2634 2784,2634 2873,2628 2963,2628 3053,2622 3142,2610 3232,2605 3321,2605 3411,2587"/>
                <TextEquiv>
                    <Unicode>Man mit sich hieher gebracht hat Ich wurde</Unicode>
                </TextEquiv>
            </TextLine>
            <TextLine id="tr_2_tl_13" custom="readingOrder {index:12;}">
                <Coords points="1175,2890 1388,2929 1522,2867 1679,2913 1852,2854 1986,2945 2196,2854 2337,2929 2526,2844 2533,2716 2428,2680 2353,2746 2101,2765 1986,2703 1820,2798 1669,2719 1185,2719"/>
                <Baseline points="1194,2873 1284,2879 1374,2873 1463,2867 1553,2867 1643,2861 1732,2855 1822,2849 1911,2849 2001,2844 2091,2838 2180,2832 2270,2826 2360,2826 2449,2820 2539,2820"/>
                <TextEquiv>
                    <Unicode>Sie ihm abzuwendig zumache.</Unicode>
                </TextEquiv>
            </TextLine>
            <TextLine id="tr_2_tl_14" custom="readingOrder {index:13;}">
                <Coords points="1067,3083 3315,3040 3472,2945 3230,2847 3017,2949 2575,2854 2481,2929 2222,2873 1767,2971 1073,2913"/>
                <Baseline points="1087,3077 1147,3071 1236,3065 1326,3059 1416,3053 1505,3047 1595,3041 1684,3041 1774,3041 1864,3041 1953,3035 2043,3029 2133,3023 2222,3017 2312,3011 2401,3011 2491,3005 2581,3005 2670,3005 2760,3005 2849,2999 2939,2999 3029,2999 3118,2993 3208,2987 3298,2981 3387,2969 3477,2975"/>
                <TextEquiv>
                    <Unicode>v. Monoch. So? Gabe schon bemerkt, wie</Unicode>
                </TextEquiv>
            </TextLine>
            <TextLine id="tr_2_tl_15" custom="readingOrder {index:14;}">
                <Coords points="1142,3328 2402,3204 2503,3266 2726,3207 2847,3302 3430,3194 3469,3030 1149,3161"/>
                <Baseline points="1165,3226 1230,3232 1320,3238 1410,3244 1499,3238 1589,3232 1678,3232 1768,3226 1858,3220 1947,3220 2037,3208 2127,3208 2216,3208 2306,3202 2395,3196 2485,3196 2575,3196 2664,3190 2754,3190 2844,3184 2933,3184 3023,3178 3112,3178 3202,3178 3292,3172 3381,3166 3471,3160"/>
                <TextEquiv>
                    <Unicode>Entführen erschießen, Mädchen heirat</Unicode>
                </TextEquiv>
            </TextLine>
            <TextLine id="tr_2_tl_16" custom="readingOrder {index:15;}">
                <Coords points="1152,3508 2464,3397 3138,3456 3439,3371 3446,3197 3112,3210 2854,3328 2736,3243 2530,3328 2166,3263 1155,3410"/>
                <Baseline points="1171,3459 1206,3453 1296,3447 1386,3441 1475,3435 1565,3423 1655,3417 1744,3417 1834,3411 1923,3405 2013,3405 2103,3405 2192,3405 2282,3399 2372,3393 2461,3387 2551,3387 2640,3393 2730,3387 2820,3381 2909,3369 2999,3369 3088,3357 3178,3363 3268,3363 3357,3357 3447,3345"/>
                <TextEquiv>
                    <Unicode>ein Jahr lang bleiben, darauf scheide</Unicode>
                </TextEquiv>
            </TextLine>
            <TextLine id="tr_2_tl_17" custom="readingOrder {index:16;}">
                <Coords points="1129,3682 3030,3567 3462,3783 3479,3361 3083,3485 2471,3397 1132,3570"/>
                <Baseline points="1147,3656 1236,3644 1326,3638 1416,3626 1505,3620 1595,3614 1684,3614 1774,3602 1864,3602 1953,3596 2043,3590 2133,3590 2222,3584 2312,3566 2401,3566 2491,3560 2581,3560 2670,3566 2760,3566 2849,3560 2939,3560 3029,3560 3118,3560 3208,3566 3298,3566 3387,3566 3477,3549"/>
                <TextEquiv>
                    <Unicode>lassen, süxte be Idee! Werde gleich</Unicode>
                </TextEquiv>
            </TextLine>
            <TextLine id="tr_2_tl_18" custom="readingOrder {index:17;}">
                <Coords points="1211,3852 2140,3780 2562,3898 2667,3822 3089,3793 3135,3629 2163,3642 2026,3731 1803,3629 1564,3744 1214,3714"/>
                <Baseline points="1230,3829 1254,3829 1344,3823 1433,3817 1523,3805 1613,3805 1702,3794 1792,3788 1882,3782 1971,3776 2061,3776 2150,3770 2240,3770 2330,3764 2419,3764 2509,3758 2599,3758 2688,3758 2778,3758 2867,3758 2957,3758 3047,3752 3136,3758"/>
                <TextEquiv>
                    <Unicode>davon gehen. Wo ist Entführer?</Unicode>
                </TextEquiv>
            </TextLine>
            <TextLine id="tr_2_tl_19" custom="readingOrder {index:18;}">
                <Coords points="1145,4058 1492,4117 1744,3989 2877,3947 3449,4022 3456,3881 3328,3809 3001,3888 2667,3819 2454,3907 2346,3822 2088,3865 1944,3793 1149,3878"/>
                <Baseline points="1165,3997 1218,3997 1308,3991 1398,3991 1487,3991 1577,3985 1666,3979 1756,3973 1846,3967 1935,3967 2025,3967 2115,3961 2204,3961 2294,3949 2383,3955 2473,3949 2563,3943 2652,3949 2742,3943 2832,3943 2921,3943 3011,3937 3100,3937 3190,3937 3280,3937 3369,3937 3459,3931"/>
                <TextEquiv>
                    <Unicode>Wh. Ich darf Sumohl jetzt verlasse</Unicode>
                </TextEquiv>
            </TextLine>
            <TextLine id="tr_2_tl_20" custom="readingOrder {index:19;}">
                <Coords points="1181,4192 1528,4195 1649,4258 1944,4166 2111,4176 2212,4258 2346,4189 2611,4218 2657,4208 2661,4032 2291,3986 2107,4097 1924,4051 1852,4091 1741,3989 1548,4127 1181,4110"/>
                <Baseline points="1200,4182 1230,4182 1320,4176 1410,4176 1499,4164 1589,4164 1678,4158 1768,4158 1858,4158 1947,4152 2037,4140 2127,4140 2216,4146 2306,4146 2395,4140 2485,4140 2575,4140 2664,4128"/>
                <TextEquiv>
                    <Unicode>mein Herren (Geht.</Unicode>
                </TextEquiv>
            </TextLine>
            <TextLine id="tr_2_tl_21" custom="readingOrder {index:20;}">
                <Coords points="1060,4503 2287,4349 3387,4366 3390,4264 3089,4169 2913,4271 2490,4179 2196,4267 1993,4202 1067,4280"/>
                <Baseline points="1081,4373 1153,4379 1242,4373 1332,4373 1422,4367 1511,4361 1601,4355 1690,4355 1780,4355 1870,4349 1959,4337 2049,4337 2138,4331 2228,4337 2318,4331 2407,4331 2497,4331 2587,4331 2676,4325 2766,4325 2855,4319 2945,4319 3035,4319 3124,4319 3214,4319 3304,4319 3393,4319"/>
                <TextEquiv>
                    <Unicode>v. Zwecker. Mein lieb er von Mona</Unicode>
                </TextEquiv>
            </TextLine>
        </TextRegion>
        <TextRegion id="tr_1" custom="readingOrder {index:1;}">
            <Coords points="3805,278 6422,278 6422,4323 3805,4323"/>
            <TextLine id="tr_1_tl_1" custom="readingOrder {index:0;}">
                <Coords points="3803,432 3822,442 3852,432 3865,445 3898,419 3966,412 3989,239 3956,242 3924,209 3884,239 3875,232 3826,236"/>
                <Baseline points="3829,346 3895,346 3985,328"/>
                <TextEquiv>
                    <Unicode>10/1</Unicode>
                </TextEquiv>
            </TextLine>
            <TextLine id="tr_1_tl_2" custom="readingOrder {index:1;}">
                <Coords points="3848,638 4130,635 4199,583 4333,648 4457,563 4552,602 4676,553 4837,615 4928,547 5069,641 5154,576 5256,589 5259,383 4899,422 4788,380 4362,465 4290,416 4117,468 3855,425"/>
                <Baseline points="3871,555 3919,555 4009,555 4098,555 4188,555 4277,555 4367,549 4457,549 4546,549 4636,543 4726,543 4815,537 4905,531 4994,531 5084,531 5174,525 5263,519"/>
                <TextEquiv>
                    <Unicode>mache dich nicht lächerlich.</Unicode>
                </TextEquiv>
            </TextLine>
            <TextLine id="tr_1_tl_3" custom="readingOrder {index:2;}">
                <Coords points="3786,782 5858,776 6051,726 6054,556 5603,648 5403,576 4591,661 4009,599 3790,677"/>
                <Baseline points="3805,746 3817,746 3907,746 3997,740 4086,746 4176,734 4266,740 4355,734 4445,728 4534,728 4624,728 4714,728 4803,728 4893,722 4982,722 5072,722 5162,716 5251,711 5341,711 5431,711 5520,705 5610,705 5699,699 5789,693 5879,687 5968,681 6058,675"/>
                <TextEquiv>
                    <Unicode>v. Konsch. Stoße vielleicht auf Unglauben</Unicode>
                </TextEquiv>
            </TextLine>
            <TextLine id="tr_1_tl_4" custom="readingOrder {index:3;}">
                <Coords points="3790,1028 3917,995 4028,1067 4267,952 4352,1034 4696,956 4915,1031 5197,920 5200,782 4991,825 4457,769 4091,870 3930,802 3796,815"/>
                <Baseline points="3811,932 3859,932 3949,932 4038,932 4128,932 4218,926 4307,920 4397,920 4487,920 4576,914 4666,914 4755,908 4845,908 4935,908 5024,908 5114,902 5204,902"/>
                <TextEquiv>
                    <Unicode>daß ich mich nicht schließe?</Unicode>
                </TextEquiv>
            </TextLine>
            <TextLine id="tr_1_tl_5" custom="readingOrder {index:4;}">
                <Coords points="3812,1244 4310,1116 5033,1109 5226,1188 6051,1106 6195,1080 6201,916 5819,1018 5675,952 5292,1028 5102,939 4447,1057 4290,969 4058,1083 3822,1021"/>
                <Baseline points="3835,1141 3877,1141 3967,1129 4056,1129 4146,1117 4236,1111 4325,1105 4415,1111 4505,1111 4594,1111 4684,1105 4773,1105 4863,1099 4953,1099 5042,1093 5132,1093 5221,1087 5311,1087 5401,1087 5490,1081 5580,1075 5670,1069 5759,1069 5849,1069 5938,1069 6028,1063 6118,1057 6207,1045"/>
                <TextEquiv>
                    <Unicode>v. Zwecker. Mein lieber, vor allem muß</Unicode>
                </TextEquiv>
            </TextLine>
            <TextLine id="tr_1_tl_6" custom="readingOrder {index:5;}">
                <Coords points="3888,1348 3960,1365 4071,1309 4280,1401 4585,1299 4742,1293 4745,1168 4663,1145 4546,1214 4408,1132 4307,1116 3891,1253"/>
                <Baseline points="3907,1302 3943,1308 4032,1308 4122,1302 4212,1296 4301,1296 4391,1290 4481,1290 4570,1290 4660,1290 4749,1284"/>
                <TextEquiv>
                    <Unicode>sie mich lieben.</Unicode>
                </TextEquiv>
            </TextLine>
            <TextLine id="tr_1_tl_7" custom="readingOrder {index:6;}">
                <Coords points="3829,1525 4467,1515 4595,1594 5151,1473 5838,1535 6116,1482 6123,1302 5819,1365 5472,1266 4971,1289 4490,1460 4375,1374 4228,1433 3832,1355"/>
                <Baseline points="3847,1499 3883,1499 3973,1493 4062,1487 4152,1487 4242,1487 4331,1481 4421,1481 4510,1487 4600,1481 4690,1475 4779,1475 4869,1475 4959,1475 5048,1469 5138,1463 5227,1463 5317,1463 5407,1457 5496,1451 5586,1451 5676,1451 5765,1445 5855,1439 5944,1433 6034,1427 6124,1422"/>
                <TextEquiv>
                    <Unicode>v. Monachr: Ah - bah! - Sie liebt mich ja</Unicode>
                </TextEquiv>
            </TextLine>
            <TextLine id="tr_1_tl_8" custom="readingOrder {index:7;}">
                <Coords points="3852,1741 3924,1734 3966,1754 4081,1692 4127,1689 4159,1712 4202,1685 4241,1705 4241,1558 4114,1568 4064,1532 4019,1574 3989,1554 3947,1587 3852,1581"/>
                <Baseline points="3871,1684 3889,1678 3979,1678 4068,1678 4158,1678 4248,1678"/>
                <TextEquiv>
                    <Unicode>schon!</Unicode>
                </TextEquiv>
            </TextLine>
            <TextLine id="tr_1_tl_9" custom="readingOrder {index:8;}">
                <Coords points="3839,1947 4539,1882 4650,1944 4869,1859 5102,1921 5652,1823 6064,1888 6152,1865 6156,1702 3845,1784"/>
                <Baseline points="3859,1876 3919,1876 4009,1870 4098,1870 4188,1870 4277,1864 4367,1858 4457,1852 4546,1852 4636,1846 4726,1846 4815,1840 4905,1840 4994,1834 5084,1834 5174,1828 5263,1828 5353,1822 5443,1822 5532,1816 5622,1816 5711,1810 5801,1810 5891,1804 5980,1798 6070,1798 6160,1786"/>
                <TextEquiv>
                    <Unicode>v. Zwicker. Weher weißet du denn das gar so</Unicode>
                </TextEquiv>
            </TextLine>
            <TextLine id="tr_1_tl_10" custom="readingOrder {index:9;}">
                <Coords points="3904,2130 4009,2143 4169,2065 4539,2121 4856,2035 5089,2104 5301,2019 5305,1898 5056,1954 4873,1862 4650,1944 4559,1885 4447,1957 3911,1983"/>
                <Baseline points="3925,2067 3967,2061 4056,2061 4146,2055 4236,2049 4325,2043 4415,2043 4505,2037 4594,2037 4684,2031 4773,2031 4863,2031 4953,2025 5042,2025 5132,2019 5221,2019 5311,2013"/>
                <TextEquiv>
                    <Unicode>sicher! Haft du Beweise?</Unicode>
                </TextEquiv>
            </TextLine>
            <TextLine id="tr_1_tl_11" custom="readingOrder {index:10;}">
                <Coords points="6002,2137 6074,2098 6110,2127 6185,2127 6231,2147 6388,2065 6414,2068 6424,1882 6362,1918 6313,1895 6228,1901 6182,1885 6133,1908 6097,1901 6048,1941 6012,1937"/>
                <Baseline points="6022,2073 6064,2067 6154,2067 6243,2055 6333,2055 6422,2061"/>
                <TextEquiv>
                    <Unicode>se had.</Unicode>
                </TextEquiv>
            </TextLine>
            <TextLine id="tr_1_tl_12" custom="readingOrder {index:11;}">
                <Coords points="3875,2307 5524,2202 5678,2291 5979,2193 6247,2225 6250,2153 5832,2035 3881,2140"/>
                <Baseline points="3895,2240 3925,2240 4015,2240 4104,2240 4194,2234 4283,2234 4373,2228 4463,2222 4552,2222 4642,2222 4732,2216 4821,2216 4911,2210 5000,2210 5090,2210 5180,2210 5269,2204 5359,2192 5449,2192 5538,2192 5628,2186 5717,2186 5807,2180 5897,2180 5986,2180 6076,2180 6166,2180 6255,2180"/>
                <TextEquiv>
                    <Unicode>v. Monach - Beweise?!! - Gab’ ich das Mar¬</Unicode>
                </TextEquiv>
            </TextLine>
            <TextLine id="tr_1_tl_13" custom="readingOrder {index:12;}">
                <Coords points="3891,2549 4078,2451 4506,2543 4811,2435 5017,2507 5432,2405 5956,2487 6126,2435 6129,2297 5779,2229 5648,2294 5495,2206 4892,2369 4719,2278 4028,2284 3894,2363"/>
                <Baseline points="3913,2419 3985,2419 4074,2425 4164,2425 4254,2419 4343,2419 4433,2413 4522,2413 4612,2407 4702,2407 4791,2413 4881,2413 4971,2407 5060,2401 5150,2395 5239,2395 5329,2383 5419,2383 5508,2383 5598,2372 5688,2372 5777,2366 5867,2366 5956,2366 6046,2360 6136,2360"/>
                <TextEquiv>
                    <Unicode>chen, das süßerbe nicht auf der Treppe</Unicode>
                </TextEquiv>
            </TextLine>
            <TextLine id="tr_1_tl_14" custom="readingOrder {index:13;}">
                <Coords points="3911,2690 4032,2706 4094,2657 4136,2674 4176,2634 4343,2664 4366,2644 4480,2641 4487,2484 4398,2474 4163,2566 4045,2464 3914,2536"/>
                <Baseline points="3931,2605 3955,2605 4044,2605 4134,2605 4224,2605 4313,2599 4403,2593 4493,2593"/>
                <TextEquiv>
                    <Unicode>begegnet –</Unicode>
                </TextEquiv>
            </TextLine>
            <TextLine id="tr_1_tl_15" custom="readingOrder {index:14;}">
                <Coords points="3881,2837 4300,2867 4863,2785 5063,2827 5118,2801 5121,2625 5040,2605 4735,2716 4621,2661 4470,2742 4323,2647 4166,2706 3884,2706"/>
                <Baseline points="3901,2808 3961,2808 4050,2802 4140,2802 4230,2796 4319,2790 4409,2790 4499,2790 4588,2790 4678,2790 4767,2784 4857,2784 4947,2778 5036,2778 5126,2766"/>
                <TextEquiv>
                    <Unicode>v. Zwicker. um, - und.</Unicode>
                </TextEquiv>
            </TextLine>
            <TextLine id="tr_1_tl_16" custom="readingOrder {index:15;}">
                <Coords points="3878,3017 4706,2975 5023,3079 5282,2971 6142,3057 6149,2775 4820,2821 4631,2906 4186,2837 3878,2935"/>
                <Baseline points="3895,2999 3913,2999 4003,2999 4092,2993 4182,2987 4271,2981 4361,2981 4451,2975 4540,2969 4630,2969 4720,2969 4809,2963 4899,2957 4988,2957 5078,2957 5168,2957 5257,2957 5347,2951 5437,2951 5526,2945 5616,2945 5705,2945 5795,2939 5885,2933 5974,2939 6064,2939 6154,2939"/>
                <TextEquiv>
                    <Unicode>M. Monosh. Und?! Ich denke doch, da es ist</Unicode>
                </TextEquiv>
            </TextLine>
            <TextLine id="tr_1_tl_17" custom="readingOrder {index:16;}">
                <Coords points="3878,3230 3920,3230 3950,3256 4019,3227 4068,3237 4097,3214 4136,3250 4235,3237 4238,3125 4208,3132 4186,3112 4169,3122 4159,3112 4143,3129 4084,3132 4055,3109 4009,3135 3983,3112 3881,3125"/>
                <Baseline points="3895,3178 3973,3178 4062,3172 4152,3172 4242,3160"/>
                <TextEquiv>
                    <Unicode>genug</Unicode>
                </TextEquiv>
            </TextLine>
            <TextLine id="tr_1_tl_18" custom="readingOrder {index:17;}">
                <Coords points="3888,3397 5406,3439 5900,3351 5985,3423 6394,3322 6391,3207 6211,3158 3891,3230"/>
                <Baseline points="3907,3363 3985,3369 4074,3363 4164,3363 4254,3363 4343,3357 4433,3357 4522,3357 4612,3345 4702,3339 4791,3345 4881,3345 4971,3345 5060,3339 5150,3333 5239,3333 5329,3333 5419,3327 5508,3321 5598,3321 5688,3321 5777,3321 5867,3321 5956,3321 6046,3321 6136,3316 6225,3304 6315,3304 6404,3298"/>
                <TextEquiv>
                    <Unicode>v. Zwicker. Du meinst, jetzt liebst sie dich schon</Unicode>
                </TextEquiv>
            </TextLine>
            <TextLine id="tr_1_tl_19" custom="readingOrder {index:18;}">
                <Coords points="3917,3623 4055,3662 4267,3560 4369,3613 4483,3557 4784,3600 5046,3534 5030,3407 4883,3459 4739,3377 3924,3387"/>
                <Baseline points="3937,3555 3979,3549 4068,3555 4158,3549 4248,3549 4337,3543 4427,3543 4516,3543 4606,3537 4696,3531 4785,3531 4875,3531 4965,3525 5054,3519"/>
                <TextEquiv>
                    <Unicode>die solde Unbekannte?</Unicode>
                </TextEquiv>
            </TextLine>
            <TextLine id="tr_1_tl_20" custom="readingOrder {index:19;}">
                <Coords points="3914,3770 5972,3760 6391,3678 6394,3554 3917,3623"/>
                <Baseline points="3931,3758 3979,3752 4068,3746 4158,3746 4248,3740 4337,3734 4427,3740 4516,3734 4606,3734 4696,3728 4785,3728 4875,3728 4965,3722 5054,3722 5144,3722 5233,3716 5323,3710 5413,3704 5502,3698 5592,3698 5682,3692 5771,3692 5861,3692 5950,3692 6040,3692 6130,3680 6219,3680 6309,3674 6399,3674"/>
                <TextEquiv>
                    <Unicode>v. Monach. Golde Unberkaufe! Sigerler</Unicode>
                </TextEquiv>
            </TextLine>
            <TextLine id="tr_1_tl_21" custom="readingOrder {index:20;}">
                <Coords points="3868,3963 5998,3934 6250,3901 6257,3747 3875,3832"/>
                <Baseline points="3889,3943 3931,3943 4021,3937 4110,3937 4200,3931 4289,3925 4379,3925 4469,3919 4558,3919 4648,3919 4738,3913 4827,3913 4917,3907 5006,3907 5096,3901 5186,3895 5275,3895 5365,3895 5455,3895 5544,3889 5634,3889 5723,3883 5813,3883 5903,3883 5992,3877 6082,3877 6171,3865 6261,3865"/>
                <TextEquiv>
                    <Unicode>Ausdruck. Ganz treffend. Wunderbar. Auch</Unicode>
                </TextEquiv>
            </TextLine>
            <TextLine id="tr_1_tl_22" custom="readingOrder {index:21;}">
                <Coords points="3930,4133 6224,4123 6273,3940 3934,4028"/>
                <Baseline points="3949,4122 4038,4116 4128,4116 4218,4116 4307,4110 4397,4110 4487,4104 4576,4104 4666,4104 4755,4098 4845,4098 4935,4092 5024,4086 5114,4086 5204,4080 5293,4080 5383,4080 5472,4074 5562,4068 5652,4068 5741,4068 5831,4068 5921,4062 6010,4062 6100,4056 6189,4050 6279,4050"/>
                <TextEquiv>
                    <Unicode>vermerken. – Was übrigens holde Unbe</Unicode>
                </TextEquiv>
            </TextLine>
            <TextLine id="tr_1_tl_23" custom="readingOrder {index:22;}">
                <Coords points="3930,4349 4572,4323 4856,4402 5733,4280 6165,4379 6267,4356 6277,4107 5841,4195 5625,4110 3937,4179"/>
                <Baseline points="3949,4307 4038,4313 4128,4313 4218,4313 4307,4313 4397,4313 4487,4307 4576,4313 4666,4307 4755,4307 4845,4301 4935,4301 5024,4289 5114,4277 5204,4277 5293,4277 5383,4277 5472,4271 5562,4266 5652,4260 5741,4260 5831,4254 5921,4254 6010,4254 6100,4254 6189,4248 6279,4248"/>
                <TextEquiv>
                    <Unicode>kante anbelangt, so liebt sie mich geriss.</Unicode>
                </TextEquiv>
            </TextLine>
        </TextRegion>
    </Page>
</PcGts>
