7400 4744
3778 319 5210 654 Zweche dich nicht lächerlich.
986 466 2946 721 v. Monock. Witzig aufgelegt; nicht?
3791 580 6009 812 ein, sch. Stöße vielleicht auf Unglauben
946 621 3462 946 Wh. Oh. sichst witzig. Sie glauben gar nach
3798 755 5190 1053 kleich mich nicht schließe?
1023 778 3486 1124 was ich heute schon für Witze gemacht habe.
3758 926 6197 1211 das Zicker. Mein lieber, novallein muß
3436 946 3633 1191 be
1104 1040 2144 1325 Esest großartig.
3771 1127 4717 1419 mein Dich lieben.
1043 1171 3368 1443 v. Monach. Müssen erzählen. Höre gern
3415 1292 6109 1624 in e! sagt noch. Ah - bah! - Sie liebt mich ja
1067 1379 2231 1661 Witz. Aber später.
3788 1557 4187 1714 Kerin!
1023 1580 3446 1855 v. Zwicker. Lieber später, jeht möcht ich ger¬
3771 1681 6143 1956 daß' wicker. Leser weißt du denn das gar so
1020 1755 2526 1986 etwas über die reizende¬
3764 1892 5324 2157 bungler! Haft die Beweise?
5985 1879 6395 2151 subad
1064 1956 2664 2231 v. Monsch. über die superbe¬
3791 2020 6234 2302 Herr Monoch. Beweise?!! - Gab’ ich das Mad.
1100 2080 3529 2392 v. Zwicker - über die reizend Entführte &
3808 2228 6113 2546 v. Er, das sützeibe nicht auf der Treppe
3449 2328 3694 2466 4re
1137 2312 3395 2603 Fahren, die ein leider sehr fescher ging
3895 2466 4449 2707 Fangnet-
1164 2469 3472 2808 Mann mit sich hieher gebracht hat Ich geden
3821 2640 5153 2885 ich zu richer. nun, - und. -
1171 2684 2563 2949 Sie ihm abzuwendig zumache.
3815 2765 6133 3087 wenn wünsch! Ich denke doch, da es ist
1094 2848 3583 3087 v. Monoch - So? Gabe schon bemerkt, wen¬
3872 2993 4194 3258 Klan
1161 3070 3506 3318 Entführen erschießen, Mädchen heirat
4127 3130 6381 3409 cker. Du meinst, jetzt liebthin dich schon
1154 3211 3482 3496 im Jahr lang bleiben, darauf scheide
4090 3378 5056 3630 solde Unbekannte?
1127 3399 3529 3711 lassen, auxenbe Idee! Werde gleich¬
4093 3536 6374 3754 Monach. Golde Unberkonnte! Sigerbar
1201 3620 3157 3905 davon gehen. Wo ist Entführes?
4117 3741 6257 4009 Fruck. Gang treffend. Wunderbar. Der
1171 3798 3469 4120 We. Ich darf Sie wohl jetzt verlasse
4107 3895 6270 4170 merken.  – Was übrigens holde Unbe
3425 3945 3633 4164 it.
1188 3986 2630 4251 mein Herren (Geht.)
4120 4107 6291 4422 ete anbelangt, so liebt sie mich gewiss.
1080 4063 3566 4449 v. Zwicker. Mein lieb er von Monae
