7464 4760
4599 268 5962 676 dritter Auszug
1228 372 3583 672 Wl(allein.) Himmel, Hünsel, das muß
3803 568 4211 868 25/2
1200 600 3591 932 man sich gefallen lassen. Aber ich fach
4834 752 5834 1040 Erster Austritt.
1232 788 3635 1092 gehört, er spricht viel mit meiner Uhr
3927 900 6286 1204 Whatoclock (kommt, allein.) Sie sollen
1200 960 3675 1280 oh - da wird er sich betrügen. Dischlag
3815 1108 6358 1420 staunen über meine Menschenkentnis
1236 1204 2955 1508 ich ihm vor der Nase weg.
3755 1276 6350 1603 diese Leute!  Andr Störer will ich jedem
3747 1500 6170 1783 ansehen, ob er verliebt ist oder nicht. Da
1791 1536 3019 1823 der Vorsten fällt
3763 1675 6198 2023 wird irgend ein falsches Pärchen
3767 1875 6310 2127 kommen. Wir sind unglücklich verliebt, Zimmer,
3795 2071 6186 2371 Zimmer!“ Und ich werde sie mit durchbohren,
3767 2243 6162 2535 dem Blick ansehen. Sie verliebt? Hahe,
3811 2443 6302 2719 ein Verliebter hat einer ganz ändere
3847 2611 6230 2903 Zug um den Mund, ein Verliebter
3819 2783 6114 3107 Haleinen ganz andere Blick - habe
3811 2979 6298 3323 die Ehre. Ich lasse mich nicht betrügen.
3779 3151 6206 3503 v. Schnapper (bein Trester) Kurt, Elise,
3855 3327 6210 3719 kurt. Elisa, kurt. Elise, Kurt,
3911 3555 6142 3879 Elise. Kommenzurück, süßesten
3919 3723 6494 4027 die Schlingel von einem Reitknecht,
3899 3915 6730 4191 Du süßestes aller Mädchen, verdammter,
3355 4031 3539 4203 1
3887 4007 7110 4399 bursche, reizendes Geschöpf! Goldich der Tiefelkurs
