7496 4808
1352 455 2489 805 ich bin sehr erse süchtig.
1340 627 3238 989 Sie. Ich will die Wahrheit reden.
1300 916 1982 1085 Olga. Nun!
1321 992 3739 1303 Fr. In dem Gottes, wo Sie wohn, wohn außerdem
1352 1177 3745 1533 zum Herr, die sehr sein verliebt in Ihr Frau,
1294 1419 3718 1721 lein - in Jhr - in Ihr Fräulein – uie soll
1275 1570 3715 1902 ich sag - in Ihr Fräulein Faunz, und mich,
1294 1770 3687 2037 der Hotelier zur goldenen Krone¬
1297 1979 2962 2277 ersuchten - u. soll ich sag¬
1321 2132 3742 2452 blga. Osa, - anzuklagfen, ob sie Gegen¬
1294 2335 3641 2652 liebe Ende - oh diese Männer, oder
1294 2556 3386 2814 diese Mäuser, ja alle Männer.
1364 2688 3699 3008 nem nein diese Männer, mein ich¬
1367 2919 2870 3245 Erzählen, Sie weiter,
1380 3054 3705 3389 s. m. Zugleich aber baten Siehe
1343 3272 3761 3515 beiden Männer auch den Herrn Hotelier
1355 3466 3773 3712 Whatocloek dasselbe, und wer von
1330 3635 3736 3924 uns zuerst kurde bringt, in dessen
1312 3828 3782 4120 Hotel unorden der Herr von Zwick¬
1367 4040 3718 4317 und der Herr von Honoele wohn.
1389 4203 3804 4560 Sie sag einlich, die beiden Herr, mein
3798 258 6203 661 ich, sie lieb auch unglücklich und will
3828 590 4827 860 halbe Preis
3850 762 6157 1075 Olya. Oh, ich weiß genug - weisge¬
4507 925 6210 1254 Ich schieße alle vier todt!
3819 989 4384 1180 rung. -
3862 1115 6114 1386 Sie und den andern Hotelier und
5875 1306 6194 1404 nen
3834 1290 6219 1592 diese beiden saubern Herrn, die meine
3838 1475 6160 1816 sichte tann, rauben wollen. - Dieses
3841 1662 6170 1923 das Männesvolk ist doch tau send,
3831 1917 6222 2102 mal schlimmer, als - wir - als wir¬
3865 2111 4818 2301 andere Mann.
3862 2243 6228 2569 Sm. Ich sein unschuldig, wie ein neu¬
3881 2418 6185 2716 geboren Kind; mir dieser Whato¬
3862 2667 6127 2919 clock ist ein elendes Mensch; of Sie
3884 2799 6185 3125 sollt ihn kenn; oh ich kann ihn nicht
3868 3048 5325 3297 leid, - er ist, es ist
3896 3180 6160 3441 blga (wird aufmerksam.) Wirklich
3902 3401 6323 3702 hin. Ich weiß gar nicht, was ich uollt
3881 3601 6120 3933 thun ihm. Ich möchte zu machen, daß¬
3902 3791 4907 4096 Olya. Ah, ah!
3917 3951 5801 4215 Dm. Frent Sie das so I?
3917 4133 6231 4477 Olga darf man Ihren Vertrauen
