7557 5023
1061 727 3031 1018 v. Monock. Witzig aufgelegt; nicht?
1025 925 3682 1233 Wh. Oh, söchst witzig. Sie glauben gar nicht
1091 1068 3662 1421 was ich heute schon für Witze gemacht habe.
1167 1322 2214 1593 Esest großartig
1084 1497 3431 1689 v. Monach. Müssen erzählen. Höre gern
1124 1695 2267 1947 Witz. Aber später.
1071 1824 3579 2148 u. Zwicker. Lieber später; jezt macht ich gern
1107 2059 2594 2274 etwas über die reizende¬
1127 2251 2717 2485 v. Monsch. über die superbe¬
1140 2419 3596 2684 v. Zwicker – über die wegend Entführte er¬
1193 2611 3645 2889 Fahren, die ein leider sehr fescher gingen
1210 2786 3659 3113 Mann mit sich hieher gebracht hat Ich Gedank¬
1229 2988 2604 3246 Sie ihm abzuwendig zumache.
1140 3163 3682 3364 u. Monoch. So? Habe schon bemerkt, wurde
1186 3364 3649 3616 Entführen erschießen, Mädchen heiraten
1186 3530 3569 3784 ein Jahr lang bleiben, darauf scheiden
1163 3702 3563 4022 lassen, suxtebe Ideeitz Werde gleich
1233 3907 3133 4207 davon gehen. Wo ist Entführet?
1180 4095 3480 4396 Wh. Ich darf Sumohl jetzt verlasse
1210 4280 2730 4548 mein Herren (Geht.
1074 4465 3649 4763 v. Zwecker. Mein lieb er von Monoeln
3804 638 5271 995 sie jedoch nicht lächerlich.
3797 899 6051 1153 umwiese. Stoße vielleicht auf Unglauben
3834 1061 5189 1365 3. M. h mich nicht schrifte?
3847 1243 6194 1458 dum iker. Mein lieber, vor allem muß
3821 1421 4753 1752 mich dich lieben.
3758 1672 6111 1924 Mal noch - Ah - bah! - Sie liebt mich ja
3821 1828 4240 2026 Mün!
3797 1980 6111 2274 Mairiker. Weher weißet du denn das gar so
3824 2221 5305 2459 der Verh. Haft du Beweise?
6012 2224 6418 2485 sulx
3860 2333 6227 2624 all'nouoch. Beweise?!! Gab' ich das Mäd¬
3827 2548 6124 2875 Ciga, das sützeibe nicht auf der Treppe
3774 2677 4452 3034 schläggert.
3824 2928 5096 3179 v. Ziecke, nun, - und
3817 3103 6114 3411 v. M. Monosh. Und?! Ich denke doch, da ist
3827 3374 4092 3566 v. slä
3844 3487 6392 3748 zen öcker. Du meinst, jetzt liebtsie dich schon
3834 3705 5027 3940 v. Mo solde Unbekannte?
4042 3864 6379 4161 Monock. Golde Unbekannte! Sügerler
4277 4068 6253 4326 M. Ganz treffend. Wunderbar. Gerde
4306 4247 6250 4491 cken. - Was übrigens holde Unbe¬
3913 4290 4105 4475 be
4343 4425 6263 4753 anbelangt, so liebt sie mich geriss.
