7352 5128
1069 839 3525 1265 Sie sich keiner Pfahr aus! Bei meiner liebe
1089 1215 1734 1351 zu Ihnen.
1089 1202 3509 1491 W. L. Franz kommen Sie Was ist Ihnen den?
1135 1368 3672 1678 Wh. Kommen Sie mit mir ins Treppenhäus¬
1125 1531 3605 1891 ich will Ihnen alles erklären; hier ist es
1152 1711 2763 2024 In unsicher (Beide ab.)
1971 1881 3169 2150 Sechster Auftritt.
1701 2037 3575 2297 Till u. Skline Wunderlich aus d. Hotel.
1285 2190 3555 2507 Engelbert stürzt ihm nach u. halt
1215 2440 1987 2670 sie zurück.
1272 2537 3439 2839 Engelbert. Die Suft ist nicht ein.
1282 2670 3648 2923 Till. Aber so lassen Sie uns doch nur.
1272 2856 3635 3122 Engelbert. Sie sind in höchster Gefahr
1265 2999 3662 3272 Will. Was ichs Ihnen den, Engelbert?
1275 3182 3655 3492 Engelbert. Horen Sie, und beben Sie!
1618 3372 1964 3502 ster.
1298 3349 3672 3648 Ein Paar ist angekommen, und ferscht¬
1235 3502 3692 3755 nach einem entflohenen Liebespaare.
1265 3722 2363 3908 till. Nun und
1298 3821 3648 4151 Engelbert. Sie beben wirklich nicht?
1288 3978 3695 4347 till. Unsre. Eltern sind es ja doch nicht!
1278 4154 3708 4457 Engelbert. Woher wissen Sie das? Es
1248 4307 3735 4664 ist entsetzlich dieser Leichtsinn! Und
3761 726 6178 1065 ich habe die Verantwortung. Ich beschwöre
3825 999 4720 1212 Sie Traulein.
3781 1128 6258 1375 till. Lassen Sie uns in Frieden, wenn wir
3805 1295 5945 1571 promeniren wollen; meine Etern -
3791 1418 6301 1744 Engelbert. Ihn präsungtiven Schwieger
3775 1628 5812 1914 eltern sehen mit Ärgusaugen¬
3795 1764 6251 1984 till. Meine präsumptiven Schwiegerelten
3788 1937 6132 2197 sind hundert Meilenweit von hier, -
3821 2064 6345 2377 Engelbert. Aber sie setzen Ihnen nach,
3811 2234 6218 2527 guter Gott - so leichtsinnig! Da
3891 2413 6375 2640 das Ehepaar dennoch das Thor verlässt,
3875 2560 6395 2836 tänzelt er so hinter ihren her, daß
3818 2716 6301 3039 vom Hotel Smith Etowns aus till
3878 2893 6385 3212 Seline nicht gesehen werden können)
4830 3159 6191 3432 Siebeter Auftritt.
4720 3372 6258 3575 Kurt und u. Monoch.
3915 3575 6591 3795 v. Chonoele. Ist mir in die keine gefahren;
3931 3718 6591 3941 verfluchte Postkutsche! Und für rein nichts
3941 3881 6561 4148 kurt: Aber was ist Ihnen die nur ein¬
3948 4014 6464 4314 gefallen, daß ich eine vom Ballet sei!
3945 4181 6504 4451 v lernrale. Ruhig, schweigen. Himmel,
