7480 4728
4383 253 4677 436 mich
3812 377 5285 667 liebt das vielleicht, nicht!
1407 377 3661 678 Eben so gewiss, als sie mich gesehen hat. Daß
1319 535 3650 876 sie Entführer gefolgt, Wallung des Augenblicks
4512 740 5633 1008 Achter Auftritt.
1389 748 3709 1056 romantische Idie, bereut schon indesem
3984 880 6670 1209 v. Schnapper. Kurt, sein Reitknecht (17 Jahre alt)
1371 971 1942 1165 Moment.
3812 1129 4435 1382 die Clorigen.
1092 1107 3705 1407 v. Gäcker. Und wenn das schon der Fall ist, so wird
3808 1301 5468 1569 v. Zwicker. Sich da, sich da!
1411 1330 3621 1649 auch ich mich um ihre Liebe bewerben; denn sie
3863 1473 6051 1778 v. Schwapper & von Zwicker! & Skonoala!
1400 1539 2038 1752 ist reizend.
3826 1671 6249 1924 M. Monocle, von Schnapper! Lieber
1235 1675 3698 1957 v/ Merwelt. Zürgerbe! - Ach. v. Zwick- Waschsd.
3830 1829 6260 2140 ren Schnapper. Auf da!! Der ganze
751 1873 3694 2148 v. Bronselw. Zwicken. Siehe-dieses Fenster dort! - sie
3808 2027 6179 2313 Club - zum wenigsten die hervorwa¬
1389 2082 3548 2346 ist es, - sie schaut auf uns, auf mich
3845 2225 6121 2514 gendsten Mittglieder sind hier ver¬
1352 2283 3559 2573 will ich sagen; - ich blicke sie zärtlich
3845 2481 4431 2719 sammelt.
1389 2470 3694 2686 an. unsre Augen verstehen sich, mehr
3856 2584 6245 2881 v. Schnapper. Ich bin da Eine wunderhübsche
1330 2646 3606 2936 Blicke küssen sich; sie wirkt mir,
3896 2789 6150 3075 Gegendt. Eine ganz prächtige Gegend. Hier
1345 2840 3643 3134 ich wieke ihr zurück, sie wirft mir eine
3885 2998 6267 3280 gedenk ich mich auszurehen, mich zu erholen
1360 3035 3665 3269 kußsam zu, ich erwidre sie - - : aber
3841 3174 6296 3412 die ländliche, frischen luft wird mich ergricken,
1341 3229 3683 3489 eigentlich steht sie gar nicht beim Fenster
3896 3372 6223 3617 und ich werde neugekruftigt zu dafan
1400 3416 3643 3702 O, ich träume. (Setzt sich auf die Vonk)
3324 3584 3625 3705 recht
3859 3551 6117 3775 der Paisen in der Stadt allen ersten
1085 3592 3658 3863 v. Zwicker. Armer Freund, u. wenn du Regentlich
3903 3727 6238 4021 Theatvorstellungen, Akademien
1268 3779 3603 4083 bedenkst, daß sie dich eigentlich gar
3933 3947 6201 4178 und, Seiren, Concurten und Balli¬
1345 3966 2034 4233 nicht liebt.
3434 4002 3654 4200 to
3881 4097 6216 4394 beiwesen können. - Herrgott, was
1129 4171 1730 4460 Yr Monsch
1873 4160 3687 4420 pa, sehr gut sehr geb, sein
