7464 4792
3822 222 6207 611 sagen Sie dadazu?! Haha! Ich! Und mir
2055 347 3289 671 Zweiter Auftritt.
3840 605 6045 821 vertrauen es diese Leute an, mir,
1983 587 3733 911 Fang. Olya. Denn Whatodock
3840 731 6117 1025 von dem Sie zu wissen, daß ich mit
1330 767 3637 1066 Olyc. Beginnen wir nun beide unsere
3810 923 4769 1228 teib und Seele,
1330 965 3649 1288 Rollen zu spielen. Oh wenn sich jetzt
1324 1114 6147 1414 ein schönes Mädchen in mich vorlieb 1) Hyr. kein Wortweiter, sagen
3822 1324 5296 1606 ich habe genug gehört.
1300 1330 3673 1660 Sar). Und wenn mir die Herren zu
3798 1468 6057 1767 mishletown kommt mit wonele
1324 1558 2444 1815 Füßen liegen -.
3822 1690 4799 1965 und Zwicker.
1300 1642 3709 2013 Whatoelock (aus dem Hotel) Af, wenn
3846 1875 6123 2151 Monocle (verbeugt sich vor Olga und
1312 1905 3661 2235 Herrschaften! Wäver schon da?
3864 2025 6051 2319 Franz; etwas verlegen; dann zu
1324 2103 3014 2408 Dlyb. Wen meinen Sie?
3834 2205 6345 2552 Whatocloek:) Sehen ein, daß Wort nicht
1300 2199 3625 2618 wh. nun ihn, von der goldren
3834 2396 6183 2750 brechen können, müssen in goldene
1348 2450 3541 2786 Krone (ungeduldiger) nun der
3882 2600 6117 2882 krone; da Herr von Smilhletow
1330 2660 2696 2978 Hotelier, mein ich:
3852 2810 5410 3097 zuerst Bescheid gebracht.
1384 2840 3733 3085 Olya. kim Mensch! Übrigens ist es
3870 2972 6249 3337 Zwicken. Ja, das werden Sie wohl
1300 3044 3757 3337 erlaubt zu erfahren, was Sie so anfragt?
3858 3235 4535 3505 einsehen!
1360 3217 3691 3547 Wh. Mich.? mich? Mich aufregt? O ich
3846 3391 5045 3697 Wh. Wm.? was?
1348 3433 3739 3727 bie gar nicht aufgeregt. Aber ich muß
3864 3559 6375 3846 Dm. Ich haben schon meinem Hausknecht
1318 3619 3709 3912 Isein etwas melden! In Ihr Frau
3894 3768 6189 4050 den Auftrag gegeb, Ihr Gegäckin,
1324 3798 3655 4098 lein Braut ist die gesprutz man
4032 3924 4709 4110 mein Hotel
3882 3930 5913 4266 unser Haus herübergeschaff.
1354 3978 3715 4290 liche Bevolke sind alle Gröne
3864 4140 5218 4463 Wh. Was? Wie?
1342 4182 3559 4499 meines Hotels verliebt! Was
