7368 4648
3775 286 5012 629 sich in Ihrem Hause
785 315 3696 640 schlitz. So lassen Sie jetzt gefälligst mich reden
3790 485 6234 759 Ah. Oh. Sie glauben wohl, ich werde Ihnen
908 521 3642 864 lob. Es hilft Ihnen alles nichts? Ich sechs
3804 673 6271 1009 Auskunft geben über die Parteien
1197 723 3692 1049 es an eitrüglichen Zeich in, daß Sie keine
3826 857 6198 1193 die ich in meinem Hotel unter den
1175 933 2354 1175 Liebespäge sind
2521 984 3027 1215 nicht.
1653 1088 1971 1237 Mungen,
3819 1074 6372 1392 Siegel der Verschwiegenheit und unter
969 1125 3280 1352 stilippen. War sind ja gar keins
3822 1237 6166 1555 strengsten Discretion aufgenomme¬
908 1280 3663 1591 Wa. Ah. gestehen Sie endlich.
3815 1454 4307 1718 habe.
973 1450 3660 1808 Kleiligg. Es lag auch gar nicht in andere
3822 1631 6343 1960 Philippo Essendelt sich aber um mehre¬
1157 1660 3681 2000 unsrer Absicht, u es für ein Liebespaar
5403 1786 5739 1967 uns
3801 1848 6173 2083 einzige Tochter, welche mit einem
1208 1880 2094 2112 in Szugeben,
3833 1974 6451 2343 gewisserlosen jungen Laffen entlaufe
1041 2054 2962 2340 Wh. Oh - oh, ich lasse mich nicht -
3822 2177 6310 2463 ist, und die wir durchaus wieder
1023 2220 3689 2546 Pliligg - sondern wir sind ein Ehepaar;
3840 2361 5627 2618 die unsere neuen wollten
1078 2466 3732 2665 und zwar ist eine Neue Philipp Philipp
3819 2542 6310 2860 Klilippine. Denken Sie sich unsre be¬
1056 2615 3642 2875 Plöligpien. Um der meine Rliippsky
3859 2835 4603 3063 sorgnis —
1157 2777 3689 3085 (Rhilippies Philippky (Machte einer kurx)
3909 2965 5417 3244 Klilyg. Unser Angst
1132 3005 2799 3247 Elerbeugung der Herrn
3837 3121 5757 3425 Kilppien: Unsern kümmer
1031 3164 3598 3497 lieb. Das we ist ich gleich; ich habe eben die
3873 3338 5475 3613 Philipy. Unsre Pein.
1150 3374 3642 3667 Gabe - ich darf mich wohl ruhnen - zwar
3844 3468 6303 3783 lb. Ich bin unbestechlich. Ihre Klagen
1139 3584 2889 3786 ist es nichts besonderes.
4198 3703 4506 3848 ruhe
3819 3703 6296 4007 betrügen mich nicht, ich lasse mich
1096 3728 3692 4039 Philip. Wahrhaftig; besondres ist es nicht.
3873 3898 4994 4198 nicht betrügen.
1230 3934 3616 4198 heraus zu finden, daß wir kein Lebe¬
1193 4108 3707 4426 paar sein.  - Doch zur Sach. befindet
