7416 4824
3859 403 4428 633 befreien.
1166 435 3653 866 laufen, so glaub Sie, daß sie ist in diese Hotel -
3863 550 6342 862 Sm. Und Sie laß sich nennen gedantisch von
1186 637 3677 1032 und wollen inzwisch in mein Hotel absteigen
3831 767 6338 1020 diese verr - merkwürdige Mensch. Weil
1174 814 3641 1182 wo für die Eltern von den davongelaufenen
3918 898 6381 1245 Sie Ihre Tochter oder sie Sohn verbieten, zu
1182 1040 3527 1376 Herrn Söhne u. Träulein Tochter sind
3890 1095 6156 1392 heiraten irgend eine leichte Tuch?
1174 1297 2056 1621 alle Preis -
3883 1313 6425 1597 Wh. Aber wie können Sie sich nur gefallen
1222 1423 3736 1736 Wh (vollte ihn schon die ganze Zeit unterbrechen.)
3863 1467 6551 1767 lassen, daß dieser närer eigentümliche
1222 1621 3610 1953 Ich bitte sehr zu entschuldigen, - der Mann
3859 1708 6441 1965 Herr Sie ein leichtes Tuch nennt oder
1206 1791 3657 2163 ist ein Narr; ichweist ja, der Herr und das
3914 1878 6373 2163 gar zwei leichte Tücher... Sie sind im
1261 1961 3717 2242 Fräulein sind verliebt, und die grau sammen
3938 2048 6460 2364 Recht, und nicht schon Herrn Eltern, die längst
1245 2147 3724 2507 Eltern wollen keine Verbindung gestatten,
3926 2273 5551 2554 vertrocknete teute sind
1214 2372 3752 2673 Im (unterbrechend) Ich bitte Sie, Mr Whalsch
3147 2479 3657 2641 die hierspol
3914 2400 6413 2720 Am. Herrn Sie, von er nennt Schuver¬
1253 2554 3677 2866 schimpf Sie nicht aufzubrawen Eltern, denen die
3906 2609 6322 2914 trocknet, geehrte Ehepaar! Und gibt
5183 2776 5998 2946 gilefogend einem
1234 2736 3760 3044 Wohl von ihre Kind an die Herzliegt, welche
3977 2791 7156 3096 Ihrem Kinde recht!! Herrn leichtsinnigen Verführer Recht
1241 2930 3633 3246 leichtsinnig und ungehorsam die Herrn
3910 3005 6528 3321 Wh. Das laßen Sie sich sagen, meinhero,
1285 3135 3025 3388 Eltern verlassen hat und
3926 3199 6599 3432 Sie lassen sich einen Verführerneuen".
1332 3262 3713 3622 Sch. (n.o.) Ich bitte Sie, Dr. Smitketowen,
3934 3357 6401 3713 Sm. Oichmöchte kein solch kind haben.
1249 3456 3701 3831 schimpfen Sie nicht auf das Liebespaar
3906 3554 6445 3871 Wh. Hören Sie nur, er nimmt. Sie haben
1249 3653 3720 3977 das für steht, und das von pedatischen
3985 3807 4543 4017 kinder!
1281 3835 3709 4234 Eltern, dem wahrscheinlich das Geld
3914 3950 6377 4250 Sm. Ist das im Schand für zwei
1289 4029 3768 4424 mehr gilt, als das glück ihrer Bürder,
4009 4175 4733 4491 Eheleute?
1309 4242 3728 4578 gezwungen wird, sich auf solche Weise zu
