7320 4776
1028 382 3625 768 Leben nicht so lang geschwingen, wie bis
996 698 1632 972 setzt?
968 782 3579 1140 Wh. kehrt sich zudem Paar wunderliche Alle dreiver¬
1014 1042 3523 1323 beugen sich. – Wk. (welns.) Also Sie sind ver¬
989 1151 3572 1502 liebt und Ihre Eltern gestatten nicht, daß
1007 1435 1979 1681 Sie sich verbinden.
951 1572 3684 1884 Till. Marum sagen Sie denn das in einem solche
1025 1761 3593 2088 teichenbitterton? Macht Sie unser Unglück
961 2018 1954 2239 so troßlos?
916 2116 3488 2379 tot. Ja, ich bin gar so trauranz darüber! Wenn
2074 2305 2635 2470 Loferte sich
1126 2288 3544 2632 ich Sie an sehn, ich sehe Ihnen gleich an, was
1137 2551 1740 2775 Sie leiden
1053 2695 3568 3035 Till (zu Saline.) Siehst du, er fühlt es, was ich
2723 2849 3277 3018 Ligentlich
1140 2916 3126 3193 leide. - Ich wünsch es ihm nicht!
1035 3063 3460 3344 Seline (küsst Till), schmachtend.) Ach -?
1014 3225 3639 3558 till (schreckt zurück) Was fällt der Neu ein.
968 3456 3589 3740 Salme. Vergiss nicht, wie sind jedoch un¬
1028 3660 2263 3968 glücklich verliebt.
982 3814 3635 4119 till. Ja richtig! - Ach, ach!/ Seusest, er brugt
1007 4021 3719 4347 sich flüstend zu, Seline.) Zu küssen brauchst
1098 4210 3719 4540 Du mich aber nicht. (Laut.) Ach wir sichs war dieser
3765 326 6316 681 Kuhs! (zu wk.) Ich bitte Sie, – die erste Flasche
3768 579 4474 828 Chanzogner
3775 733 6305 1000 Wh. Gefo t! (Beinahe seu fzend.) Engelbert,
3789 944 5853 1196 Engelkart? – Wo bist du, Engelkert?
4551 1133 5639 1368 (Engelbert kommt)
3793 1288 6186 1561 Bln. Fuhre die Herrschaften auf Nr 65,66,67.
3765 1519 6372 1768 68, 69 - (Engelbert macht sich bereit ) Wort nur,
3719 1719 6228 1982 wo bin ich stehen geblieben? 70, 71, 72, 73, 74,
3772 1895 4537 2133 75. - So. -
3765 2060 6361 2316 Engelbert. Das ist beinahe das ganze zweite
3814 2281 5502 2498 Stock- es fehlt nur noch 76.
4389 2403 4891 2586 (Kreuen
3761 2421 6210 2698 Wh. So?  da mußt du die Herrschaften
3772 2614 5361 2891 auch noch auf Nr. 76 führen.
3782 2818 6235 3095 Engelkert (macht den Mund immerweiter auf.
4639 2965 4975 3119 Bleib
3877 3007 6319 3246 Und Nr. 77 ist das einzige leere Zimmer
3800 3186 6193 3393 2. Stock? - sonst keins
3863 3361 6326 3628 Wh (kehrt sich schnell um.) Was, No 77 ist
3803 3586 5003 3856 auch noch im 2. Stock.
3842 3761 5105 4032 Engelbert. Freilich.
3877 3930 6695 4175 Wh. (ganz trostlos.) So mußt du die Herrschaften
3867 4112 5656 4463 auch nach auf Nr. 77 führen.
