7464 4808
3758 338 5150 594 v. Monoch. Mir auch!
1224 423 3637 705 Wh. Also, Sie wollen wirklich dahinüber
3772 527 6174 851 Sie. Das thu ich Ihnen mit Leichtery.
1299 673 1733 900 ziehe.
3701 754 5185 1036 Noch im Augenblick!
1231 811 2569 1107 v. Chonoch. Natürlich!
3744 904 6150 1235 Wh. Sie erlauben, das bring ich auch
1210 972 3633 1281 Wh. So gehen Sie in Teufels Nomen¬
3815 1174 4587 1441 zu sammen!
1185 1189 3616 1402 v. Zwecke (zu Sm.) Sie geben halbe Kreise?
3779 1320 6103 1616 v. Zwicker. Nur wenn Und wer von
1263 1395 3633 1637 Sr. Naturlich, natürlich! (Verschwindet)
3797 1495 6064 1779 Eltern uns kunde bringt, bei den
1263 1566 3612 1822 u. Monoch. Höchst am ständiger Wunsch.
3797 1715 4872 1954 werden wir nahm
1352 1737 3214 2046 Sehr empfehleeswertes Hotel!
3762 1890 5957 2146 Monock. Sehrwohl! Was thä¬
1221 1943 3605 2199 Wh. Nach etwas - ich will Ihnen die kreil
3822 2061 6288 2342 wir (kom in thon mit swickrale.)
1324 2171 3502 2384 reduciren, bis Sie führes erfahren,
3847 2256 6078 2534 Sm. u CM (sehen sich an, und gehe
1335 2310 3577 2580 aber wenn Sie glücklich lieben —!
5520 2345 6249 2552 ebenwert hin
3811 2484 6256 2719 ab;) nach der andere Seite, wo blya
1263 2516 3598 2794 Sm. (auf der Straße) Seine Herren
3815 2662 5594 2904 tai, u Olga hingegangen.)
1267 2683 3520 2961 bei mir haben Sie selbe Preise,
3808 2833 5473 3089 Hm. Nun werd ich sehe.
1335 2868 3523 3146 sowoll wenn Sie glücklich lieben,
2940 3039 3384 3178 adxon
3801 3007 6171 3274 1eh. Ha, sehr gut, sah & gut, kostlich!
1370 3071 3666 3335 unglücklich lieben, ja sogar wen
3815 3185 6513 3438 Sm. Wahr! Sie und sich wieder blammen.
1377 3253 3530 3573 Sie ge schrif: gar auf lieb:
3861 3388 6274 3694 Ich bin zuerst beiden Fräulein und
1374 3470 2488 3747 sich verheirat.
3858 3548 6388 3872 könig all in mein Hotel! Gefa!
1285 3630 3666 3843 W. - Alle Teufel, bei mir auch.
3900 3790 4954 4078 (Lauft weg.)
1281 3815 3601 4153 v. Fricker. Dann müssen Sie mir
3865 3932 6196 4231 Wunderlich (am Fenster) Herr
1388 4000 3491 4317 auskundschaften, ob die den
3822 4174 6690 4420 von Whatoclock! Herr von Whaterlott!
1356 4182 2135 4505 mitfliebt.
