7352 4696
3834 348 6552 631 Wh. Diesette vorEichtigkeit meinerseits
1051 402 3660 750 Till. Bitte den Champagner nicht vergessen.
3790 496 6418 819 und wie dieser Breithletowen mich söhnen
960 587 3537 902 Wh. Engelbert, Georgagner, 2 Flaschen auf
3834 732 4743 946 wird. Heimel!!
1185 754 3540 1116 Nr 65 oder bis 77. Eigentlich sinds nur
5012 718 6073 1029 wo er die ganze Sonnewes
3834 881 6410 1141 Dm. (beim Fenster, Th, bemerkt ist.) Guten
1185 1033 2337 1279 ein Dutzend Zimmer.
3816 1102 5396 1384 Sm. Tag?, guten las!
953 1163 3635 1468 Engelbeit des ist wahr; —  aber weniger ist ein
3885 1247 6497 1555 Wh (bemerkt ihn.) Da ist erschon wieder. -
1181 1326 3729 1649 Dutzend ist grad ging.  Was den Champagner
3819 1431 6059 1739 Was wünschen Sie den eigentlich?
1196 1493 3598 1892 aubelangt, so ist keiner im Hotel.
3852 1634 6381 1881 Fr. Nichts; ich bin heut nur etwas lustig.
1040 1678 3642 2040 10h. Da muß man ihnen aus der Stadtsolen¬
3834 1863 6302 2098 Nollen Sie mit mir tanz? (Er hüpft
1134 1935 3399 2203 Wie lang gedenken, den die Herrschaften
3827 2040 4714 2323 Beim Fenster.)
1185 2134 2051 2374 darüberten?
3816 2196 5986 2500 Wh. Ich Tonzen Sie zum TeufelXI
1062 2247 3664 2569 till. So sechs Wochen denk ich oder drüber.
3819 2406 6320 2682 Sm. Nissen Sie schon, was ich werde thun
1098 2424 3685 2740 2k. Macht hundert Flaschen. - Hundert
3830 2587 6432 2863 um ich mein Hotel verkauf: A propos,
1276 2682 2580 2950 Flaschen, Engelbert.
3830 2769 6740 3080 ich kann Ihnen anempfehl eine gellenten
1040 2841 2866 3174 Engelbert (Zimmer verdützter)
3906 2942 6349 3258 Compagner; aber so billig wie der Ihre
1131 3011 3667 3374 wh. Eigentlich sind hundert Flaschen doch
3896 3153 6012 3374 ist er nicht! Nun, entworten Sie!
1207 3236 2243 3515 nicht gar so viel.
3874 3323 6164 3617 Wk (schneubt vor Mit) Mensch, Sie!
1087 3385 3722 3751 Engelkert. Aber Sie wollten doch rechtfach
5345 3479 5762 3649 Haschen
3874 3522 6472 3754 Am. Eigentlich sind hundert doch nicht per so viele
3022 3595 3682 3823 des bringt
1392 3602 2830 3906 sein. Herr v. Whateclock
3899 3714 6421 4015 Kind Sie nicht Herr von Whatvolock? und 12
1181 3809 2584 4113 schon im Heidengeld ein.
3975 3899 5885 4196 Zimmer sind nicht mehr, als¬
1181 3943 3638 4233 Nach (blickt ihn wütend an) thu was ich diesage,
6331 3946 6686 4327 2/12
3921 4080 6157 4396 Wh. (wutend.) Nun, als, alß, alS:
1254 4138 3693 4530 und jetzt ruhig, sag ich. (die andern gehen.)
