7480 5048
1260 705 2686 959 wir er - or - Nimm?
1254 887 3657 1185 Kurt (kostest sich hinter den Ohren.) Aber es sonst
1294 1112 3532 1363 ja gar kim Schimpfwort mit Or¬
1326 1291 3504 1545 an. Was will denn der gnädige Herr
1285 1504 2078 1705 von mir?
1094 1608 3607 1943 v. Schnaggere Liebe Freunde; ich habe gesagt,
1391 1849 3582 2068 wirwollen seuer originell sein. —
1354 2015 3588 2306 das begreift der Mensch aber nicht.
1354 2237 3422 2447 Den Kopf an meine Schulter - So
2165 2385 3384 2695 Meunter Aufkritt.
1557 2573 3538 2795 Worige. Whateclock. Smittle.
1348 2811 3228 3030 kann erscheint am Fenster.
1294 2961 3648 3231 Whatselock die Herrschaften befassen.
1241 3156 3485 3425 v. Schnapper (zu kurt.) Du bist müde
1326 3328 3519 3585 suße Etise. C kurrt sieht ihn du in
1313 3510 3557 3833 an) gleichwirst du ein Lager für
1319 3692 3654 3964 dien müden be Glieder finden. - Her¬
1332 3920 3695 4165 Hotelier; Sie sind verwundert. - Dieser
1341 4093 3588 4309 Wensch ist aber nicht, wie Sie seiner
1332 4281 3381 4563 Kleiding nach schließen möchte,
1169 4450 3579 4785 nicht ein Reitknecht, sondern (rührend)
3760 599 6280 956 er ist meine - - süße, holde, linte Elisa!
3767 837 4619 1175 (küßt kurt)
3798 1059 5750 1304 kurt (sieht Schnapper immer diener an)
3739 1216 6142 1492 Schnappe. Herr Hotelier; um Weefolgungen zu
3748 1398 6089 1614 entgehen, mußte ich Elise ihre vollen, wurden
3811 1589 6261 1830 Formen in diesen Onzug pressen, und sie, die meine
3745 1783 6214 2040 kehrer schwerin ist, mußte mir als Diener wer
3770 1971 6145 2281 folgen. - Ich bitte Sie, um zwei Zimmer.
5763 2096 6224 2247 alles
3764 2143 6233 2466 und zugleich ersuche ich Sie Ihre xx
3767 2313 6079 2670 davon zu unterrichten, daß sie es mit
3811 2520 6261 2783 einer Dame zu thun haben, wenn sie mit
3804 2742 6261 3030 kert, mit Elise will ich sagen sprechen
3823 2886 6205 3231 Wk. Ganz wohl! – Robert, Robert!
3851 3156 4801 3363 Robert (komm L.)
3792 3272 6186 3579 Wh. Hier fuhre die Herrschaften auf
3814 3450 6224 3776 Nr 82 und 83. Und wohlgemerkt. Unser
3808 3635 6327 3974 Reitknecht hier ist eine dama; - wollen
3867 3826 6336 4152 Sie also gefälligst mein Fräulein! —
3883 3992 6380 4347 Schwapper (reicht kurt galämt den Arm.)
3908 4227 6330 4484 Nun, meine Süße (kurt verstahls
6409 4356 6860 4672 Ehel.
3930 4384 6349 4701 nicht) den Arm sollest. Du mir geben
