7496 4824
3772 340 6292 700 von Monveln. Ja kurt, suße Elis, vergessen
1262 456 2841 770 kurt. Ich beim Ballet? -
3878 603 4497 902 Sie nicht!
1152 603 3653 950 v. Monoch. Reden Sie doch mir nichts davon,
4565 774 5406 1011 Beide gehen ab.)
1201 838 3650 1136 wie ich Ballerinen erkennen soll. Suße
4629 957 5894 1201 Neunter Auftritt.
1255 985 3708 1332 Elise, an jedem Ihrer Schritte Ich konnte
3878 1018 4160 1258 19/1
4443 1124 6346 1387 Smittletown. Whatoeloek
1274 1194 3393 1550 eßerkennen. Auf Ehre, Kort!
3817 1358 5470 1621 hm. Und Siebetrug sich doch!
1191 1384 3695 1695 v. Monatr. Raut. Elise, kurt – Wer bin
3804 1499 5752 1769 Whatocloek. Wirklich, wirklich!
1303 1618 2533 1891 ich denn eigentlich?
3846 1663 6176 1993 Se - Ärger Sie sich nicht, Sie betär¬
1265 1778 3618 2026 v. Monocle. Gestehen, Sies, gesteh¬
3801 1916 4683 2173 sich aber doch.
1367 1958 3489 2298 Sies (umarmt ihn) Elisa, Elisa!
3881 2038 6260 2385 Wh. Ich rabe Ihnen aufs herzlichste, Ihr
1323 2157 3692 2433 Über jetzt kommen Sie mit mir, wir
3842 2308 4809 2546 Witze zu lasse
1345 2327 3743 2639 Eliehen noch diese Nacht. Aber ichtig
3881 2424 6260 2802 Sr. Schwerbund; Siebetrug sich aber
1326 2542 3736 2799 um Himmelswillen, vergessen Sie sich nicht,
3862 2661 4224 2908 doch.
1361 2700 3785 3001 Sie sind auch für die Reise der Reitkost
3839 2850 4995 3078 Joh. Nein Herr.
5704 2854 6369 3114 gräßlich
1348 2918 1740 3168 kurt.
3887 3027 6256 3313 hm. Denn jetzt geben sich ganz anständig
1377 3117 3756 3358 kurt (6. h.) da soll man nicht närrisch
3878 3223 6215 3502 Liebe für ein liebespaar aus, a.
1380 3287 3801 3557 werden. Bald bin ich beim Wallet, bald der
3923 3387 6503 3643 wo Sie früher hätt gehabt das gerehel
1355 3470 3659 3740 Reitkenht, bald die süste Elise. Ich
3897 3547 6234 3907 Geld, da krieg sie jetzt diehalbe; wenn
1355 3637 3778 3919 weiß schon nicht mehr, wo aus, wo ein. - Zahlen
3984 3730 6308 4054 Sie nicht noch muß draufzahl Gegen
1329 3842 3088 4138 Sie mir wirklich das doppelte?
3984 3939 6234 4305 Übrigens hab ich die Ehre mich, u
1364 4048 3769 4295 v. Monoch. Auch das dreifache - Kurt!
3897 4195 4841 4462 empfehlen.
1412 4224 2607 4491 kurt. Also kurt
