<?xml version="1.0" encoding="UTF-8" standalone="yes"?>
<PcGts xmlns="http://schema.primaresearch.org/PAGE/gts/pagecontent/2013-07-15" xmlns:xsi="http://www.w3.org/2001/XMLSchema-instance" xsi:schemaLocation="http://schema.primaresearch.org/PAGE/gts/pagecontent/2013-07-15 http://schema.primaresearch.org/PAGE/gts/pagecontent/2013-07-15/pagecontent.xsd">
    <Metadata>
        <Creator>prov=READ-COOP:name=TrHtr:version=2.1.0:model_id=51170:date=28_07_2023_13:10</Creator>
        <Created>2023-05-10T11:37:11.900+02:00</Created>
        <LastChange>2023-07-28T13:10:16.895+02:00</LastChange>
        <TranskribusMetadata docId="1428166" pageId="55389109" pageNr="6" tsid="131348799" status="IN_PROGRESS" userId="64420" imgUrl="https://files.transkribus.eu/Get?id=WKUGJSSPYBLHOWLPYCHKKVVD&amp;fileType=view" xmlUrl="https://files.transkribus.eu/Get?id=DIIZXDLXWUDQLHWXBMOEAOPB" imageId="44663998"/>
    </Metadata>
    <Page imageFilename="1428166_0006.jpg" imageWidth="7336" imageHeight="4696">
        <ReadingOrder>
            <OrderedGroup id="ro_1711818487610" caption="Regions reading order">
                <RegionRefIndexed index="0" regionRef="tr_1"/>
                <RegionRefIndexed index="1" regionRef="tr_2"/>
            </OrderedGroup>
        </ReadingOrder>
        <TextRegion id="tr_1" custom="readingOrder {index:0;}">
            <Coords points="675,541 3757,541 3757,4365 675,4365"/>
            <TextLine id="tr_1_tl_1" custom="readingOrder {index:0;}">
                <Coords points="1135,668 1344,679 1452,616 1497,641 1612,630 1706,668 1758,654 1765,470 1699,498 1636,501 1605,470 1459,498 1434,477 1347,487 1250,411 1142,446"/>
                <Baseline points="1153,609 1224,615 1314,609 1404,609 1493,603 1583,603 1672,597 1762,591"/>
                <TextEquiv>
                    <Unicode>Mein Herr!</Unicode>
                </TextEquiv>
            </TextLine>
            <TextLine id="tr_1_tl_2" custom="readingOrder {index:1;}">
                <Coords points="693,905 992,950 1215,853 1709,863 2002,783 2486,867 2764,822 2775,609 2378,693 2099,592 1647,672 1466,613 1344,682 703,668"/>
                <Baseline points="716,806 806,812 896,812 985,812 1075,806 1165,806 1254,806 1344,806 1433,806 1523,800 1613,794 1702,794 1792,788 1881,782 1971,776 2061,776 2150,770 2240,764 2330,764 2419,764 2509,758 2598,758 2688,752 2778,752"/>
                <TextEquiv>
                    <Unicode>Hr. Fackel blos (wendet sich um) Suwünschen?</Unicode>
                </TextEquiv>
            </TextLine>
            <TextLine id="tr_1_tl_3" custom="readingOrder {index:2;}">
                <Coords points="1187,1013 1901,1051 2089,968 2228,1093 2531,1083 2757,975 3457,957 3460,822 1191,849"/>
                <Baseline points="1206,1003 1224,1003 1314,997 1404,991 1493,991 1583,979 1672,973 1762,973 1852,967 1941,961 2031,961 2120,955 2210,949 2300,949 2389,949 2479,943 2569,943 2658,938 2748,938 2837,938 2927,938 3017,938 3106,932 3196,932 3286,932 3375,926 3465,926"/>
                <TextEquiv>
                    <Unicode>loh. Sie sind vorübergegangen, mein Herr.</Unicode>
                </TextEquiv>
            </TextLine>
            <TextLine id="tr_1_tl_4" custom="readingOrder {index:3;}">
                <Coords points="738,1267 3394,1184 3530,1163 3537,954 2761,975 2513,1083 2019,978 745,1072"/>
                <Baseline points="758,1194 764,1194 854,1194 943,1188 1033,1182 1123,1176 1212,1171 1302,1176 1392,1171 1481,1165 1571,1159 1660,1159 1750,1159 1840,1159 1929,1153 2019,1153 2109,1141 2198,1141 2288,1135 2377,1135 2467,1135 2557,1135 2646,1135 2736,1129 2825,1123 2915,1123 3005,1123 3094,1117 3184,1117 3274,1111 3363,1111 3453,1105 3542,1105"/>
                <TextEquiv>
                    <Unicode>Gr. Tackeltga Wabin ich vorwargegangen? Irren Sie</Unicode>
                </TextEquiv>
            </TextLine>
            <TextLine id="tr_1_tl_5" custom="readingOrder {index:4;}">
                <Coords points="1215,1441 1563,1372 1904,1420 2110,1358 2785,1379 2994,1340 3001,1201 2607,1180 2353,1288 2169,1236 1897,1295 1525,1211 1222,1288"/>
                <Baseline points="1236,1368 1302,1374 1392,1374 1481,1362 1571,1362 1660,1350 1750,1350 1840,1344 1929,1344 2019,1338 2109,1338 2198,1332 2288,1332 2377,1326 2467,1326 2557,1320 2646,1320 2736,1314 2825,1308 2915,1308 3005,1302"/>
                <TextEquiv>
                    <Unicode>sich etwa in meiner Person?</Unicode>
                </TextEquiv>
            </TextLine>
            <TextLine id="tr_1_tl_6" custom="readingOrder {index:5;}">
                <Coords points="1152,1647 2113,1539 2538,1636 2823,1532 3074,1615 3276,1525 3575,1580 3669,1567 3673,1392 2935,1326 1918,1473 1765,1392 1159,1445"/>
                <Baseline points="1176,1541 1260,1547 1350,1547 1439,1547 1529,1541 1619,1535 1708,1535 1798,1535 1887,1529 1977,1535 2067,1535 2156,1529 2246,1529 2336,1523 2425,1517 2515,1517 2604,1511 2694,1511 2784,1511 2873,1511 2963,1499 3052,1505 3142,1499 3232,1499 3321,1499 3411,1493 3501,1487 3590,1493 3680,1499"/>
                <TextEquiv>
                    <Unicode>Edle Ich wie mich sicher nicht. Sie Sachen das Potel</Unicode>
                </TextEquiv>
            </TextLine>
            <TextLine id="tr_1_tl_7" custom="readingOrder {index:6;}">
                <Coords points="1211,1807 1441,1765 1626,1856 1775,1765 1915,1810 2092,1720 2319,1772 2440,1709 2621,1727 2621,1647 2294,1535 2141,1622 1963,1553 1831,1560 1636,1668 1215,1640"/>
                <Baseline points="1230,1732 1284,1738 1374,1738 1463,1726 1553,1726 1643,1726 1732,1720 1822,1714 1911,1714 2001,1708 2091,1708 2180,1714 2270,1708 2359,1702 2449,1696 2539,1696 2628,1690"/>
                <TextEquiv>
                    <Unicode>zum griechischen Kaiser.</Unicode>
                </TextEquiv>
            </TextLine>
            <TextLine id="tr_1_tl_8" custom="readingOrder {index:7;}">
                <Coords points="651,1991 1030,2057 1619,1918 1831,2005 2082,1911 2736,1946 3081,1901 3084,1734 1786,1765 1629,1856 1445,1765 654,1817"/>
                <Baseline points="675,1929 758,1923 848,1923 938,1923 1027,1917 1117,1917 1206,1917 1296,1923 1386,1917 1475,1911 1565,1911 1654,1905 1744,1899 1834,1893 1923,1893 2013,1887 2103,1887 2192,1887 2282,1893 2371,1887 2461,1887 2551,1887 2640,1887 2730,1881 2819,1881 2909,1881 2999,1876 3088,1881"/>
                <TextEquiv>
                    <Unicode>Gr. Fackel Slga. Ich suche nichts - als Ruhe.</Unicode>
                </TextEquiv>
            </TextLine>
            <TextLine id="tr_1_tl_9" custom="readingOrder {index:8;}">
                <Coords points="1194,2183 1755,2106 1852,2183 1960,2099 2479,2193 2607,2085 3220,2075 3342,2172 3586,2110 3589,1911 2489,1963 2353,1897 2033,2009 1654,1925 1198,2050"/>
                <Baseline points="1218,2114 1266,2114 1356,2114 1445,2109 1535,2103 1625,2103 1714,2097 1804,2097 1893,2091 1983,2085 2073,2079 2162,2079 2252,2079 2342,2085 2431,2085 2521,2085 2610,2085 2700,2079 2790,2079 2879,2073 2969,2079 3058,2079 3148,2073 3238,2073 3327,2067 3417,2061 3507,2061 3596,2055"/>
                <TextEquiv>
                    <Unicode>Wh (scheint gerührt.) Ach - Oder Ruhe sucht,</Unicode>
                </TextEquiv>
            </TextLine>
            <TextLine id="tr_1_tl_10" custom="readingOrder {index:9;}">
                <Coords points="1194,2423 1615,2294 2635,2381 2788,2301 2869,2378 3620,2294 3662,2131 1201,2190"/>
                <Baseline points="1218,2306 1248,2312 1338,2306 1427,2294 1517,2294 1607,2288 1696,2282 1786,2282 1876,2282 1965,2276 2055,2276 2144,2270 2234,2270 2324,2270 2413,2270 2503,2270 2592,2270 2682,2264 2772,2264 2861,2270 2951,2270 3041,2264 3130,2264 3220,2258 3309,2252 3399,2252 3489,2246 3578,2246 3668,2240"/>
                <TextEquiv>
                    <Unicode>geht in das Hotel zum "griechischen Kaiser"</Unicode>
                </TextEquiv>
            </TextLine>
            <TextLine id="tr_1_tl_11" custom="readingOrder {index:10;}">
                <Coords points="1260,2555 2402,2461 3300,2531 3614,2486 3617,2367 2865,2374 2792,2301 2663,2378 2231,2301 1946,2360 1824,2287 1650,2385 1448,2329 1264,2444"/>
                <Baseline points="1278,2479 1296,2479 1386,2479 1475,2473 1565,2473 1654,2473 1744,2473 1834,2473 1923,2467 2013,2467 2103,2461 2192,2461 2282,2461 2371,2461 2461,2461 2551,2461 2640,2455 2730,2455 2819,2455 2909,2455 2999,2455 3088,2455 3178,2455 3268,2449 3357,2449 3447,2449 3536,2443 3626,2455"/>
                <TextEquiv>
                    <Unicode>Hier finden die trübenden Vergessen</Unicode>
                </TextEquiv>
            </TextLine>
            <TextLine id="tr_1_tl_12" custom="readingOrder {index:11;}">
                <Coords points="1236,2733 1699,2667 3332,2698 3506,2653 3509,2493 2949,2566 2402,2461 1869,2531 1709,2475 1239,2555"/>
                <Baseline points="1254,2670 1278,2670 1368,2670 1457,2670 1547,2664 1637,2664 1726,2658 1816,2652 1905,2658 1995,2646 2085,2646 2174,2640 2264,2640 2353,2646 2443,2646 2533,2646 2622,2646 2712,2652 2802,2640 2891,2640 2981,2640 3070,2634 3160,2634 3250,2628 3339,2622 3429,2622 3519,2628"/>
                <TextEquiv>
                    <Unicode>der Welt und Ruhe, da können sie nur</Unicode>
                </TextEquiv>
            </TextLine>
            <TextLine id="tr_1_tl_13" custom="readingOrder {index:12;}">
                <Coords points="1260,2976 1956,2844 2193,2914 3238,2827 3732,2966 3735,2715 3589,2667 2548,2684 2284,2799 2033,2681 1264,2722"/>
                <Baseline points="1278,2849 1320,2855 1409,2849 1499,2849 1589,2849 1678,2843 1768,2843 1858,2843 1947,2837 2037,2837 2126,2831 2216,2831 2306,2831 2395,2831 2485,2837 2575,2837 2664,2837 2754,2831 2843,2831 2933,2831 3023,2825 3112,2825 3202,2825 3291,2825 3381,2819 3471,2814 3560,2819 3650,2825 3740,2819"/>
                <TextEquiv>
                    <Unicode>für sich leben, und alles anderergesse¬</Unicode>
                </TextEquiv>
            </TextLine>
            <TextLine id="tr_1_tl_14" custom="readingOrder {index:13;}">
                <Coords points="1260,3074 3074,3043 3307,3112 3659,3064 3662,2949 3380,2900 3241,2973 2635,2851 1260,2983"/>
                <Baseline points="1278,3041 1338,3041 1427,3035 1517,3035 1607,3035 1696,3029 1786,3023 1876,3023 1965,3023 2055,3017 2144,3017 2234,3017 2324,3017 2413,3011 2503,3017 2592,3017 2682,3011 2772,3017 2861,3017 2951,3017 3041,3017 3130,3017 3220,3017 3309,3011 3399,3011 3489,3011 3578,3005 3668,3005"/>
                <TextEquiv>
                    <Unicode>ohne das Leid der Erde zu verspüren,</Unicode>
                </TextEquiv>
            </TextLine>
            <TextLine id="tr_1_tl_15" custom="readingOrder {index:14;}">
                <Coords points="1205,3276 1292,3304 1452,3238 1525,3283 1779,3220 1866,3297 2085,3220 2580,3220 2580,3102 2315,3039 1984,3119 1755,3077 1208,3112"/>
                <Baseline points="1224,3232 1242,3232 1332,3232 1421,3232 1511,3232 1601,3226 1690,3220 1780,3214 1870,3214 1959,3208 2049,3208 2138,3208 2228,3208 2318,3202 2407,3202 2497,3202 2586,3202"/>
                <TextEquiv>
                    <Unicode>und selig sein intiebe.</Unicode>
                </TextEquiv>
            </TextLine>
            <TextLine id="tr_1_tl_16" custom="readingOrder {index:15;}">
                <Coords points="1187,3516 1782,3415 2117,3506 2277,3412 2594,3405 2729,3492 3533,3429 3648,3412 3652,3300 2684,3217 1883,3304 1782,3217 1191,3251"/>
                <Baseline points="1206,3411 1236,3411 1326,3417 1415,3411 1505,3411 1595,3405 1684,3405 1774,3405 1864,3399 1953,3399 2043,3399 2132,3399 2222,3393 2312,3399 2401,3393 2491,3393 2581,3393 2670,3393 2760,3399 2849,3393 2939,3399 3029,3393 3118,3387 3208,3387 3297,3381 3387,3381 3477,3387 3566,3381 3656,3393"/>
                <TextEquiv>
                    <Unicode>Gr. Fackel. Wasgeht das mich an? Wollen Sie</Unicode>
                </TextEquiv>
            </TextLine>
            <TextLine id="tr_1_tl_17" custom="readingOrder {index:16;}">
                <Coords points="1236,3638 1525,3648 1622,3742 1856,3610 2722,3589 3112,3697 3342,3586 3617,3614 3620,3527 3349,3429 2712,3488 2604,3412 2280,3412 2120,3513 1789,3415 1239,3492"/>
                <Baseline points="1254,3608 1296,3602 1386,3602 1475,3596 1565,3596 1654,3596 1744,3590 1834,3590 1923,3584 2013,3584 2103,3584 2192,3584 2282,3584 2371,3584 2461,3584 2551,3584 2640,3584 2730,3584 2819,3584 2909,3590 2999,3596 3088,3596 3178,3590 3268,3584 3357,3584 3447,3584 3536,3584 3626,3590"/>
                <TextEquiv>
                    <Unicode>vielleicht irreisch werden? Selig sein in</Unicode>
                </TextEquiv>
            </TextLine>
            <TextLine id="tr_1_tl_18" custom="readingOrder {index:17;}">
                <Coords points="1156,3857 2298,3777 2656,3791 2809,3892 2945,3791 3544,3843 3683,3774 3687,3620 3342,3586 3112,3697 2726,3589 2106,3687 1876,3603 1619,3746 1525,3648 1159,3669"/>
                <Baseline points="1176,3811 1182,3811 1272,3805 1362,3799 1451,3793 1541,3787 1631,3781 1720,3775 1810,3775 1899,3775 1989,3769 2079,3769 2168,3769 2258,3769 2348,3775 2437,3775 2527,3775 2616,3775 2706,3775 2796,3775 2885,3781 2975,3781 3064,3781 3154,3775 3244,3769 3333,3763 3423,3763 3513,3763 3602,3763 3692,3769"/>
                <TextEquiv>
                    <Unicode>Liebe?  Sind Sie nicht recht bei treste?</Unicode>
                </TextEquiv>
            </TextLine>
            <TextLine id="tr_1_tl_19" custom="readingOrder {index:18;}">
                <Coords points="1271,4073 1542,3979 1762,4080 1894,4003 2287,4077 2604,3972 3084,4104 3328,4014 3711,4049 3732,3840 2966,3788 2813,3892 2339,3784 1988,3896 1845,3798 1431,3808 1271,3920"/>
                <Baseline points="1290,3979 1320,3985 1409,3979 1499,3973 1589,3973 1678,3973 1768,3967 1858,3967 1947,3961 2037,3961 2126,3961 2216,3961 2306,3961 2395,3961 2485,3961 2575,3961 2664,3961 2754,3961 2843,3961 2933,3955 3023,3955 3112,3955 3202,3949 3291,3949 3381,3949 3471,3955 3560,3955 3650,3967 3740,3973"/>
                <TextEquiv>
                    <Unicode>Hieraufgeregter) das oertitte ich mir,</Unicode>
                </TextEquiv>
            </TextLine>
            <TextLine id="tr_1_tl_20" custom="readingOrder {index:19;}">
                <Coords points="1271,4202 1549,4164 1674,4181 1716,4216 1890,4205 1922,4178 1991,4205 1995,4038 1890,4080 1793,4059 1758,4080 1681,4021 1661,4042 1601,4024 1466,4111 1368,4077 1271,4087"/>
                <Baseline points="1290,4170 1374,4164 1463,4158 1553,4158 1643,4164 1732,4158 1822,4158 1911,4146 2001,4152"/>
                <TextEquiv>
                    <Unicode>Mein Herr.</Unicode>
                </TextEquiv>
            </TextLine>
            <TextLine id="tr_1_tl_21" custom="readingOrder {index:20;}">
                <Coords points="1570,4446 1817,4376 1974,4480 2183,4477 2823,4345 2952,4428 3164,4376 3523,4459 3749,4404 3753,4191 1574,4195"/>
                <Baseline points="1589,4343 1678,4349 1768,4343 1858,4343 1947,4343 2037,4343 2126,4337 2216,4337 2306,4331 2395,4331 2485,4331 2575,4331 2664,4337 2754,4337 2843,4337 2933,4343 3023,4343 3112,4343 3202,4337 3291,4337 3381,4343 3471,4337 3560,4337 3650,4343 3740,4337 3757,4343"/>
                <TextEquiv>
                    <Unicode>Gewiß – Ich wollte, bei Gott, nicht</Unicode>
                </TextEquiv>
            </TextLine>
            <TextLine id="tr_1_tl_22" custom="readingOrder {index:21;}">
                <Coords points="1191,4432 1260,4418 1281,4442 1312,4449 1382,4407 1410,4425 1448,4414 1459,4188 1424,4195 1396,4181 1382,4195 1365,4178 1302,4219 1198,4247"/>
                <Baseline points="1212,4355 1278,4349 1368,4349 1457,4343"/>
                <TextEquiv>
                    <Unicode>loh</Unicode>
                </TextEquiv>
            </TextLine>
        </TextRegion>
        <TextRegion id="tr_2" custom="readingOrder {index:1;}">
            <Coords points="3805,374 6554,374 6554,4341 3805,4341"/>
            <TextLine id="tr_2_tl_1" custom="readingOrder {index:0;}">
                <Coords points="3784,658 5504,501 6117,491 6224,571 6447,508 6458,306 6103,404 5727,306 5500,379 5170,317 4964,435 3795,414"/>
                <Baseline points="3811,549 3859,555 3949,555 4038,555 4128,549 4218,549 4307,549 4397,543 4486,537 4576,531 4666,525 4755,519 4845,519 4934,513 5024,507 5114,501 5203,495 5293,495 5383,495 5472,489 5562,489 5651,483 5741,477 5831,471 5920,466 6010,460 6100,454 6189,448 6279,436 6368,430 6458,424"/>
                <TextEquiv>
                    <Unicode>risch sein – ich weißja, daß Sie; mein Herr, nicht</Unicode>
                </TextEquiv>
            </TextLine>
            <TextLine id="tr_2_tl_2" custom="readingOrder {index:1;}">
                <Coords points="3798,863 4383,742 5591,752 5727,672 5901,762 6284,661 6294,470 5786,592 5448,529 4734,571 4553,679 4372,592 3808,654"/>
                <Baseline points="3823,734 3877,746 3967,740 4056,740 4146,734 4235,728 4325,728 4415,722 4504,722 4594,716 4684,716 4773,704 4863,699 4952,699 5042,693 5132,693 5221,687 5311,687 5400,687 5490,681 5580,675 5669,669 5759,663 5849,657 5938,651 6028,645 6117,639 6207,639 6297,639"/>
                <TextEquiv>
                    <Unicode>selig sind in der Liebe, nicht glücklich ja</Unicode>
                </TextEquiv>
            </TextLine>
            <TextLine id="tr_2_tl_3" custom="readingOrder {index:2;}">
                <Coords points="3812,1034 4968,898 5476,964 6047,881 6284,957 6294,787 5720,675 5145,818 3819,856"/>
                <Baseline points="3835,932 3877,932 3967,932 4056,932 4146,926 4235,926 4325,920 4415,914 4504,908 4594,902 4684,902 4773,896 4863,896 4952,890 5042,884 5132,878 5221,872 5311,878 5400,872 5490,872 5580,866 5669,860 5759,854 5849,842 5938,836 6028,836 6117,830 6207,830 6297,836"/>
                <TextEquiv>
                    <Unicode>ich weißes, sonst wären Sie nicht hieherge¬</Unicode>
                </TextEquiv>
            </TextLine>
            <TextLine id="tr_2_tl_4" custom="readingOrder {index:3;}">
                <Coords points="3791,1145 3902,1163 4042,1121 4136,1145 4153,1128 4282,1149 4365,1138 4365,1072 4191,1062 4010,982 3951,982 3864,1048 3791,1044"/>
                <Baseline points="3811,1117 3835,1111 3925,1111 4014,1111 4104,1111 4194,1111 4283,1105 4373,1105"/>
                <TextEquiv>
                    <Unicode>kommen.</Unicode>
                </TextEquiv>
            </TextLine>
            <TextLine id="tr_2_tl_5" custom="readingOrder {index:4;}">
                <Coords points="3784,1379 4411,1305 4581,1406 5020,1271 6263,1250 6332,1107 5737,1044 5452,1159 5055,1093 3795,1156"/>
                <Baseline points="3811,1290 3829,1290 3919,1296 4008,1302 4098,1302 4188,1296 4277,1290 4367,1284 4457,1284 4546,1284 4636,1284 4725,1284 4815,1278 4905,1272 4994,1260 5084,1260 5173,1254 5263,1248 5353,1248 5442,1242 5532,1230 5622,1230 5711,1224 5801,1218 5890,1212 5980,1212 6070,1200 6159,1194 6249,1188 6339,1188"/>
                <TextEquiv>
                    <Unicode>Hr. Fackel. Asch einmal, mein Herr, wollen</Unicode>
                </TextEquiv>
            </TextLine>
            <TextLine id="tr_2_tl_6" custom="readingOrder {index:5;}">
                <Coords points="4265,1406 4299,1410 4320,1403 4334,1424 4355,1431 4407,1392 4449,1389 4456,1319 4407,1305 4365,1333 4345,1337 4331,1319 4310,1326 4271,1319"/>
                <Baseline points="4283,1386 4367,1380 4457,1368"/>
                <TextEquiv>
                    <Unicode>in</Unicode>
                </TextEquiv>
            </TextLine>
            <TextLine id="tr_2_tl_7" custom="readingOrder {index:6;}">
                <Coords points="3847,1518 4101,1598 4341,1493 5953,1493 6305,1396 6312,1239 5796,1344 5622,1260 5138,1274 4912,1392 4359,1431 4181,1330 3854,1375"/>
                <Baseline points="3871,1481 3895,1475 3985,1481 4074,1481 4164,1475 4253,1475 4343,1469 4433,1469 4522,1463 4612,1463 4701,1457 4791,1451 4881,1451 4970,1445 5060,1445 5150,1439 5239,1433 5329,1427 5418,1427 5508,1421 5598,1415 5687,1415 5777,1409 5867,1404 5956,1398 6046,1392 6135,1386 6225,1386 6315,1380"/>
                <TextEquiv>
                    <Unicode>Sie sich aus mir wohlfeilen Wit machen?</Unicode>
                </TextEquiv>
            </TextLine>
            <TextLine id="tr_2_tl_8" custom="readingOrder {index:7;}">
                <Coords points="3815,1793 4540,1661 4710,1727 6388,1626 6465,1455 5250,1452 4630,1605 3829,1521"/>
                <Baseline points="3841,1660 3871,1660 3961,1666 4050,1666 4140,1666 4229,1666 4319,1666 4409,1660 4498,1654 4588,1654 4678,1654 4767,1648 4857,1643 4946,1637 5036,1631 5126,1631 5215,1625 5305,1619 5395,1613 5484,1601 5574,1595 5663,1595 5753,1601 5843,1595 5932,1595 6022,1589 6111,1583 6201,1577 6291,1577 6380,1577 6470,1565"/>
                <TextEquiv>
                    <Unicode>Oheht Sie mein Glück inderliebe etwas an?</Unicode>
                </TextEquiv>
            </TextLine>
            <TextLine id="tr_2_tl_9" custom="readingOrder {index:8;}">
                <Coords points="3829,1876 4101,1984 4247,1869 4550,1849 5142,1946 5469,1810 6409,1852 6416,1671 5835,1612 5051,1737 4540,1661 3833,1775"/>
                <Baseline points="3847,1870 3913,1870 4002,1864 4092,1864 4182,1858 4271,1858 4361,1852 4451,1846 4540,1840 4630,1840 4719,1834 4809,1828 4899,1822 4988,1822 5078,1816 5167,1810 5257,1810 5347,1804 5436,1798 5526,1792 5616,1792 5705,1786 5795,1786 5884,1786 5974,1780 6064,1774 6153,1768 6243,1762 6333,1762 6422,1762"/>
                <TextEquiv>
                    <Unicode>Was geh' ich Sie überhaupt an? Ein andres</Unicode>
                </TextEquiv>
            </TextLine>
            <TextLine id="tr_2_tl_10" custom="readingOrder {index:9;}">
                <Coords points="3822,2075 4171,2134 4303,2047 5424,2005 5570,2078 5671,1988 6009,2096 6336,1984 6343,1838 5789,1894 5594,1807 5156,1943 4383,1869 4097,1981 3826,1953"/>
                <Baseline points="3841,2049 3925,2055 4014,2055 4104,2055 4194,2043 4283,2037 4373,2031 4462,2025 4552,2019 4642,2019 4731,2019 4821,2019 4911,2013 5000,2007 5090,2007 5179,2001 5269,1995 5359,1989 5448,1989 5538,1989 5628,1983 5717,1977 5807,1965 5896,1959 5986,1959 6076,1959 6165,1953 6255,1941 6344,1941"/>
                <TextEquiv>
                    <Unicode>Mal halten Sie ein anständiges Ehepaar</Unicode>
                </TextEquiv>
            </TextLine>
            <TextLine id="tr_2_tl_11" custom="readingOrder {index:10;}">
                <Coords points="3836,2291 3993,2360 4313,2231 5424,2176 5514,2252 5608,2172 6012,2179 6137,2266 6294,2190 6301,2030 6005,2092 5667,1991 5368,2124 5030,2023 4533,2043 3843,2186"/>
                <Baseline points="3859,2246 3883,2246 3973,2246 4062,2246 4152,2240 4241,2228 4331,2222 4421,2216 4510,2204 4600,2204 4690,2204 4779,2204 4869,2204 4958,2198 5048,2192 5138,2180 5227,2174 5317,2168 5406,2174 5496,2174 5586,2174 5675,2168 5765,2168 5855,2162 5944,2162 6034,2156 6123,2150 6213,2144 6303,2120"/>
                <TextEquiv>
                    <Unicode>nicht in der Mitte der St. außerwege auf,</Unicode>
                </TextEquiv>
            </TextLine>
            <TextLine id="tr_2_tl_12" custom="readingOrder {index:11;}">
                <Coords points="5194,2329 5281,2287 5372,2305 5427,2280 5479,2305 5546,2263 5688,2312 5744,2280 5821,2298 5824,2200 5796,2204 5765,2165 5709,2193 5608,2172 5570,2197 5549,2169 5479,2211 5417,2179 5246,2249 5201,2231"/>
                <Baseline points="5215,2288 5287,2282 5377,2276 5466,2276 5556,2264 5645,2264 5735,2264 5825,2258"/>
                <TextEquiv>
                    <Unicode>ordentliche</Unicode>
                </TextEquiv>
            </TextLine>
            <TextLine id="tr_2_tl_13" custom="readingOrder {index:12;}">
                <Coords points="3784,2444 4097,2524 4581,2409 5567,2468 5800,2357 6343,2360 6350,2238 6134,2270 6005,2179 5685,2319 5215,2329 4620,2231 4031,2388 3788,2308"/>
                <Baseline points="3805,2431 3847,2431 3937,2431 4026,2425 4116,2425 4206,2419 4295,2413 4385,2413 4474,2401 4564,2395 4654,2401 4743,2395 4833,2395 4923,2389 5012,2383 5102,2383 5191,2377 5281,2371 5371,2371 5460,2365 5550,2365 5639,2359 5729,2353 5819,2353 5908,2342 5998,2342 6088,2336 6177,2330 6267,2324 6356,2324"/>
                <TextEquiv>
                    <Unicode>und sprechen Sie zwei anständigen Eheleute</Unicode>
                </TextEquiv>
            </TextLine>
            <TextLine id="tr_2_tl_14" custom="readingOrder {index:13;}">
                <Coords points="3829,2688 4237,2618 4675,2715 4922,2587 5869,2541 6465,2632 6475,2353 5942,2475 5650,2395 5483,2510 4877,2426 4132,2552 3836,2468"/>
                <Baseline points="3847,2628 3877,2628 3967,2622 4056,2616 4146,2610 4235,2604 4325,2598 4415,2592 4504,2592 4594,2592 4684,2592 4773,2586 4863,2586 4952,2581 5042,2575 5132,2575 5221,2563 5311,2563 5400,2563 5490,2557 5580,2551 5669,2545 5759,2539 5849,2539 5938,2539 6028,2533 6117,2527 6207,2521 6297,2521 6386,2527 6476,2533"/>
                <TextEquiv>
                    <Unicode>gegenüber nichts mehr von liebe. So lassen</Unicode>
                </TextEquiv>
            </TextLine>
            <TextLine id="tr_2_tl_15" custom="readingOrder {index:14;}">
                <Coords points="3857,2816 4000,2841 4097,2935 4265,2820 4338,2858 4505,2813 4647,2820 4766,2924 5156,2778 5358,2827 5361,2733 5086,2580 4679,2715 4567,2635 4205,2632 3861,2729"/>
                <Baseline points="3877,2814 3937,2814 4026,2808 4116,2808 4206,2802 4295,2796 4385,2790 4474,2790 4564,2784 4654,2784 4743,2778 4833,2772 4923,2772 5012,2772 5102,2766 5191,2766 5281,2760 5371,2766"/>
                <TextEquiv>
                    <Unicode>Sie sich das gesagt sein!</Unicode>
                </TextEquiv>
            </TextLine>
            <TextLine id="tr_2_tl_16" custom="readingOrder {index:15;}">
                <Coords points="3840,3011 4118,2997 4226,3077 4355,2997 4808,2976 4811,2834 4780,2823 4630,2823 4519,2879 4268,2820 4104,2938 3951,2844 3847,2855"/>
                <Baseline points="3859,3005 3919,2993 4008,2993 4098,2993 4188,2987 4277,2981 4367,2981 4457,2975 4546,2969 4636,2969 4725,2957 4815,2957"/>
                <TextEquiv>
                    <Unicode>Wh. Eheleute?!</Unicode>
                </TextEquiv>
            </TextLine>
            <TextLine id="tr_2_tl_17" custom="readingOrder {index:16;}">
                <Coords points="3808,3234 5319,3137 6287,3185 6374,3147 6381,2956 3815,3077"/>
                <Baseline points="3829,3184 3877,3184 3967,3184 4056,3184 4146,3178 4235,3172 4325,3166 4415,3166 4504,3166 4594,3160 4684,3154 4773,3154 4863,3148 4952,3142 5042,3136 5132,3136 5221,3136 5311,3130 5400,3124 5490,3124 5580,3124 5669,3124 5759,3124 5849,3112 5938,3112 6028,3106 6117,3100 6207,3094 6297,3088 6386,3076"/>
                <TextEquiv>
                    <Unicode>Hr. Fackel Was den, Sie - - Sie - (Geht ab</Unicode>
                </TextEquiv>
            </TextLine>
            <TextLine id="tr_2_tl_18" custom="readingOrder {index:17;}">
                <Coords points="3864,3419 4014,3405 4129,3467 4230,3457 4383,3363 4550,3426 4766,3352 4832,3405 4916,3394 4926,3171 4446,3220 4362,3265 4289,3227 4090,3231 3868,3307"/>
                <Baseline points="3883,3369 3943,3363 4032,3375 4122,3369 4212,3369 4301,3363 4391,3357 4480,3351 4570,3351 4660,3345 4749,3345 4839,3339 4929,3327"/>
                <TextEquiv>
                    <Unicode>mit seiner Frau.)</Unicode>
                </TextEquiv>
            </TextLine>
            <TextLine id="tr_2_tl_19" custom="readingOrder {index:18;}">
                <Coords points="3871,3669 4508,3544 4707,3631 4978,3537 5323,3603 6430,3481 6437,3342 5706,3311 4982,3433 4766,3349 4418,3492 3882,3422"/>
                <Baseline points="3895,3560 3931,3560 4020,3566 4110,3560 4200,3560 4289,3554 4379,3548 4468,3542 4558,3536 4648,3530 4737,3530 4827,3530 4917,3524 5006,3519 5096,3524 5185,3519 5275,3519 5365,3513 5454,3507 5544,3501 5634,3501 5723,3495 5813,3489 5902,3489 5992,3483 6082,3483 6171,3477 6261,3471 6350,3459 6440,3453"/>
                <TextEquiv>
                    <Unicode>(Von einem Fenster im Hotel des „kron¬</Unicode>
                </TextEquiv>
            </TextLine>
            <TextLine id="tr_2_tl_20" custom="readingOrder {index:19;}">
                <Coords points="3913,3784 4331,3753 4627,3854 5347,3701 5587,3805 6061,3680 6298,3749 6548,3673 6555,3495 5323,3603 4971,3537 4728,3624 4223,3572 3920,3680"/>
                <Baseline points="3937,3752 3955,3752 4044,3757 4134,3752 4224,3746 4313,3746 4403,3740 4492,3734 4582,3728 4672,3722 4761,3722 4851,3716 4940,3716 5030,3716 5120,3710 5209,3710 5299,3704 5389,3698 5478,3692 5568,3686 5657,3686 5747,3686 5837,3680 5926,3680 6016,3674 6105,3668 6195,3662 6285,3656 6374,3650 6464,3638 6554,3632"/>
                <TextEquiv>
                    <Unicode>starkes Gelächter, des Kopf Smithletorn's</Unicode>
                </TextEquiv>
            </TextLine>
            <TextLine id="tr_2_tl_21" custom="readingOrder {index:20;}">
                <Coords points="3871,3993 3969,4017 4073,3986 4101,4014 4390,3934 4487,3941 4536,3990 4613,3958 4627,3746 4543,3788 4463,3763 4386,3788 4334,3760 4205,3822 4059,3791 3955,3833 3885,3822"/>
                <Baseline points="3895,3949 3907,3949 3996,3955 4086,3949 4176,3949 4265,3943 4355,3931 4445,3919 4534,3907 4624,3907"/>
                <TextEquiv>
                    <Unicode>ist sichtbar.</Unicode>
                </TextEquiv>
            </TextLine>
            <TextLine id="tr_2_tl_22" custom="readingOrder {index:21;}">
                <Coords points="3920,4160 4724,4209 4975,4094 6426,4090 6437,3882 4748,3916 3923,4038"/>
                <Baseline points="3943,4116 4014,4122 4104,4122 4194,4116 4283,4122 4373,4116 4462,4110 4552,4110 4642,4104 4731,4104 4821,4098 4911,4098 5000,4092 5090,4086 5179,4080 5269,4080 5359,4074 5448,4068 5538,4068 5628,4068 5717,4062 5807,4062 5896,4056 5986,4050 6076,4044 6165,4038 6255,4032 6344,4026 6434,4020"/>
                <TextEquiv>
                    <Unicode>Wh (kehrt sich um und bemerkt ihn) Alle</Unicode>
                </TextEquiv>
            </TextLine>
            <TextLine id="tr_2_tl_23" custom="readingOrder {index:22;}">
                <Coords points="3909,4352 4425,4421 5260,4278 5758,4421 6096,4271 6475,4258 6482,4087 5838,4077 5591,4198 5097,4090 4755,4244 4661,4153 3920,4184"/>
                <Baseline points="3931,4307 3979,4325 4068,4325 4158,4331 4247,4331 4337,4331 4427,4325 4516,4319 4606,4313 4696,4313 4785,4307 4875,4295 4964,4289 5054,4289 5144,4277 5233,4277 5323,4277 5412,4277 5502,4277 5592,4277 5681,4271 5771,4265 5861,4259 5950,4253 6040,4247 6129,4235 6219,4235 6309,4229 6398,4229 6488,4229"/>
                <TextEquiv>
                    <Unicode>Zufel. Muß der Mensch das hören!</Unicode>
                </TextEquiv>
            </TextLine>
        </TextRegion>
    </Page>
</PcGts>
