7448 4984
1145 783 1439 1063 sind:
1128 985 3511 1227 V. Schnappe. Himmel, ist Gefahr vorhanden.
1128 1162 3597 1402 verklären Sie! - Suße Elise, kommen kei¬
1128 1309 3661 1586 kurt. Jehl bin ich schon wieder beim Bollet.
1901 1480 2687 1720 Alle ab.)
1169 1487 1528 1764 Aha!
1908 1826 3046 2024 Neuester Auftritt.
1713 1918 3477 2239 Erevina, Adolf Weig, bei der
1169 2130 3197 2328 unkenntlich; vor das Hotel Ims
557 2167 944 2379 28/2
1173 2280 3668 2554 Adolf. Wahrhaftig; es ist vortrefflich, daß
882 2465 3627 2752 es auch für die nachstellenden Eltern hatte
1121 2622 3429 2868 einötel zu halben kreisen existirt.
1149 2773 3634 3005 Erwie. Wenn es uns dies mal nur besser
1080 2971 2800 3217 ergeht, als das erste Mal
1115 3104 3627 3374 Smitkletown (komm 1) Ah. hab die Ehe, hab
1115 3272 3573 3532 die Ehr. Zimmer gefällig: Ersten Rock
1104 3436 3501 3689 zweißen Stock, dritten Stock¬
1084 3607 3655 3870 Adolf. Sie sind sehr gütig – aber gebe
1060 3778 3648 3976 Sie uns Zimmer im 1. od 2. od 3. Stock
1080 3925 3538 4137 ich denke man kann in jeder Stube
1067 4096 3661 4359 über ungeräthene Söhne Tochter Thränen
1091 4250 1846 4526 vergießen.
1945 4239 3668 4554 Oh weine nicht, du duilla!
3853 749 6386 1077 Snittletowen G. trost Siesich, Siewerd
3921 957 6410 1255 wohl noch sind Ihre Kind; vielleicht
3921 1108 6424 1381 ist sie mit ihr Entführer in die Hotel
3925 1296 6516 1487 von mein guten Freund Whatoelock.
3918 1426 6622 1733 Stimme Phillips. Herr von Smithletown!
3877 1607 5607 1843 Herr von Smittletown
3897 1771 6417 2062 Erwien (Fahrt zusammen!) Gimmel!
3925 1966 4502 2188 Eximal!
4010 2072 6485 2393 Khiligg u. Philippine (kommen) Noch kon¬
3990 2267 5723 2550 Asnung, Herr Hotelier?
3921 2386 6438 2691 Smitletowe. Kein Spür noch kein Spur,
3867 2547 6386 2834 leider wird aber bald komm, hier
3856 2735 6441 3036 Hab Sie Leideus gefährt, Herr vor
4010 2885 6567 3166 Philippskz, und hier bei diesgefährten
3986 3077 5726 3347 Frau von Philippsky.
3921 3217 6643 3518 Philipo. Ah, Sie sind auch so unglücklich
3894 3436 4841 3672 nem Herr?
3884 3528 6451 3853 Erm Wiliggine. Oh wie freut es mich,
3880 3744 6342 3997 nicht allein dazustehen, in meinem
3935 3880 6154 4150 Jamm er, in meinem Herzelen.
3942 4014 6612 4297 Philipy. Sie werden meinen Schmerz
3914 4229 6489 4516 verstehen. Wie war es, wenn wir
