7496 4968
1435 694 3731 899 v. soicker. Unser Hotelier Whatoeloek.
1460 861 3629 1153 hat die Idee gehabt, unglücklich
1444 1044 3771 1283 Liebenden halbe Preise zu machen, und
1487 1224 3564 1509 dadurch sind einige hübsche Mädche
1506 1432 3811 1645 ins Haus gekommen, in deren eines Monver
1456 1590 3740 1909 und von ich verliebt sind. Den Entführer
1444 1828 3657 2082 damit wir nun beide gleiche Arbeit
1432 1974 3740 2253 haben, duellirt sich von Konoeb mit
1494 2169 3771 2448 dem Liebhaber des Mädchens, schließt
2336 2355 2826 2482 dageg
1481 2349 3718 2668 ihm todt, ich heirate das Mädchen,
1500 2538 3746 2798 von Konveln läßt sich einsperren¬
1404 2749 3632 3027 v. Monvete Was sprachst du da für
1391 2941 3697 3210 tolles Zeug? Ich habe jetzt ganz
1450 3096 3632 3396 ordre Ideen, als früher. Ich dürttere
1438 3303 3759 3595 auch nicht; sondern trage dem Mädchen
1475 3498 3688 3787 einfach mon hiebe er; herauf läuft
1444 3700 3632 3966 ich mit sie mit unwirken, und du¬
1453 3904 3598 4090 lieber von Zwicker, diellirst die
1497 4044 3746 4341 mit dem einstigen Freihen liebhaber der Meiner
1429 4236 3780 4571 v. Schnapper, Lufschlösser, Seifenblaser
1401 4447 3734 4735 kartenhäufer, ich blase, und das
3855 570 6306 939 ganze stürzt über den Haufen. Mein Klosen
3836 778 6117 1109 besteht darin: die Leute in folgenden
3877 985 6046 1289 Worten. Glaubt ihr denn wirklich,
3808 1165 6306 1506 Daß dieser 11 "Entführer" und dieser Entführt
3873 1367 6126 1673 unglücklich Liebe. Sie lieb? nur ihn,
3855 1543 6070 1831 der sie entführt. Aber nun will ich
3846 1717 6278 2002 auch meine Idee mittheilen, durch sollen
3880 1940 6132 2213 gefasst, um hier billig zu leben
3852 2098 6176 2433 Zu Lasst nur von allen den Herrn
3883 2271 6235 2575 totelier rufen.- kurt, du komm sther,
3886 2485 6092 2780 und legst deinen kopf auf mein
3923 2649 6256 2966 Schultern. Was hab ich dir in der Stadt
3929 2876 6228 3142 gesagt, bevor wir in den W ggange¬
3892 3093 5063 3347 stiegen sind. Um?
3858 3272 5869 3517 kurt. Kurt, du bist ein Esel.
3855 3402 6281 3709 v. Schnapper. Sei kein Naar, das mein
3867 3598 6188 3957 ich nicht; was haben sich gesagt in Bege¬
3917 3839 5813 4112 auf unsre T desjährige Reise
5159 3994 5525 4118 euer
3908 4016 5900 4292 kurt. Kurt, seikkein Esel!
3951 4180 6188 4462 v. Schnapper. Herrgott; das mein
4112 4431 4307 4549 ta
3932 4372 6238 4716 ichkunft;. ich habe gesagt: Heuer wollen
