7336 4728
3844 348 4668 657 rufen haben.
1169 383 3729 734 Sie, Mr. Amithletowe! Unverschämter Mensch,
3802 491 6457 793 Wh. A. s. w., u.s.w. Mein Herr und mein Frau,
1165 598 3681 943 was lachen Sie denn so unbändigt. Ja, woram
3799 713 6387 1068 lein; ich bin es nicht, bei dem Sie sich zu bedan¬
1158 804 3632 1151 Sie so dumm lachen! Warum Sie so infan¬
3792 939 4498 1231 ken haben'en.
1092 984 3639 1329 lachen, frag ich sie. Na, hören Sie nicht
3820 1054 6411 1405 Olga. Bei wem denn? Oh diese schöne, edle, män¬
1120 1221 1788 1458 bald auf.
3816 1263 6387 1576 liche Bescheidenheit, wie sie Sie ziert! Aber wozu
1176 1353 3587 1663 bei Uletown (cacht immer. stärker, und
3830 1440 6352 1760 wollen Sie Verdienste wegläugnen, diesen
1169 1600 2706 1865 schließt du das Fenster.
3851 1638 6338 1986 zweifellos zu kommen, die nur Sie, und kein
1169 1705 3653 2087 lyk. (geht wütend auf und ab.) Der, gerade
3844 1805 6516 2153 an der besitzen, und für die Ihnen jedesliebende
1218 1931 3625 2164 der muss dabei sein: Dieses Unglück!
3841 2032 6519 2338 Herz tausendfach denken wird. – Warum
1211 2091 3670 2425 O Himmel noch einmal! Gerade der!
3844 2199 6352 2553 sollichs nicht gestehe, daß ich auch ein
2046 2317 2985 2578 Vierter Auftritt!
3868 2400 6418 2738 solch liebendes Herz habe, das nicht Ge¬
3336 2369 3649 2613 Offizier
1625 2491 3653 2762 Whatselock. Fang. Olge als Herr.
3816 2553 6342 2936 wahrung seiner Wünsche findet, und
1280 2727 2359 2978 Ilga. Herr Hotelier!
3844 2773 6401 3113 deswegen wende ich mit meiner süßen Fang
1245 2870 3006 3180 loh (gleich freundlich) Bitte?
3851 3051 4286 3256 an Sir.
1190 3072 3750 3357 Olga. Sie sind ein edler Mann Herr Hotelier.
3879 3190 5020 3503 touz. Ach Arthur!
1252 3249 2240 3569 Wh. Oh. bitte!
3868 3298 6464 3601 10h. Mein Fräulein, es sich sollen ihre Ihnen
1235 3413 3712 3740 Olga. Ich habe gelesen, daß Sie Ihr Votel
3900 3580 6443 3893 hieran nichts fehlen; was Siewünsche
1252 3604 3705 3868 den Unglücklich Einbende weisen, — daß
3921 3705 6537 4028 sollen Sie im selben Monnete erhalten
1242 3809 3705 4091 Sie - jeder Zoll ein Pont - in dieser
3914 3889 6512 4234 und ich will hoffen, daß auch schon letzter
1273 4004 3781 4300 zeit, die ihr so leer ist von allerun
3928 4088 6728 4456 Wünsche - die Vereinigung durch Poester
1305 4220 3701 4515 jeder Pöse eine Institution wachge¬
