7496 4760
3784 294 6206 592 W. Ja aber um Gotteswillen, wen lieber Sie
1267 381 3374 683 Wh. Sind Sie schon wieder da, Sie, Sie
3813 534 4107 774 den?
1143 563 3676 878 v/Zwicker. Gl Herr Hotelier von der golden
4881 609 5415 853 als offizer
3755 696 6289 1027 Fanny (kommt mit Olga (aus dem potet.) gehen ab
1254 758 3300 1097 krore! Hab ich nicht Recht?
3784 915 5117 1167 v Monoch: Sie ist's!
1279 981 2761 1271 Sm. Genuß, geruß!
3805 1072 5320 1366 v. Zwicker, teibhaftig
1279 1151 3680 1437 Wh. Das geht Siegär nichts an, ob er
3825 1246 6251 1515 Whatoclock. Aber um aller Teufel
1308 1333 3668 1664 Recht hat oder nicht. — Er sch will
3850 1412 6342 1751 willen, die liebt ja schon den Offizier.
1391 1528 3689 1851 soffen, daß die Angerischeit nicht
3838 1693 6711 2016 v. Monock, Sie sehen also, wir lieben unglücklich.
1403 1714 3639 1991 allzu lange währt! Verschaffen Sie
3867 1871 4537 2140 v. Zwicker.)
1350 1909 3647 2174 sich Gerißheit, ich beschwöre Sie; an
3838 2012 6400 2236 Whatoclock. Aber hab ich den fürsolche
1470 2116 3250 2422 Ende lieben Sie glücklich! -
3879 2190 6632 2559 unglücklich liebende halbe Preise gemacht?
1217 2269 3747 2571 v. Moncete. dann lieber b unglücklich:
3817 2376 6396 2716 Nem mir für die, welche grausam
1250 2492 2496 2778 Wh. Wa-was?
2960 2575 3175 2745 Sie
3933 2604 5266 2886 Eltern entfliehen.
1242 2645 3718 2977 v. Monocle. Denn - ich liebe Sie auch! Und
3908 2728 6429 3076 v. Zwicker. Ja, wenn Sie solche Ausflüchte
1395 2848 3685 3088 da jetzt Ungewißheit, ob geliebt bin,
3896 2948 6347 3266 gebrauchen, bleibt mir nichts übrig
1354 3039 3610 3333 müssen halbe Preise machen, oder
3896 3113 7220 3399 als in die goldene Kronen zu ziehen. 4. Monoch. Mir auch
1437 3229 3763 3548 ziehe in andres Hotel! In (sehr lustig)
3933 3320 5924 3622 Amtsbetrieb. Freilich, freilich.
1346 3415 3714 3705 Ük. Ich halte Sie, verloffen Sie sie
3962 3494 6293 3821 tdt. Steden Sie nicht schon wieder
1445 3594 3718 3925 doch auch Gewissheit - am Ende lieben
3937 3680 5957 3979 drie, vorlauter Mensch.
1428 3788 2708 4057 Sie beide glücklich!
3904 3879 6338 4223 v. Monocke Sm. Wie Sie sich ärger!
1350 4003 3759 4310 „ Zwicker – das ist nicht möglich, denn
3916 4090 5635 4446 köstlich, unterbau.
1437 4181 3072 4430 wir lieben beide dieselbe
