3688 4344
3150 560 3286 684 15
1358 627 2851 844 Hätte ich nicht einmal das —
1365 810 3172 1010 Oh, ich will ehrlich sein. Hier wird
1358 965 3254 1173 kein Wort fehlen. Alles will ich auf¬
1348 1106 1903 1276 schreiben.
1345 1262 3145 1481 Alles? in einer Nacht? In ein paar
1336 1422 1790 1573 Stunden?
1328 1590 2763 1753 Es sind ja Worte, also Lüge.
1323 1748 2827 1901 Ich schreibe sie. Also Lüge.
1311 1898 3222 2034 Unten die Schritte auf dem Kies. Sie
1321 2044 3303 2195 verschwinden. Sie geht hinunter bis an
1306 2182 1733 2333 den See.
1306 2345 2987 2513 Gewiss. Meine Frau schläft drin.
1294 2484 2321 2646 Wird sie es fassen?
1284 2617 3251 2802 Wird sie verstehn, warum ich gestorben
1279 2812 3046 2980 bin? Beichte ich ihr? Soll sie es
1274 2953 1681 3106 wissen?
1274 3081 2975 3254 Ich weiss es nicht. Hier soll es
1262 3274 3096 3412 stehn. Ich will es schreiben.Aufbe-
1262 3412 3116 3577 wahrt muss es sein. Für wen? Ist es
1247 3548 2269 3733 nicht gleichgültig?
1247 3706 3214 3871 Draussen ist die Nacht.Drüben die Ber-
1269 3832 2795 3985 ge. Wozu? Die Vorrede ist aus.
