3656 4376
1810 491 2733 688 lückisch - grauenhafler
796 624 3208 812 te er zum Bewusstsein der lügenhaft bösen Rolle, die
1116 751 1816 865 intéremment
805 812 3122 964 er nicht nur seiner Gattin gegenüber, sondern auch
789 903 3167 1138 sich selbst und damit wieder sotham werk gegenüber
799 1081 3252 1252 spielte, tilbertrieb in seinem Innern die eigene Schuld
437 1138 682 1287 une
2596 1195 3107 1309 Auf der Tit
415 1249 723 1401 began
802 1217 3091 1411 so sehr, dass er sich nicht nur wie der Dauernds
412 1338 770 1458 in selbst.
805 1388 3354 1550 sondern wie der Mörder selbst erschten wurde von ###
422 1414 783 1566 pialein
1912 1512 2894 1633 nemistich nimmt.
932 1525 1407 1645 frinckbar
403 1531 710 1664 to us
796 1579 3249 1769 einer wachsenden Angst/gequäht, in der von Gewtse ons-
406 1702 631 1816 1117
789 1690 3078 1877 bissen mehr war als Mittleid und mehr von Mitleid
409 1759 748 1918 viterheit
1858 1835 2086 1953 nun
789 1861 3103 2019 als von Liebe, zitterte für die Gesundhelt und für
783 2007 3211 2219 das Lehen der Geltobten, seheer sich zu eie um jeden
834 2156 3227 2349 reis zu retten, frug die berühmtesten Aerzte um Rat,
2387 2282 2755 2384 rente né
3012 2267 3392 2422 vernoit C
897 2286 1782 2397 nur die jeden ohne
789 2371 3246 2520 die ihm aper hetnartet Hof Jnung geben konnten, kennte
485 2444 1303 2599 und soereinne
1636 2435 2060 2539 met un
805 2511 3160 2663 es am Ende nicht länger/ertragen, dass, stedle noch
2203 2574 3199 2682 unschuld und verralen
799 2647 3284 2777 immer Achnungslose, zum Tode verurteilt an seiner Seite
783 2796 2929 2951 wandel te, während er zehnfach schuldig bald on
2295 2790 3275 2986 bei der erbewicht
786 2923 3230 3122 threm Grabe stehen-und am Ende durch die ei-orde Ver-
1854 3031 2565 3141 nellendt Loi
792 3091 3103 3297 anlagung seines Wesens Woch dahin gebracht werden
2840 3110 3265 3319 = eigendr
2035 3199 2476 3290 ihren rt
796 3262 3202 3427 sollte, seinen Schmerz um die Hingeschiedene zu Gun¬
415 3294 704 3452 vier.
799 3389 3313 3592 sten seines Werkes zu verwenden. Er wusste stch
431 3389 770 3604 as pnt
1956 3506 2305 3614 Vernion
399 3557 707 3706 glurte
786 3538 3024 3722 keinen Ausweg aus dieser Rein und machte seinem
773 3706 3290 3871 Leben durch einen Pistolenschuss ein Ende, ohne
