3688 4360
3036 441 3177 597 12
1362 582 2744 780 Stunde,welch ein nichter.
1377 753 3358 958 Ha! wär ich einer, so schrieb ich nicht
1374 904 2053 1075 solches Zeug.
1372 1057 3209 1241 Wär ich einer so fänd ick ein Wort,
1411 1171 1600 1265 das
1374 1233 1845 1384 ein Wort.
1359 1362 3123 1530 Dies ist eine Beichte, Vor wem? Bin
1369 1528 3269 1706 ich irgendwem Rechenschaft schuldig?
1359 1681 3298 1827 Gott hat mich so gemacht wie ich bin.
1372 1820 3279 1971 Verähblich? Lächerlich? Geschwätzig
1384 1974 1954 2139 jedenfalls.
1362 2154 3266 2283 Ich vermag nicht anzufangen. Habe ich
1372 2268 3177 2449 angst? Dies ist noch immer Vorrede,
1364 2432 3170 2568 Ich weis ja nicht, wo ich beginnen
1362 2570 3204 2746 soll? Ich weiss ja nicht,wo die Ge¬
1362 2719 3281 2915 schichte anfängt. Ich fühle, dass kei
1359 2900 3251 3100 ne Geschichte anfängt und keine auf-
1357 3085 1632 3244 hört
1362 3184 3355 3402 Draussen liegt die Nacht. Ja. Und drüben
1359 3360 3293 3571 glitzern die Lichter. Und matte Ster.
1359 3514 2627 3700 ne ziehen über die welt.
1355 3672 3222 3853 Es quält mich die Stimmung dieser
1359 3833 3316 4009 Nacht herausz ubringen, obzwar es meine
