3720 4296
1375 663 2908 890 Der dies schrieb wurdeneunzig
1387 830 3119 1030 Jahre alt. r hat später noch viel
1394 972 3133 1176 erlebt, Trauriges und Heiteres und
1396 1169 3072 1340 vielleicht Schlimmeres begangen,
1398 1301 3114 1479 als in den vorhergegangenen Blät-
1403 1458 3177 1644 tern aufbewahrt ist. Einen Rang un-
1401 1612 3200 1783 ter den Dichtern seines Landes ein¬
1396 1746 3179 1941 zunehmen war ihm nicht beschieden.
1396 1920 3147 2098 Die Gründe werden niemanden unver-
1403 2059 3191 2191 ständlich scheinen, auch denjenigen
1403 2212 3170 2405 nicht,die in manchen der hier auf-
1405 2370 3040 2486 bewahrten Worte den Geist eines
1405 2541 3200 2694 Dichters aufzucken sehen.Sein Name
1414 2704 3147 2873 ist vergessen,er möge es bleiben.
1412 2843 3209 3026 Das,was er in jener Nachtstunde an
1426 2966 3225 3174 dem dunklen See, über den die Stern
1414 3167 3202 3316 zogen, aufgeschrieben hat,ist viel-
1419 3281 3286 3478 leicht das Einzige aus seinem Dasein
1414 3478 3100 3654 was der Erinnerung wert scheint.
