3640 4392
3075 478 3470 660 19.4.1910
1453 666 2358 790 Tragische Anekdote.
2517 902 2903 1032 mavite
930 895 3451 1160 Ein Dichter, der sich schon durch andere Werke berühmt
742 1055 1791 1173 Grossem Ruhn nehmen
937 1112 3291 1271 gemacht hatte, stand ratlos, beinahe vermeifelt, vor
2485 1230 2715 1338 in
940 1281 3154 1431 einer neuen Arbett, in der es ihm nicht gel ingen
1325 1383 2093 1510 de Schmley ecet
921 1424 3075 1568 wollte, die Gefühle eines Witwers mit der ihm
1915 1545 2524 1641 so a/cifin
1386 1558 1494 1657 an
918 1596 3311 1721 notwendig erschehnenden Eindringlichkeit darzustel-
1013 1686 1985 1791 dit d'où'c si de met
2807 1705 3266 1845 bemerkte
911 1743 3142 1870 len. Ein Freund, den er sein Leid klagte, ###
2998 1835 3365 1956 de Licht
914 1899 3479 2062 halb im Scherze, dies möge daher kommen, dass er, manche
1431 1991 1998 2090 si de n'étoit
924 2065 3091 2179 der Dichter, überhaupt nur das mit vollkommener
2488 2186 2645 2272 ne
969 2179 3123 2367 reue zu schildern vermöchte, was er als eigenes
886 2342 3307 2514 Schicksal erfahren und erlitten xxx Diese Aeusse¬
911 2508 3177 2661 rung schlug Wurzel in der aufgewühlten Seele des
1517 2613 3005 2708 Mit sollkommen ruellen w
895 2641 3352 2842 Dichters; und er ging daran sich eine Frau zu suchen.
908 2833 3126 2966 deren Gesundheitszustand ihm die Hoffnung geben
927 2896 1427 3001 sollte s
1845 2922 2199 3017 seiten.
2702 2928 3097 3030 teale
895 3008 3164 3126 mochte,bald jener inneren Verfassung tetlhaft zu
889 3116 3215 3269 werden, die ihm bisher unbekannt geblieben var, und
892 3237 3205 3438 deren genauen Kenntnis ihm für das Gelingen seines
1692 3377 2007 3499 qu'a vers
883 3381 3256 3607 Werkes und damit beinah### für die Möglichkett eines
472 3499 650 3607 x 4
2909 3537 3164 3645 cobte
886 3543 3196 3760 wetteren Daseins unerlässlich schien. Er vermühlte
886 3741 3148 3887 sich mit einem jungen Mädchen aus guter Familie,
886 3871 3212 4062 schön und ltebenswilrdig,das aber,wie ihm der Arzt
