<?xml version="1.0" encoding="UTF-8" standalone="yes"?>
<PcGts xmlns="http://schema.primaresearch.org/PAGE/gts/pagecontent/2013-07-15" xmlns:xsi="http://www.w3.org/2001/XMLSchema-instance" xsi:schemaLocation="http://schema.primaresearch.org/PAGE/gts/pagecontent/2013-07-15 http://schema.primaresearch.org/PAGE/gts/pagecontent/2013-07-15/pagecontent.xsd">
    <Metadata>
        <Creator>prov=READ-COOP:name=TrHtr:version=2.1.0:model_id=51170:date=14_08_2023_23:18</Creator>
        <Created>2023-05-10T14:56:27.988+02:00</Created>
        <LastChange>2023-08-14T23:18:32.150+02:00</LastChange>
        <TranskribusMetadata docId="1428692" pageId="55427592" pageNr="39" tsid="132830392" status="IN_PROGRESS" userId="64420" imgUrl="https://files.transkribus.eu/Get?id=IEBNUKZRXYFGLOAYGITCHQQK&amp;fileType=view" xmlUrl="https://files.transkribus.eu/Get?id=CYAIWDMSCISXBMYCTEIFBNED" imageId="44701665"/>
    </Metadata>
    <Page imageFilename="1428692_0039.jpg" imageWidth="3688" imageHeight="4456">
        <ReadingOrder>
            <OrderedGroup id="ro_1711809335543" caption="Regions reading order">
                <RegionRefIndexed index="0" regionRef="tr_1"/>
                <RegionRefIndexed index="1" regionRef="tr_2"/>
            </OrderedGroup>
        </ReadingOrder>
        <TextRegion id="tr_1" custom="readingOrder {index:0;}">
            <Coords points="1349,529 3357,529 3357,2728 1349,2728"/>
            <TextLine id="tr_1_tl_1" custom="readingOrder {index:0;}">
                <Coords points="3114,597 3151,587 3183,602 3198,597 3210,607 3240,607 3240,491 3190,493 3166,513 3114,513"/>
                <Baseline points="3127,579 3172,579 3217,579 3247,579"/>
                <TextEquiv>
                    <Unicode>24</Unicode>
                </TextEquiv>
            </TextLine>
            <TextLine id="tr_1_tl_2" custom="readingOrder {index:1;}">
                <Coords points="1392,775 2208,824 3272,755 3235,654 1389,634"/>
                <Baseline points="1402,701 1447,701 1492,701 1537,704 1581,710 1626,707 1671,710 1716,710 1760,713 1805,713 1850,713 1895,716 1939,716 1984,716 2029,716 2074,719 2119,719 2163,719 2208,722 2253,719 2298,719 2342,722 2387,722 2432,722 2477,722 2521,725 2566,725 2611,731 2656,728 2701,731 2745,734 2790,734 2835,731 2880,731 2924,734 2969,734 3014,734 3059,734 3103,734 3148,734 3193,734 3238,737 3277,737"/>
                <TextEquiv>
                    <Unicode>Wenn Marthe heute stürbe, es wäre mir</Unicode>
                </TextEquiv>
            </TextLine>
            <TextLine id="tr_1_tl_3" custom="readingOrder {index:2;}">
                <Coords points="1392,933 1527,930 1562,960 1609,928 1643,957 1705,960 1999,898 2068,925 2065,807 2036,799 1986,812 1851,772 1774,804 1389,780"/>
                <Baseline points="1402,871 1447,865 1492,865 1537,862 1581,862 1626,862 1671,865 1716,865 1760,862 1805,868 1850,868 1895,868 1939,871 1984,871 2029,877 2071,883"/>
                <TextEquiv>
                    <Unicode>gleichgültig.</Unicode>
                </TextEquiv>
            </TextLine>
            <TextLine id="tr_1_tl_4" custom="readingOrder {index:3;}">
                <Coords points="1394,1029 2490,1054 2470,923 2347,967 1954,925 1796,989 1725,948 1392,933"/>
                <Baseline points="1405,1008 1450,1011 1495,1011 1540,1011 1584,1014 1629,1014 1674,1017 1719,1017 1763,1017 1808,1014 1853,1017 1898,1020 1942,1020 1987,1023 2032,1023 2077,1023 2122,1026 2166,1026 2211,1026 2256,1026 2301,1026 2345,1029 2390,1032 2435,1032 2480,1038 2495,1038"/>
                <TextEquiv>
                    <Unicode>Ich war entschlossen.</Unicode>
                </TextEquiv>
            </TextLine>
            <TextLine id="tr_1_tl_5" custom="readingOrder {index:4;}">
                <Coords points="1377,1241 1910,1263 2125,1179 3299,1214 3297,1128 3018,1108 1374,1083"/>
                <Baseline points="1387,1161 1432,1163 1477,1166 1522,1166 1566,1166 1611,1169 1656,1166 1701,1169 1745,1169 1790,1169 1835,1172 1880,1175 1925,1175 1969,1175 2014,1175 2059,1175 2104,1178 2148,1178 2193,1178 2238,1178 2283,1178 2327,1178 2372,1178 2417,1178 2462,1184 2507,1184 2551,1184 2596,1187 2641,1187 2686,1187 2730,1187 2775,1187 2820,1187 2865,1190 2909,1190 2954,1190 2999,1193 3044,1193 3089,1193 3133,1193 3178,1196 3223,1196 3268,1196 3306,1202"/>
                <TextEquiv>
                    <Unicode>Schurke rei. Das wäre erst zu beweisen.</Unicode>
                </TextEquiv>
            </TextLine>
            <TextLine id="tr_1_tl_6" custom="readingOrder {index:5;}">
                <Coords points="1362,1406 2342,1332 3304,1399 3341,1293 3186,1241 2850,1288 1360,1246"/>
                <Baseline points="1375,1313 1420,1313 1465,1316 1510,1319 1554,1319 1599,1319 1644,1319 1689,1322 1734,1322 1778,1325 1823,1325 1868,1325 1913,1325 1957,1325 2002,1325 2047,1328 2092,1331 2136,1331 2181,1331 2226,1331 2271,1331 2316,1331 2360,1331 2405,1334 2450,1334 2495,1337 2539,1340 2584,1340 2629,1337 2674,1337 2718,1340 2763,1340 2808,1340 2853,1340 2898,1340 2942,1343 2987,1343 3032,1343 3077,1343 3121,1343 3166,1343 3211,1343 3256,1346 3300,1346 3345,1346 3348,1346"/>
                <TextEquiv>
                    <Unicode>Ich erkundige mich nach ihrem Befinden</Unicode>
                </TextEquiv>
            </TextLine>
            <TextLine id="tr_1_tl_7" custom="readingOrder {index:6;}">
                <Coords points="1365,1555 1836,1480 3250,1518 3230,1409 3028,1453 2579,1392 1362,1409"/>
                <Baseline points="1375,1465 1420,1468 1465,1468 1510,1471 1554,1471 1599,1471 1644,1471 1689,1474 1734,1474 1778,1474 1823,1474 1868,1477 1913,1474 1957,1474 2002,1474 2047,1480 2092,1480 2136,1477 2181,1480 2226,1480 2271,1480 2316,1483 2360,1483 2405,1486 2450,1486 2495,1486 2539,1486 2584,1489 2629,1489 2674,1489 2718,1489 2763,1489 2808,1489 2853,1492 2898,1492 2942,1492 2987,1492 3032,1495 3077,1495 3121,1498 3166,1498 3211,1501 3253,1507"/>
                <TextEquiv>
                    <Unicode>Ich plaudere mit ihr. Ich liebte sie.</Unicode>
                </TextEquiv>
            </TextLine>
            <TextLine id="tr_1_tl_8" custom="readingOrder {index:7;}">
                <Coords points="1362,1643 1794,1626 1930,1673 2058,1638 2381,1693 2625,1656 2625,1582 1360,1557"/>
                <Baseline points="1375,1620 1420,1617 1465,1620 1510,1623 1554,1620 1599,1623 1644,1626 1689,1623 1734,1623 1778,1623 1823,1623 1868,1629 1913,1626 1957,1629 2002,1629 2047,1632 2092,1632 2136,1632 2181,1635 2226,1635 2271,1635 2316,1638 2360,1638 2405,1638 2450,1641 2495,1644 2539,1644 2584,1644 2629,1647 2632,1647"/>
                <TextEquiv>
                    <Unicode>Die Mutter war dagegen.</Unicode>
                </TextEquiv>
            </TextLine>
            <TextLine id="tr_1_tl_9" custom="readingOrder {index:8;}">
                <Coords points="1374,1806 1754,1777 2060,1851 2670,1789 3208,1863 3351,1811 3351,1720 1372,1695"/>
                <Baseline points="1387,1763 1432,1769 1477,1772 1522,1775 1566,1775 1611,1775 1656,1775 1701,1778 1745,1775 1790,1775 1835,1778 1880,1781 1925,1781 1969,1784 2014,1778 2059,1781 2104,1784 2148,1787 2193,1787 2238,1790 2283,1790 2327,1793 2372,1793 2417,1793 2462,1790 2507,1793 2551,1790 2596,1793 2641,1790 2686,1787 2730,1790 2775,1793 2820,1793 2865,1796 2909,1796 2954,1796 2999,1799 3044,1796 3089,1796 3133,1799 3178,1799 3223,1802 3268,1805 3312,1805 3357,1802"/>
                <TextEquiv>
                    <Unicode>ich kam einige Male. Ich betete sie an.</Unicode>
                </TextEquiv>
            </TextLine>
            <TextLine id="tr_1_tl_10" custom="readingOrder {index:9;}">
                <Coords points="2398,1865 2450,1856 2546,1893 2588,1865 2717,1902 2761,1880 2835,1900 2909,1883 2934,1905 2968,1880 3107,1893 3104,1816 2954,1816 2882,1848 2815,1809 2660,1801 2611,1826 2559,1799 2534,1819 2396,1796"/>
                <Baseline points="2411,1853 2456,1853 2501,1856 2545,1856 2590,1859 2635,1862 2680,1862 2724,1865 2769,1868 2814,1871 2859,1874 2904,1877 2948,1877 2993,1877 3038,1874 3083,1871 3112,1871"/>
                <TextEquiv>
                    <Unicode>int glaible en conte</Unicode>
                </TextEquiv>
            </TextLine>
            <TextLine id="tr_1_tl_11" custom="readingOrder {index:10;}">
                <Coords points="1347,1927 3247,1991 3245,1890 3186,1878 1345,1865"/>
                <Baseline points="1360,1925 1405,1925 1450,1925 1495,1928 1540,1928 1584,1928 1629,1928 1674,1928 1719,1931 1763,1931 1808,1931 1853,1934 1898,1934 1942,1934 1987,1937 2032,1939 2077,1937 2122,1939 2166,1939 2211,1939 2256,1942 2301,1939 2345,1939 2390,1942 2435,1945 2480,1945 2524,1945 2569,1948 2614,1948 2659,1948 2704,1948 2748,1948 2793,1948 2838,1951 2883,1951 2927,1951 2972,1951 3017,1948 3062,1951 3106,1951 3151,1954 3196,1954 3241,1951 3253,1951"/>
                <TextEquiv>
                    <Unicode>Eine Weile vergass ich, dass sie tot-</Unicode>
                </TextEquiv>
            </TextLine>
            <TextLine id="tr_1_tl_12" custom="readingOrder {index:11;}">
                <Coords points="2083,2083 2144,2092 2253,2046 2349,2078 2497,2043 2687,2063 2833,2043 2833,2001 2776,1974 2729,1999 2680,1969 2618,1996 2546,1974 2403,2023 2263,1959 2144,1996 2083,1981"/>
                <Baseline points="2095,2047 2122,2047 2166,2047 2211,2044 2256,2041 2301,2041 2345,2041 2390,2041 2435,2041 2480,2038 2524,2038 2569,2038 2614,2038 2659,2038 2704,2038 2748,2035 2793,2032 2838,2029"/>
                <TextEquiv>
                    <Unicode>Gute Taxe... Cn lien</Unicode>
                </TextEquiv>
            </TextLine>
            <TextLine id="tr_1_tl_13" custom="readingOrder {index:12;}">
                <Coords points="1347,2162 1392,2169 1508,2100 1693,2120 1730,2090 1828,2112 1905,2090 1942,2110 2085,2075 2085,2028 2053,2021 2009,2048 1957,2018 1833,2006 1757,2031 1641,1991 1562,2021 1456,2004 1347,2021"/>
                <Baseline points="1360,2092 1372,2092 1417,2086 1462,2083 1507,2083 1551,2083 1596,2083 1641,2086 1686,2086 1731,2086 1775,2086 1820,2089 1865,2086 1910,2086 1954,2089 1999,2083 2044,2074 2089,2080"/>
                <TextEquiv>
                    <Unicode>geweiht ist.</Unicode>
                </TextEquiv>
            </TextLine>
            <TextLine id="tr_1_tl_14" custom="readingOrder {index:13;}">
                <Coords points="2203,2105 2551,2107 2630,2139 3023,2102 3161,2152 3188,2137 3188,2018 3050,2058 2865,2033 2709,2068 2497,2043 2203,2070"/>
                <Baseline points="2217,2104 2253,2107 2298,2104 2342,2104 2387,2104 2432,2101 2477,2101 2521,2098 2566,2101 2611,2101 2656,2104 2701,2107 2745,2107 2790,2107 2835,2104 2880,2101 2924,2098 2969,2101 3014,2098 3059,2101 3103,2101 3148,2098 3193,2092"/>
                <TextEquiv>
                    <Unicode>sa née en jute heurel.</Unicode>
                </TextEquiv>
            </TextLine>
            <TextLine id="tr_1_tl_15" custom="readingOrder {index:14;}">
                <Coords points="1337,2319 1606,2243 3190,2282 3171,2181 1335,2191"/>
                <Baseline points="1352,2235 1393,2238 1438,2235 1483,2235 1528,2238 1572,2235 1617,2235 1662,2238 1707,2241 1751,2238 1796,2241 1841,2244 1886,2244 1931,2247 1975,2244 2020,2247 2065,2247 2110,2247 2154,2250 2199,2250 2244,2250 2289,2253 2333,2250 2378,2250 2423,2253 2468,2253 2513,2256 2557,2253 2602,2256 2647,2256 2692,2256 2736,2256 2781,2256 2826,2256 2871,2259 2915,2259 2960,2259 3005,2262 3050,2262 3095,2262 3139,2262 3184,2262 3196,2259"/>
                <TextEquiv>
                    <Unicode>Dann wieder:Gut so.Es soll eßn Werk</Unicode>
                </TextEquiv>
            </TextLine>
            <TextLine id="tr_1_tl_16" custom="readingOrder {index:15;}">
                <Coords points="1337,2393 1446,2411 1463,2396 1540,2416 1646,2403 1712,2416 1710,2356 1651,2342 1604,2312 1577,2329 1525,2312 1498,2334 1431,2339 1387,2312 1335,2310"/>
                <Baseline points="1352,2387 1396,2387 1441,2387 1486,2390 1531,2390 1575,2390 1620,2396 1665,2396 1710,2396 1719,2399"/>
                <TextEquiv>
                    <Unicode>werden.</Unicode>
                </TextEquiv>
            </TextLine>
            <TextLine id="tr_1_tl_17" custom="readingOrder {index:16;}">
                <Coords points="1335,2539 1473,2569 1522,2544 1584,2569 1668,2549 1828,2581 1932,2556 2105,2574 2102,2477 1910,2468 1868,2502 1801,2472 1752,2495 1601,2475 1552,2505 1453,2463 1332,2475"/>
                <Baseline points="1349,2539 1393,2539 1438,2539 1483,2542 1528,2545 1572,2548 1617,2545 1662,2545 1707,2548 1751,2548 1796,2548 1841,2548 1886,2551 1931,2554 1975,2554 2020,2554 2065,2554 2110,2554"/>
                <TextEquiv>
                    <Unicode>Wir reisten ab.</Unicode>
                </TextEquiv>
            </TextLine>
            <TextLine id="tr_1_tl_18" custom="readingOrder {index:17;}">
                <Coords points="1342,2739 1525,2699 1616,2754 1722,2751 1774,2709 1930,2759 2031,2714 2359,2732 2393,2682 2263,2625 2055,2616 1863,2662 1703,2625 1471,2650 1419,2611 1340,2620"/>
                <Baseline points="1355,2692 1399,2698 1444,2698 1489,2701 1534,2698 1578,2701 1623,2704 1668,2704 1713,2704 1757,2707 1802,2710 1847,2707 1892,2710 1937,2710 1981,2712 2026,2712 2071,2712 2116,2712 2160,2712 2205,2712 2250,2715 2295,2715 2339,2718 2384,2718 2399,2718"/>
                <TextEquiv>
                    <Unicode>Wir waren glücklich.</Unicode>
                </TextEquiv>
            </TextLine>
        </TextRegion>
        <TextRegion id="tr_2" custom="readingOrder {index:1;}">
            <Coords points="1316,2803 3232,2803 3232,3839 1316,3839"/>
            <TextLine id="tr_2_tl_1" custom="readingOrder {index:0;}">
                <Coords points="1328,2892 2490,2889 2465,2791 2240,2778 2186,2818 1981,2783 1893,2825 1653,2771 1328,2791"/>
                <Baseline points="1340,2856 1384,2853 1429,2853 1474,2856 1519,2859 1563,2856 1608,2856 1653,2859 1698,2859 1743,2859 1787,2862 1832,2865 1877,2865 1922,2862 1966,2865 2011,2865 2056,2862 2101,2862 2145,2865 2190,2865 2235,2865 2280,2865 2324,2868 2369,2868 2414,2871 2459,2874 2495,2871"/>
                <TextEquiv>
                    <Unicode>Dann kamen Ohnmachten.</Unicode>
                </TextEquiv>
            </TextLine>
            <TextLine id="tr_2_tl_2" custom="readingOrder {index:1;}">
                <Coords points="1318,3075 2208,3020 3018,3131 3129,3062 3104,2909 2566,2993 2470,2946 1315,2934"/>
                <Baseline points="1328,3008 1372,3008 1417,3008 1462,3011 1507,3011 1551,3014 1596,3014 1641,3014 1686,3014 1731,3014 1775,3017 1820,3014 1865,3014 1910,3017 1954,3017 1999,3017 2044,3017 2089,3020 2133,3020 2178,3020 2223,3020 2268,3023 2313,3026 2357,3026 2402,3026 2447,3029 2492,3026 2536,3026 2581,3026 2626,3026 2671,3026 2715,3026 2760,3029 2805,3032 2850,3035 2895,3035 2939,3038 2984,3035 3029,3038 3074,3035 3118,3035 3136,3032"/>
                <TextEquiv>
                    <Unicode>Natürlich. Sie mus ste ja sterben, um</Unicode>
                </TextEquiv>
            </TextLine>
            <TextLine id="tr_2_tl_3" custom="readingOrder {index:2;}">
                <Coords points="1320,3242 1569,3265 1819,3223 1949,3267 2166,3230 2366,3277 2522,3190 2690,3200 2687,3099 1318,3107"/>
                <Baseline points="1334,3163 1378,3163 1423,3166 1468,3169 1513,3166 1557,3166 1602,3166 1647,3166 1692,3166 1737,3166 1781,3166 1826,3169 1871,3169 1916,3172 1960,3175 2005,3175 2050,3175 2095,3175 2139,3175 2184,3175 2229,3175 2274,3178 2319,3178 2363,3178 2408,3178 2453,3178 2498,3178 2542,3181 2587,3181 2632,3184 2677,3181 2695,3184"/>
                <TextEquiv>
                    <Unicode>ihr Schicksal zu erfüllen.</Unicode>
                </TextEquiv>
            </TextLine>
            <TextLine id="tr_2_tl_4" custom="readingOrder {index:3;}">
                <Coords points="1335,3380 2068,3417 2529,3341 3171,3363 3144,3265 1335,3269"/>
                <Baseline points="1349,3318 1393,3321 1438,3324 1483,3324 1528,3324 1572,3324 1617,3324 1662,3324 1707,3324 1751,3324 1796,3324 1841,3324 1886,3327 1931,3324 1975,3327 2020,3330 2065,3333 2110,3333 2154,3333 2199,3333 2244,3333 2289,3333 2333,3333 2378,3333 2423,3333 2468,3336 2513,3336 2557,3336 2602,3336 2647,3336 2692,3336 2736,3339 2781,3339 2826,3342 2871,3342 2915,3342 2960,3345 3005,3345 3050,3345 3095,3345 3139,3345 3175,3345"/>
                <TextEquiv>
                    <Unicode>ra,da steht es. Ich sehnte mich nach</Unicode>
                </TextEquiv>
            </TextLine>
            <TextLine id="tr_2_tl_5" custom="readingOrder {index:4;}">
                <Coords points="1308,3521 1352,3511 1453,3553 1503,3529 1542,3551 1666,3541 1712,3570 1749,3546 1957,3558 1954,3413 1833,3403 1796,3425 1547,3380 1436,3417 1308,3390"/>
                <Baseline points="1322,3471 1366,3474 1411,3474 1456,3474 1501,3477 1546,3477 1590,3477 1635,3474 1680,3474 1725,3477 1769,3477 1814,3480 1859,3480 1904,3480 1948,3483 1960,3483"/>
                <TextEquiv>
                    <Unicode>dem Schmerz.</Unicode>
                </TextEquiv>
            </TextLine>
            <TextLine id="tr_2_tl_6" custom="readingOrder {index:5;}">
                <Coords points="1308,3716 1552,3704 1648,3635 3190,3674 3223,3511 2692,3595 1305,3533"/>
                <Baseline points="1319,3629 1363,3626 1408,3629 1453,3629 1498,3629 1543,3629 1587,3632 1632,3629 1677,3629 1722,3632 1766,3632 1811,3632 1856,3635 1901,3635 1945,3635 1990,3638 2035,3635 2080,3638 2125,3641 2169,3641 2214,3641 2259,3641 2304,3644 2348,3641 2393,3641 2438,3644 2483,3641 2527,3641 2572,3641 2617,3647 2662,3647 2707,3647 2751,3647 2796,3647 2841,3650 2886,3650 2930,3650 2975,3650 3020,3650 3065,3650 3109,3650 3154,3650 3199,3650 3232,3653"/>
                <TextEquiv>
                    <Unicode>Plötzlich sah ich, dass mir ihr Leben</Unicode>
                </TextEquiv>
            </TextLine>
            <TextLine id="tr_2_tl_7" custom="readingOrder {index:6;}">
                <Coords points="1303,3815 1569,3881 1764,3822 2169,3913 2408,3852 2608,3894 2695,3839 2870,3852 2867,3736 1303,3731"/>
                <Baseline points="1316,3787 1360,3787 1405,3790 1450,3793 1495,3796 1540,3796 1584,3796 1629,3799 1674,3799 1719,3799 1763,3802 1808,3799 1853,3799 1898,3802 1942,3802 1987,3805 2032,3802 2077,3805 2122,3808 2166,3808 2211,3808 2256,3808 2301,3808 2345,3808 2390,3808 2435,3808 2480,3811 2524,3811 2569,3814 2614,3817 2659,3817 2704,3817 2748,3817 2793,3820 2838,3823 2877,3829"/>
                <TextEquiv>
                    <Unicode>wichtiger war als meine Kunst.</Unicode>
                </TextEquiv>
            </TextLine>
        </TextRegion>
    </Page>
</PcGts>
