3688 4296
3031 506 3170 670 26
1336 568 2088 712 and is a schur mit-
1305 650 2941 837 So soll sie denn gesund werden.
1307 801 3154 974 Es soll eine Ehe werden wie tausend
1300 948 1677 1112 andere.
1295 1128 3239 1292 Muss denn überhaupt geschrieben sein?
1290 1251 3118 1426 Und nun wieder, da wir wie Geschwis-
1667 1382 2145 1516 autemé Reçu
1290 1418 3219 1585 ter leben, werde ich rasend vor Liebe.
1282 1580 3234 1736 Und wieder fängt die Tollheit an.Aber
1279 1701 3231 1903 nun glaube ich nicht, dass sie sterben
1274 1885 2181 2040 wird. Das ist es.
1264 2032 3011 2189 Fest will ich ihr alles gestehen.
1272 2201 2129 2322 Welche Marrheit!
1261 2343 3100 2492 Und plötzlich wird sie schwerkrank.
1264 2510 3247 2654 Der berühmte deutsche Arzt aus Mailand
1259 2666 3152 2805 kommt. Ein alte Collegs.  Ihre Linkelen mit dem Brück
1246 2820 2209 2972 Er sagt: Verloren.
1251 2990 2142 3106 Das war gestern.
1241 3134 2240 3275 So, nun weiss ich’s.
1238 3244 3303 3458 Ex Und es kommt genau nach dem Programm.
1243 3447 3188 3583 Ich liebe sie.Es wird ein ungeheuerer
1228 3568 3090 3763 Schmerz sein und ich befürchte, dass
1236 3727 3147 3863 ich elender Kerl, wirklich aus diesem
