3688 4408
3064 517 3182 726 21
1308 728 3129 930 Ich ging mit Martha durch den Saal.
1304 925 3146 1090 Sie hatte in meinem Stück gespielt,
1342 1005 2947 1141 in einem die April... - den kleine Rolle
1318 1063 3141 1255 war meine Geliebte. Jetzt langweilte
1318 1202 3221 1393 sie mich. dann auch nicht ein meinig.
1350 1323 2537 1435 sidant hatt - die der in aus sollen.
1321 1413 2160 1561 Es war ein Ball.
1321 1534 2840 1682 Hier war keine Spannung mehr.
1335 1624 3275 1850 Ich sah mich nach Andern um, sie auch.
1333 1855 3093 2008 Dann ging Aikina Albertine an mir
1347 2010 1762 2180 vorüber.
1335 2100 3199 2350 Sie, die im Zimmer neben mir schläft
1355 2287 3306 2461 Sie lächelte. Es war etwas Verachtung
1347 2437 3219 2612 für Martha dabei. Wir verstanden uns
1357 2580 3187 2765 Dann tanzte ich mit ihr. Sonderbar,
1362 2758 2471 2971 auf solcheinem Balle.
1367 2930 1893 3093 Jung Süss
1362 3042 2423 3248 Sie redete allerlei.
1367 3182 3284 3406 Und wieder tanzte sie. Dann fiel sie
1386 3408 1563 3576 um.
1389 3481 3250 3702 Ihre Mutter. Warum hast du getanzt?
1384 3678 2719 3867 Sie durfte nämlich nicht.
