3688 4392
2904 590 2994 724 6
1338 731 3081 911 derblicher erkannte, je deutlicher
1338 932 3030 1026 ihm die Leidenschaftlichkeit und
2106 1012 2214 1114 of the
1326 1036 3077 1215 Hingebung aeiner ihm anvertrauten
1328 1178 3026 1351 Kranken ins Bewusstsein trat. Er
1324 1354 3067 1497 erinnerte ihn an jenen Ohnmachts-
1326 1499 3113 1674 anfall, den Agathe während des Tan¬
1319 1644 3162 1847 zes erlitten,und hielt es nicht für
1317 1803 3132 1953 unmöglich, dass die noch viel hefti.
2673 1928 3162 2034 in der Ehe
1319 1967 3169 2152 geren erregungen, die ihr nun bevor¬
1315 2115 3070 2290 stana mit einem so sehr geliebten
1315 2253 3164 2456 Mann bevorstanden, das schwache Herz
1317 2445 3010 2611 sehr bald oder gar plötzlich zum
1319 2578 3097 2747 Versagen bringen würden. Er musste
1298 2772 3095 2910 bald einsehen, dass seine Reden bei
1312 2871 3143 3040 dem Bräutigam keinerlei Verständnis
1317 3019 2998 3226 oder Erhörung fanden und so ent¬
1303 3183 3150 3346 schloss er sich durch Vorstellungen
1305 3333 3074 3508 bei der Mutter eine Heirat zu hin
1312 3476 3090 3678 tertreiben, die er allmählich nicht
1294 3651 3090 3840 nur mehr aus persönlichen Gründen,
1294 3805 3113 4029 sondern vom Standpunkte höherer so.
1273 3971 1458 4087 zial
