3704 4344
3175 517 3267 648 8
1386 592 3344 790 Ueber dem See draussen lag die Nacht.
1381 790 3252 950 Die Berge drüben wil schwarze dünne
1386 950 3269 1104 Wände schoben sich vor den Horizont.
1384 1119 3351 1289 Es war schwül ohne Wind. Die Türe zum
1376 1240 2391 1418 Balkon stand offen.
1384 1396 3319 1594 Im Zimmer daneben schlief die Kranke.
1381 1574 3237 1693 Ich hatte ihr noch die Hand drücken
1376 1737 3227 1893 können.Sie lächelte,aber sie wasste
1366 1874 3354 2037 doch, dass sie zumsterben bestimmt war.
1366 2022 3349 2180 Ihr Gatte, der Dichter,ging hin und her
1366 2173 3339 2388 verlegen und verzweifelt. Für ein paar
1351 2344 3178 2492 Sekunden trat er wohl auch auf den
1344 2497 3324 2651 Balkon ins Schwarze.Es war still. Drü
1346 2663 3158 2794 ben in Bellagio glitzerten tausend
1351 2822 3247 2955 Lichter. Die auf unserer Seite unter
1336 2958 3309 3128 uns am Ufer waren unsichtbar. Nur ein
1341 3099 2772 3304 leger Glanz fiel insLeere.
1339 3265 3289 3440 Fr hatte mir eine Depesche geschickt.
1336 3411 3319 3562 Ich weiss war gekommen, ich weiss nicht
1327 3581 3005 3747 warum. Ich liebte ihn nicht sehr.
1322 3678 3230 3928 Seine Gattin war mir fremd geworden.
