3688 4360
3118 502 3251 685 13
1397 630 1979 797 letzte ist.
1399 762 3241 995 Ich schwöre mir zu diese Blätter zu
1394 947 3221 1132 vernichten.Es ist nicht mein erster
1387 1082 3116 1257 Meineid. Mein letzter vielleicht.
1384 1259 3228 1482 Wir wollen’s hoffen, sonst sterb ich
1384 1444 1912 1569 vor Scham.
1372 1559 3076 1747 Ein Schauer Fliesst mir über den
1369 1682 3193 1912 Rücken. Mir graut.Mir graut vor mir.
1359 1887 2436 2036 Damit ist alles gut?
1359 2021 3368 2246 Es wäre gut, wenn es mich wirklich grau
1367 2171 1539 2316 te.
1364 2304 3266 2536 Und wenn mich graute ginge ich stumm
1359 2506 3111 2686 dahin wohin ich gehöre, wo es mich
1354 2624 3156 2854 hinzieht,verschwände von der Szene
1362 2789 2039 2934 ohne Monolog.
1354 2949 3301 3146 Komödianten? Oh,wie ungerecht ist man
1357 3136 3248 3301 gegen Euch. Warum nennt man Euch so?
1347 3276 3298 3451 Ihr ehrlichen Leute, die auf der Bühne
1344 3421 3281 3611 Eure Rollen agiert,Ihr seid es nicht.
1347 3571 3206 3736 Wir sind es, wir.Wir, die wir beinahe
1347 3741 2031 3951 Dichter sind.
