3688 4296
3149 500 3289 659 27
1330 643 3125 818 Erlebnis xxx irgen ein herrliches
1340 806 2167 977 Kunstwerk mache.
1323 946 3230 1129 Es ist nicht sicher, aber es wäre mög
1340 1136 3059 1264 lich. Und das will ich vermeiden.
2805 1221 3113 1304 I habe it in
1323 1269 3173 1439 Das wäre zu jämmerlich. Darum sterbe
1335 1406 2594 1558 ich bevor sie dahingeht.
1321 1567 2755 1705 Sie würde es nie verstehen.
1323 1712 2850 1880 Sie wird es niemals erfahren.
1316 1869 3142 2054 Das ist meine Pflicht. Ich weiss es
1330 2018 2734 2182 dass es meine Pflicht ist.
1584 2172 1774 2298 doch.
1250 2670 2976 2805 the wouler une tuberie of lile, mais
1233 2805 2985 2926 seien; en die wollkommst die wir
1245 2924 2357 3085 incrarder Test finde
1344 3035 3040 3185 In t'eulen die die Brut vorl darvnd
1366 3166 2843 3291 an die willot... Le licht mit
1385 3268 2760 3403 Ich bin die deit an wein'
