3672 4392
2910 595 2994 751 5
1289 756 3159 902 sich in das Haus des jungen Mädchens
1275 911 3171 1107 Eingang zu verschaffen; der Empfang,
1272 1069 3070 1243 den er bei dem liebenswürdigen Ge-
2707 1193 2905 1289 Cutter
1272 1224 3046 1408 schöpf und auch bei dessen Eltern
1270 1368 3075 1538 fand,war verheissungsvoll genug,um
1272 1547 3058 1688 ihn mit seiner Werbung nicht lange
1272 1669 3135 1832 zögern zu lassen. Das Mädchen machte
1255 1832 3058 2037 kein Hehl daraus, dass es ihn schon
1265 2018 3104 2150 seit Jahren und schon zu einer Zeit
1260 2143 3058 2320 geliebt habe, da es nur sei ne werke
1258 2300 2944 2468 und nicht ihn selber kannte. Die
1246 2465 2953 2611 Mutter nach kurzem Bedenken, denn
1246 2595 2946 2748 das Leiden ihrer Tochter war ihr
1246 2769 2989 2915 kein Geheimnis,gerührt und ergrif
1246 2922 3106 3070 fen von dem jungen Glück der Beiden,
1236 3042 2987 3233 gab ihre Zustimmung. Der Arzt,so-
1231 3204 3015 3353 bald ihm die Verlobung bekannt ge-
1224 3372 3149 3544 worden war, hielt es für seine Pflicht
1234 3541 3109 3706 vor allem den Dichter vor einer Ver-
2446 3666 2542 3761 al
1229 3659 2946 3843 bindng zu Warnen, die er umso ver.
