3720 4360
3118 513 3208 664 6
1101 714 3342 895 es hier steht. Vielle icht habe ich mir ver-
1090 848 3322 1046 ziehen, wenn ich zu Ende bin. Aber die Wahr.
1087 982 3106 1203 heit, die Wahrheit muss es sein. die ich
1087 1168 3301 1355 niederschreibe. Und du wirst sie nie erfah-
1090 1302 3330 1495 ren. Aber doch richte ich die Worte an dich.
1084 1451 3339 1646 Denn es ist ja ein Geständnis, eine Beichte.
1081 1623 3424 1815 Aber da sie auch dich vernichten würde, darft
1093 1760 3339 1903 du sie nicht lesen. Habe ich nicht gar vie-
1093 1923 3307 2101 le Briefe geschrieben und gewusst, sie kom¬
1090 2060 2375 2258 men nietan ihre Adresse?
