3656 4376
2890 446 2983 593 2
1282 612 3021 824 wendung hingenommen,die sie war,
1282 812 3119 958 schlug allmählich Wurzel in der em-
1306 955 3026 1125 pfänglichen, ja aufgewühlten Seele
1265 1108 3009 1263 dieses Dichters und von einem ge-
1267 1213 3114 1382 wissen Tage an ging er vollkommener
1251 1408 2904 1582 Zielbewusstheit darauf aus eine
1263 1565 3016 1718 Braut zu finden, deren Gesundheits
1267 1692 3004 1889 zustand, die ihm sehr wohl gefiele
1258 1858 2964 2047 und deren Gesundheitszustand ihm
1263 1999 3095 2163 zugleich die Hoffnung geben sollte,
1258 2151 3102 2318 recht bald in jene Seelenverfassung
2609 2268 2892 2359 fromd
1258 2301 3104 2504 zu geraten,die ihm bisher unbekannt
1267 2456 3102 2614 er bisher noch nicht
1251 2626 3166 2807 erlebt hatte und deren genaue Kennt-
1251 2778 2892 2919 nis ihm für das Gelingen seines
1256 2911 3035 3102 Werkes,an dem ihm alle Möglichkeit
1246 3081 3002 3264 seines ferneren Daseins zu hängen
1246 3231 3090 3407 schien, unerlässlich war. Was er mit
1251 3386 3078 3581 solcher Inbrunst suchte konnte sei.
1880 3495 2130 3595 sich)
1244 3552 3116 3721 ner Sehnsucht nicht lange entziehen
1239 3707 2947 3907 der Zufall kam ihm zu Hilfe. Ein
