3688 4296
3037 486 3180 681 19
1569 583 1698 711 11
1428 642 3232 878 Er ging mit Fräulein Martha durch
1485 815 3108 1024 den Saal. So hiess die Dame, die
1476 972 3164 1176 neulich in seinem Stück gespielt
1476 1169 3169 1326 hatte und seither seine Geliebte
1485 1276 3267 1457 war. Er langweilte siche in wenig,
1494 1423 3230 1623 denn was sollte es für einen Reiz
1489 1600 3203 1752 haben mit einer Dame zu promenie
1485 1748 3232 1923 ren und scherzhafte Reden zu füh¬
1482 1909 3280 2050 ren, von der man ja doch weiss, dass
1482 2113 3121 2231 man sie ein paar Stunden später
1494 2238 3321 2399 wieder im Bett haben kann, wem
1489 2418 3126 2556 man gerade will. Hier war keine
1494 2545 3083 2683 Spannung mehr.Drum sah er auch
1503 2692 3221 2835 oft fort von ihr,sah Andere,Schö¬
1494 2851 3196 2992 nere,Gleichgültigere,Bessere und
1500 2996 3285 3180 Schlimmere.Fräulein Albertine ging
1505 3160 3167 3316 an ihm vorüber am Arm eines lan-
1514 3335 3257 3471 gen Herrn. Ein junges Mädchen von
1519 3469 3130 3605 dreiundzwanzig,schön und still.
1507 3618 3330 3780 Eine von denen, deren man nicht wert
1512 3766 3164 3929 ist.Man blickte einander an und
