3736 4296
3155 564 3244 720 4
1103 682 2798 849 Sie fassungs-und verständnislos.
1105 852 3334 1002 Ihr krankes Herz erträgt das Rätsel seines
1100 985 3288 1157 Todes noch weniger als das Leid um seinen
1108 1152 3115 1301 Verlust. Sie stirbt wenige Stunden hach
1100 1295 3098 1497 ihm und sie werden gemeinsam begraben.
1097 1580 3411 1785 Er war einmal nahe daran ihr seine Schuld zu
1105 1753 3241 1949 gesetehen, aber er fürchtet, sie würde ihm
1097 1906 3403 2076 nicht glauben. Nur du rch seinen freiwilligen
1088 2096 2519 2254 Tod kann er sie überzeugen.
1094 2260 2430 2421 Ein hinterlassener Brief?
1117 2548 3089 2758 Es schreibt ihr - aber sie sind den Brief nie
1091 2726 2490 2925 empfangen. Er verreifet ihn.
2058 2922 2484 3034 (dem Ant.
1166 2977 3100 3144 Es schreibt einem Freunde; depuße ich einbenst.
1002 3132 2585 3282 Der reist dorthin - findet ihn schon todt
1059 3224 3072 3377 Dr. Sollet neus sager, ob ich in Uelreiben oben hare hin
1088 3325 2982 3506 ob ich gewißt haben, die ich in Verbrechter war?
