3688 4296
3059 535 3203 700 18
1449 647 3273 896 Sie leuchtet hervor.Sie bie tet sich
1456 891 1682 1024 dar.
1459 996 3215 1179 Es war die Stunde, als ich mit Mar.
1459 1156 3157 1328 tha durch den Saal spazierte und
1479 1314 3045 1486 jenen Blick auf mir ruhen sah.
1449 1505 3243 1617 Doch warum nun weiter so zerrisse.
1459 1619 3213 1794 ne Worte? Ich bin ja bereit es in
1459 1805 3327 1947 aller Ruhe zu erzählen. Fort mit dem
1459 1931 3250 2094 pathetisch-sentimentalen Ich-Stil.
1452 2082 3254 2245 Es ist eine Geschichte wie tausend
1456 2263 1833 2389 andere.
1456 2396 3238 2517 Nein.Sonst würde ich sie nicht er¬
1459 2573 3257 2715 zählen. Donst würde ich nicht daran
1459 2722 1903 2859 sterben.
1459 2833 3061 3026 Hier steht es geschrieben. Denn
1461 2978 3285 3180 sterb ich nicht, so werde ich die se
1454 3164 2466 3340 Blätter zerreissen
1761 3352 3201 3529 Womit  begin at  but den chen
1684 3475 3245 3655 so ich mit Staath durch den Saal j in
