3624 4392
542 1218 3140 1409 Von einem verrückten Dichter. Er muss sein grosses Werk
576 1336 3180 1570 schreiben; aber er muss das Gefühl eines Witwers kennen
559 1540 3197 1711 lernen, heiratet eine todkranke Frau. In den Flitterwo-
552 1714 3247 1875 chen verliebt er sich in sie. Sie muss... muss gesund wer¬
546 1871 3006 2032 den! Reist zu allen grossen Aerzten. Sie stirbt. Nun
536 2019 3009 2179 könnte er sein grosses Werk vollenden – aber es geht
526 2139 834 2239 nicht.
526 2280 974 2404 Tagebuch.
502 2454 1242 2574 Die Litteraten.
562 2594 713 2708 1e
576 3990 1141 4151 que les
1235 3947 1470 4161 Vous en avez
442 4124 1178 4225 à lʼannée de nouveau rueau
