3704 4344
2921 440 3011 580 9
1204 621 3011 802 Warum war ich gekommen? Vielle icht
1223 761 3104 932 aus Neugier, vielleicht hatte ich nur
1213 890 3068 1098 die Gelegenheit benützt,um ein paar
1223 1069 3036 1284 Tage an einem italienischen See zu
1228 1223 3126 1424 sein. Er war mein Freund, aber keiner
1245 1345 3095 1568 von denen, die erwarten durften, dass
1243 1502 3187 1717 man einfach ihrem Rufe folgt. Er hät-
1238 1656 3146 1881 te sich um den meinen gewiss nicht
1262 1822 3195 2040 gekümmert, wenn er sich gerade anders
1262 1996 3163 2202 wo wohl gefühlt hätte. Ich bedauerte
1267 2106 3239 2373 schon, dass ich da war..Er trat wieder
1282 2268 3217 2478 vom Balkon herein ins Zimmer..Plötz
1284 2449 3229 2652 lich begann er: Ich weiss noch nicht.
1294 2591 2823 2808 Vielleicht spiel ich Komödie.
