3672 4376
826 646 3197 937 nur für die Fassungslose und Verzweifelte ein wort
842 883 3181 1025 der Aufklärung zurückzulassen, das,wenn aufrichtig,
2750 991 2972 1092 volé
832 1051 3149 1231 ste ja hätte aufs Tiefste verwunden, ja utelleicht
2380 1152 2478 1247 do
842 1203 3200 1348 vernichten müssen. Ihr krankes Herz aber ertrug das
2111 1279 3273 1427 au wenige stunden, le
921 1307 1833 1415 Retrelseines Todes¬
823 1364 3266 1516 Letzt um den Verlorenen nicht länger als eine Stunde.
807 1478 3247 1700 (Sie starp noch ehe er aufgebahrt war, und so filgto
836 1681 3295 1823 es sich, dass die Beiden am Ufer des Comosees,wo sich
832 1807 3377 2041 der Abschluss dieser Geschichte zu trug, in ein gemein-
1393 1921 1934 2022 in enseren solle
836 1997 2117 2187 sames Grab gebettet wurden.
918 2206 1712 2491 Der Aufang Knig:
