3704 4312
3229 569 3362 720 17
1549 688 3380 902 Schüler ich auf der Schulbank sass.
1540 863 3323 1034 Und die Leute, die mich verstanden,
1537 1002 3323 1207 und die Leute, die mich verhöhnten.
1526 1173 2544 1332 Die,ganz besonders.
1519 1312 2640 1499 Auch die Grosseltern.
1503 1462 3314 1633 Aber weiter zurück, all die Vergan-
1510 1617 2986 1786 genheit, die ich nicht kenne,
1494 1774 3229 1970 Der Arme,den sie in Toledo gefol¬
1496 1915 2082 2077 tert haben.
1478 2091 3280 2266 Und das schöne Kind an der ungari¬
1478 2232 3223 2403 schen Grenze,die in den österrei-
1467 2410 3100 2553 chischen Offizier verliebt war.
1458 2553 3277 2753 Dies sind natürlich alles Erfindun
1469 2713 1688 2870 gen.
1439 2845 3211 3022 Die Wahrheit ist gewiss noch viel
1444 3009 1965 3170 seltsamer.
1428 3152 2965 3327 All dies Blut Fliesst in mir.
1430 3296 3223 3523 Ich fühle das Geheimnis meines We-
1426 3448 1943 3598 sens tief.
1414 3642 3245 3801 Wohin, wohin? Es gibt doch eine Stun
1407 3744 3239 3981 de, in der diese Geschichte anfängt.
