3672 4392
1258 756 3136 918 verboten war. Der Dichter aber fühl.
1256 939 2941 1089 te in diesem Augenblick,dass nur
1242 1075 2998 1221 eine heftige Zuneigung zu ihm das
1247 1247 3085 1420 junge Mädchen vermocht haben konnte
1228 1350 2934 1521 aller Vorsicht zu Trotz, ja fast
1221 1498 3063 1695 mit Gefahr des Lebens,in seinen Ar-
2481 1648 2732 1754 sich
1216 1709 3082 1824 men und nur in den seinen, durch den
1218 1866 2819 1960 Tanzsaal zu drehen. Hievon war
1214 1988 3052 2148 nicht nur seine Eitelkeit geschmei-
1204 2141 3028 2298 chelt, er war nicht nur im Tiefsten
1211 2294 3007 2446 von einem solchen Beweis der Liebe
1202 2470 2855 2615 bewegt,er spürte sich nicht nur
1197 2636 3066 2765 selbst im gleichen Moment entzündet,
1202 2784 2998 2911 sondern in dem Gefühl seiner hohen
1190 2902 3063 3092 poetischen Sendung zweifelte er kei-
1174 3052 3054 3256 nen Augenblick, dass hier das Schick
1178 3204 2986 3390 sal in einer völlig unwidersprech¬
1183 3369 2986 3542 lichen Weise eingreife und ihm den
1174 3533 2923 3695 Weg weise, den er nun bis zum Ende
1171 3674 3061 3871 gehen müsse. Es war ihm ein Leichtes
