3672 4392
2970 616 3059 726 3
1312 736 3166 915 schönes und liebenswürdiges Mädchen
1303 913 3087 1065 aus guter Familie, fasste eine kaf-
1305 1055 3043 1184 tige Meigung zu ihm. Währad eines
1298 1198 3138 1354 Tanses mit ihm wurde sie ohnmächtig
1298 1305 2295 1413 mit dem sich oft
1298 1359 2977 1527 dæs er schon manch### in Gesell
1287 1522 3131 1684 schaft getroffen hatt###vortrefflich
1280 1649 2972 1835 unterhalten hatte, wurde in einer
1277 1800 3143 1994 Nacht auf einem Ballfest während ei-
1273 1975 3110 2120 nes Tanzes in seinen Armen ohnmäch¬
1277 2144 3131 2300 tig. Sie erholte sich wohl bald, aber
1270 2281 3050 2449 wie ihm der Arzt des Hauses wenige
1261 2435 3106 2601 Stunden darauf, ein guter Bekannter,
1273 2573 3141 2744 im Frühdämmer des Heimweges verriet,
1261 2739 3110 2919 war jene Ohnmacht nicht nur als ein
1261 2877 3092 3066 leichter, durch die äusseren Umstän
1261 3026 3052 3227 de bedingter Anfall zu betrachten,
1259 3190 3131 3376 sondern hat te seine Ursache in einem
1254 3346 2949 3524 schweren Herzleiden, wegen dessen
1256 3556 2879 3701 dem jungen Mädchen alle heftige
1242 3652 3040 3829 Bewegung, ganz besonders das Tan¬
1235 3822 2979 4005 zen, im Allgemeinen aufs Strengste
