3640 4392
2938 629 3051 781 2
1986 647 2691 796 Hersleide
888 772 3283 937 verraten, durch einen schweren Herzfohler zu frühem
2337 860 2517 986 ibn
882 900 3323 1065 Tode bestimmt war. Da der Arzt/vor der Heirat warn-
891 1086 2990 1239 te und sogar als seine Reden bei den Frater
876 1227 3265 1407 nichts fruchteten, die Verbindung der beiden jungen
867 1373 3186 1568 Leute durch Vorstellungen bei den Eltern des Müd¬
882 1526 3155 1693 chens zu hintertretben suchte, begann der Dichter
513 1568 738 1779 hohen
885 1690 3070 1883 für das Gelingen seines Planes zu fürchten
473 1712 836 1901 Mialette
876 1864 3298 2038 floh mit dem jungen Mädchen, das ihn liebte und sich
537 1855 754 2026 Tirdi
882 1999 3155 2191 auch von ihm heftig geliebt wähnte und vermähl te
482 1989 693 2185 Ain
876 2151 3277 2301 sich mit ihr in England. Anfangs war er von dem Ge-
867 2313 3170 2487 danken an sein neues Werk so vollkommen benommen.
857 2447 3143 2566 dass das Ungeheuerliche und Tilektee seines
1330 2539 1635 2652 Raun
882 2548 3198 2761 vorgehens nicht zu xxx um und er sich so
1376 2688 1696 2801 sich an
860 2758 3100 2929 gar seiner wachsenden Liebe nur darum zu freuen
1922 2859 2172 2957 ein
867 2908 3298 3070 glaubte, weil ihm auf dtoeg Weise vom Schicksal auch
873 2999 1556 3106 Willere Serenz
1971 3002 2514 3112 Besunder
870 3045 3067 3247 ein Witwengefühl von besonderer Heftigkeit ver-
1666 3155 1855 3262 the
857 3234 3311 3387 sprochen schien, wie er es eben für sein Werk brauch-
845 3393 3271 3549 te. In irgend einem Augenblick aber, gerührt von der
2603 3469 2886 3576 misen
836 3518 3250 3732 vertrauensvollen Zärtlichkeit seiner Gattin,erwach-
2908 3600 3369 3780 ercocht
827 3662 1620 3884 begann Sr
