3688 4328
3060 476 3200 622 14
1332 615 3023 792 Beinahe. Seht, ich bin bescheiden.
1337 769 3237 996 Ich mache mich demütig vor der Nach-
1340 959 1596 1088 welt,
1352 1083 2607 1260 Nachwelt von übermorgen.
1322 1230 3324 1444 Und weiss doch, Ihr verachtet mich noch
1327 1372 1773 1554 mehr.
1327 1506 3277 1686 Die Schwester geht durch mein Zimmer
1332 1693 3227 1863 Warum? Warum durch dieses? Notwendig
1337 1848 3205 2027 ist es nicht. Ihr Blick hat mich ge
1335 1994 3180 2191 streift. Sie ist ziemlich jung. Sie
1342 2179 3235 2291 ist jung und hübsch.
1327 2303 3267 2470 Sie ist fort. Sie ist über die Stiege
1327 2455 3192 2587 hinabgegangen. Jetzt höre ich unten
1332 2600 3262 2791 im Garten auf dem Kies ihre Schritte.
1322 2779 3302 2936 Sie atmet die Nachtluft. Wenn sie wie
1337 2918 3282 3050 derkommt wird sie wieder durch dieses
1330 3065 2042 3244 Zimmer gehen?
1342 3215 2724 3401 Was gehts mich an? Nichts.
1332 3399 3195 3523 Ich habe daran gedacht, also geht es
1327 3546 1765 3705 mich an.
1335 3715 3142 3939 Warum soll ich nicht ehrlich sein?
