3720 4392
2979 430 3120 619 11
1213 629 3083 845 Du tust nur vor mir, als wüsstest du
1231 853 1619 1004 nichts.
1231 970 2844 1156 Geliebte. Ich könnte auch die
1233 1069 3046 1290 Schwester fortschicken, die drin an
1248 1293 3046 1479 deinem Bette wacht und könnte mich
1236 1367 3108 1626 zu dir an deine Seite betten und in
1246 1554 3051 1780 meinen Armen, die du so lange nicht
1246 1681 3110 1932 um mich geschlossen hast,würdest du
1266 1875 3003 2083 vergehen und ich mit dir.Ich aber
1263 2056 2429 2205 würde wieder erwachen.
1261 2205 2228 2389 Es wäre teuflisch.
1270 2350 2645 2514 Und doch wieder ein Spass,
1283 2471 3269 2665 Ich schwätze, schwütze.Wird denn jemand
1285 2653 2777 2829 lesen, was ich hier schreibe?
1278 2747 3277 2988 Gewiss.sonst schrieb ich es ja nicht
1283 2944 2911 3158 Und dies alles ist nur Vorrede.
1280 3135 3282 3342 Und meine stille Hoffnung,meine stärk,
1295 3269 2524 3451 ste und Sühne zugleich.
1298 3401 3257 3620 Es leben Leute,es werden Leute leben,
1305 3560 3262 3764 die dies lesen und die fühlen werden,
1313 3712 3115 3916 welch ein Mensch in seiner letzten
