3672 4360
3044 613 3146 804 3
1027 764 3292 990 Seine Liebe aber wird stärker,er zittert um
1021 956 1247 1144 sie.
1018 1095 3275 1281 Dann wieder Absinken.Seine Angst sie könnte
1033 1267 3218 1455 sterben und alles wäre vergeblich gewesen,
1024 1392 3132 1597 denn er würde doch nicht so viel Schmerz
1024 1589 3280 1769 empfinden, dass er sein Werk dadurch fördern
1024 1757 1383 1891 könnte.
1015 1888 3104 2037 Die Liebe wird immer hefti ger,wird echt.
1013 2040 2596 2219 Er erscheint sich als Elender.
1018 2171 3297 2370 Crauen vor seiner tückisch lügenhaften Rolle.
1018 2353 2955 2507 Eine kurze Weile wieder stolz darauf.
1018 2490 3115 2650 Allmählich empfindet er sich als Mörder.
1007 2684 3258 2827 Er reist mit ihr zu Aerzten. Sie ist verlo¬
1015 2833 1244 2967 ren.
1013 2915 3123 3123 Er ist verzweifelt, weiss, dass er bald an
1021 3101 3178 3306 ihrem Grabe stehen wird und muss zugleich
1015 3269 3269 3443 fürchten,dass er,seiner Veranlagung gemäss,
1004 3454 3295 3588 seinen Schmerz doch noch literarisch verwer-
1015 3591 1546 3760 ten würde.
1007 3728 3235 3939 Endlich in Ekel und Grauen macht er seinem
1010 3891 1797 4096 Leben ein Ende.
