3736 4312
855 389 1051 591 1913.
1526 594 2048 739 Als Brief.
1057 662 3349 888 Darf ich sterben, ohne dass du es begreifst?
1063 855 3141 1081 Darf ich so von dir gehen? Soll mein Tod
1072 1009 3278 1193 von Rätseln umgeben sein? Noch hab ich die
1072 1152 3399 1392 Wahl. Ob es die Andern, ob du es wissen sollst
1116 1318 3185 1490 ich weiss es noch nicht. Aber da stehen
1060 1458 3286 1662 muss es, gesagt muss es sein. Ist dies nicht
1063 1636 1565 1826 mein Los?
1072 1799 3292 1945 Ich schreibe unsere Geschichte auf.Denn du
1060 1933 3289 2170 Agathe,kennst nur die eine Hälfte,die die-
1063 2164 1238 2271 ne.
1063 2268 3272 2431 Wo fängt sie an? Vielleicht früher als du,
1075 2458 3132 2612 früher als ich es ahne. Ist sie denn zu
1060 2559 3138 2719 Ende mit meinem Tod? Mit deinem,Agathe?
1063 2743 3322 2921 Da es aufgeschrieben ist, fängt es eben erst
1072 2909 1811 3061 anviel leicht.
1069 3040 3185 3194 Warum schwätz ich Agathe, hab ich so viel
1063 3212 1354 3367 Zeit?
1072 3295 3349 3533 Ja, ich habe Zeit,Zeit,so viel ich will. Ich
1069 3470 3459 3678 muss ja nicht sterben. Ich werde es vielleicht
1066 3634 3346 3850 nicht tun. Vielle icht ist es alles gut, wenn
