3672 4280
3109 446 3247 598 28
1344 579 3289 767 Nachschrift des Arztes.Er hatte wirk-
1347 754 3184 893 lich so viel Anstandsgefühl, dass er
1344 900 3137 1081 sich getötet hat. (Aber die Papiere
1347 1060 3176 1240 vortilgte er nicht. Ich tue es auch
1334 1237 3137 1386 nicht. Sie bleiben aufbewahrt. Man
1334 1375 3302 1524 soll ihn kennen. Man soll diese Subjek
1339 1527 2774 1691 te überhaupt kennen lernen.
1185 1678 3283 1843 Schöne Frau war übrigens schon vorher
1328 1835 2281 1968 still entschlafen.
1352 1968 3276 2132 Was er von der Schwester erzählte ist
1344 2153 3187 2328 der pure Schwindel. Poesie nennt man
1342 2279 3111 2453 es ja wohl auch. Für die Schwester
1339 2435 3163 2610 leg ich meine Hand ins Feuer.
1349 2602 1942 2720 air julle tambre
1454 2691 2213 2866 Ich habe ihr gekannt...
2046 2900 2187 3067 _0
