<?xml version="1.0" encoding="UTF-8" standalone="yes"?>
<PcGts xmlns="http://schema.primaresearch.org/PAGE/gts/pagecontent/2013-07-15" xmlns:xsi="http://www.w3.org/2001/XMLSchema-instance" xsi:schemaLocation="http://schema.primaresearch.org/PAGE/gts/pagecontent/2013-07-15 http://schema.primaresearch.org/PAGE/gts/pagecontent/2013-07-15/pagecontent.xsd">
    <Metadata>
        <Creator>prov=READ-COOP:name=TrHtr:version=2.1.0:model_id=51170:date=14_08_2023_23:18</Creator>
        <Created>2023-05-10T14:56:24.443+02:00</Created>
        <LastChange>2023-08-14T23:18:25.775+02:00</LastChange>
        <TranskribusMetadata docId="1428692" pageId="55427419" pageNr="18" tsid="132830369" status="IN_PROGRESS" userId="64420" imgUrl="https://files.transkribus.eu/Get?id=PCDITOZHMUZPNARUDNSTXUCL&amp;fileType=view" xmlUrl="https://files.transkribus.eu/Get?id=BVRKAPSKWQVMVOELIQWJYKQX" imageId="44701492"/>
    </Metadata>
    <Page imageFilename="1428692_0018.jpg" imageWidth="3704" imageHeight="4312">
        <ReadingOrder>
            <OrderedGroup id="ro_1711809289154" caption="Regions reading order">
                <RegionRefIndexed index="0" regionRef="tr_1"/>
            </OrderedGroup>
        </ReadingOrder>
        <TextRegion id="tr_1" custom="readingOrder {index:0;}">
            <Coords points="1433,735 3266,735 3266,2679 1433,2679"/>
            <TextLine id="tr_1_tl_1" custom="readingOrder {index:0;}">
                <Coords points="1421,869 1917,816 2906,825 3126,791 3129,725 2776,671 2342,716 2178,666 1930,739 1426,707"/>
                <Baseline points="1433,821 1472,818 1516,818 1561,818 1606,818 1651,821 1696,818 1740,818 1785,815 1830,815 1875,812 1920,812 1964,815 2009,812 2054,809 2099,809 2144,806 2188,806 2233,803 2278,803 2323,803 2368,800 2412,800 2457,800 2502,803 2547,800 2591,800 2636,800 2681,797 2726,794 2771,794 2815,791 2860,791 2905,791 2950,791 2995,788 3039,788 3084,785 3129,785"/>
                <TextEquiv>
                    <Unicode>Warum aber stirbt er vorher? War.</Unicode>
                </TextEquiv>
            </TextLine>
            <TextLine id="tr_1_tl_2" custom="readingOrder {index:1;}">
                <Coords points="1421,991 1712,1021 1808,969 2124,1005 2667,950 2888,1010 3165,957 3167,828 2644,891 2399,821 2140,887 1730,841 1423,882"/>
                <Baseline points="1433,973 1469,973 1513,970 1558,970 1603,973 1648,970 1693,970 1737,970 1782,967 1827,967 1872,964 1917,967 1961,964 2006,964 2051,964 2096,964 2141,961 2185,961 2230,958 2275,958 2320,958 2365,955 2409,955 2454,955 2499,952 2544,952 2588,955 2633,952 2678,952 2723,949 2768,946 2812,946 2857,946 2902,946 2947,946 2992,943 3036,940 3081,937 3126,934 3171,940"/>
                <TextEquiv>
                    <Unicode>tet ihran Tod nicht ab? Lässt sie</Unicode>
                </TextEquiv>
            </TextLine>
            <TextLine id="tr_1_tl_3" custom="readingOrder {index:2;}">
                <Coords points="1423,1151 2133,1171 2774,1107 3101,1162 3204,1130 3206,1023 2501,975 2372,1030 1760,996 1426,1044"/>
                <Baseline points="1439,1122 1463,1125 1508,1125 1552,1125 1597,1125 1642,1125 1687,1125 1731,1122 1776,1122 1821,1122 1866,1122 1911,1122 1955,1119 2000,1119 2045,1116 2090,1116 2135,1116 2179,1116 2224,1113 2269,1113 2314,1110 2359,1110 2403,1110 2448,1107 2493,1107 2538,1110 2583,1107 2627,1107 2672,1107 2717,1104 2762,1104 2806,1101 2851,1098 2896,1098 2941,1095 2986,1095 3030,1095 3075,1092 3120,1089 3165,1089 3210,1089"/>
                <TextEquiv>
                    <Unicode>einsam zurück,wäre es auch nur für</Unicode>
                </TextEquiv>
            </TextLine>
            <TextLine id="tr_1_tl_4" custom="readingOrder {index:3;}">
                <Coords points="1439,1291 1892,1287 2044,1332 2303,1269 2501,1310 2756,1255 2829,1291 2869,1280 2872,1144 2672,1148 2581,1198 2290,1148 1558,1191 1442,1160"/>
                <Baseline points="1451,1281 1484,1278 1528,1278 1573,1278 1618,1281 1663,1281 1708,1278 1752,1275 1797,1275 1842,1275 1887,1278 1932,1275 1976,1272 2021,1272 2066,1272 2111,1272 2156,1269 2200,1269 2245,1269 2290,1266 2335,1266 2379,1263 2424,1263 2469,1260 2514,1260 2559,1260 2603,1260 2648,1257 2693,1254 2738,1254 2783,1251 2827,1251 2872,1251"/>
                <TextEquiv>
                    <Unicode>ein paar Tage oder Stunden?</Unicode>
                </TextEquiv>
            </TextLine>
            <TextLine id="tr_1_tl_5" custom="readingOrder {index:4;}">
                <Coords points="1426,1439 3008,1469 3165,1430 3167,1296 1426,1344"/>
                <Baseline points="1439,1433 1469,1433 1513,1430 1558,1430 1603,1430 1648,1427 1693,1427 1737,1427 1782,1424 1827,1427 1872,1427 1917,1424 1961,1424 2006,1424 2051,1424 2096,1421 2141,1418 2185,1418 2230,1418 2275,1418 2320,1415 2365,1415 2409,1415 2454,1415 2499,1418 2544,1415 2588,1412 2633,1412 2678,1409 2723,1409 2768,1409 2812,1406 2857,1406 2902,1403 2947,1403 2992,1403 3036,1403 3081,1400 3126,1406 3171,1412"/>
                <TextEquiv>
                    <Unicode>Er fürchtet,wenn ihr Los erfüllt,</Unicode>
                </TextEquiv>
            </TextLine>
            <TextLine id="tr_1_tl_6" custom="readingOrder {index:5;}">
                <Coords points="1439,1619 3174,1571 3176,1478 1442,1501"/>
                <Baseline points="1454,1591 1478,1585 1522,1585 1567,1585 1612,1585 1657,1585 1702,1582 1746,1582 1791,1579 1836,1579 1881,1579 1926,1579 1970,1576 2015,1576 2060,1573 2105,1573 2150,1573 2194,1573 2239,1570 2284,1570 2329,1570 2373,1570 2418,1567 2463,1567 2508,1564 2553,1564 2597,1564 2642,1561 2687,1561 2732,1561 2777,1561 2821,1558 2866,1558 2911,1558 2956,1558 3001,1558 3045,1555 3090,1552 3135,1549 3180,1555"/>
                <TextEquiv>
                    <Unicode>dass sich dann in einem Mal alles</Unicode>
                </TextEquiv>
            </TextLine>
            <TextLine id="tr_1_tl_7" custom="readingOrder {index:6;}">
                <Coords points="1439,1749 3238,1726 3261,1614 1442,1621"/>
                <Baseline points="1451,1740 1475,1740 1519,1737 1564,1737 1609,1737 1654,1734 1699,1734 1743,1734 1788,1731 1833,1731 1878,1731 1923,1728 1967,1728 2012,1728 2057,1728 2102,1728 2147,1725 2191,1728 2236,1728 2281,1725 2326,1725 2371,1725 2415,1723 2460,1723 2505,1723 2550,1720 2594,1717 2639,1714 2684,1714 2729,1714 2774,1714 2818,1714 2863,1714 2908,1711 2953,1711 2998,1711 3042,1708 3087,1705 3132,1705 3177,1702 3222,1702 3266,1705"/>
                <TextEquiv>
                    <Unicode>in ihm ändert. Er ist dann wirklich</Unicode>
                </TextEquiv>
            </TextLine>
            <TextLine id="tr_1_tl_8" custom="readingOrder {index:7;}">
                <Coords points="1439,1935 3136,1883 3138,1730 1442,1805"/>
                <Baseline points="1454,1899 1484,1893 1528,1893 1573,1890 1618,1890 1663,1890 1708,1887 1752,1887 1797,1887 1842,1884 1887,1884 1932,1884 1976,1884 2021,1881 2066,1878 2111,1881 2156,1881 2200,1881 2245,1878 2290,1881 2335,1881 2379,1878 2424,1875 2469,1872 2514,1872 2559,1872 2603,1869 2648,1869 2693,1869 2738,1866 2783,1866 2827,1866 2872,1863 2917,1860 2962,1860 3007,1860 3051,1860 3096,1860 3141,1863"/>
                <TextEquiv>
                    <Unicode>der Witwe eines geliebten Weibs</Unicode>
                </TextEquiv>
            </TextLine>
            <TextLine id="tr_1_tl_9" custom="readingOrder {index:8;}">
                <Coords points="1430,2069 2372,2083 2874,2021 3161,2108 3258,2092 3263,1944 1435,1940"/>
                <Baseline points="1445,2051 1472,2051 1516,2048 1561,2045 1606,2045 1651,2042 1696,2039 1740,2042 1785,2042 1830,2042 1875,2039 1920,2039 1964,2039 2009,2036 2054,2036 2099,2036 2144,2036 2188,2036 2233,2036 2278,2036 2323,2033 2368,2033 2412,2033 2457,2030 2502,2027 2547,2024 2591,2024 2636,2024 2681,2024 2726,2021 2771,2018 2815,2021 2860,2021 2905,2021 2950,2018 2995,2015 3039,2015 3084,2015 3129,2012 3174,2012 3219,2012 3263,2018"/>
                <TextEquiv>
                    <Unicode>und es ist möglich, dass der Schmerz</Unicode>
                </TextEquiv>
            </TextLine>
            <TextLine id="tr_1_tl_10" custom="readingOrder {index:9;}">
                <Coords points="1432,2219 3038,2219 3138,2203 3140,2080 1435,2115"/>
                <Baseline points="1448,2209 1487,2203 1531,2203 1576,2200 1621,2197 1666,2194 1711,2194 1755,2191 1800,2191 1845,2191 1890,2191 1935,2194 1979,2191 2024,2188 2069,2191 2114,2188 2158,2188 2203,2185 2248,2185 2293,2185 2338,2182 2382,2185 2427,2182 2472,2182 2517,2179 2562,2179 2606,2176 2651,2176 2696,2176 2741,2179 2786,2179 2830,2176 2875,2176 2920,2173 2965,2173 3010,2170 3054,2170 3099,2167 3144,2167"/>
                <TextEquiv>
                    <Unicode>so wie er es Arsehnt hat, ihn zum</Unicode>
                </TextEquiv>
            </TextLine>
            <TextLine id="tr_1_tl_11" custom="readingOrder {index:10;}">
                <Coords points="1448,2397 1894,2387 1946,2353 2040,2381 2183,2347 2594,2360 2599,2219 2401,2258 2228,2210 2076,2278 1787,2221 1451,2262"/>
                <Baseline points="1460,2371 1484,2368 1528,2365 1573,2362 1618,2356 1663,2353 1708,2353 1752,2350 1797,2350 1842,2350 1887,2347 1932,2344 1976,2344 2021,2344 2066,2344 2111,2344 2156,2341 2200,2341 2245,2341 2290,2338 2335,2338 2379,2335 2424,2335 2469,2335 2514,2332 2559,2332 2603,2335"/>
                <TextEquiv>
                    <Unicode>grossen Dichter macht.</Unicode>
                </TextEquiv>
            </TextLine>
            <TextLine id="tr_1_tl_12" custom="readingOrder {index:11;}">
                <Coords points="1439,2522 3245,2515 3247,2378 1442,2397"/>
                <Baseline points="1451,2511 1460,2508 1505,2508 1549,2508 1594,2508 1639,2505 1684,2505 1728,2505 1773,2505 1818,2505 1863,2499 1908,2499 1952,2499 1997,2499 2042,2499 2087,2499 2132,2496 2176,2493 2221,2493 2266,2493 2311,2493 2356,2490 2400,2490 2445,2487 2490,2487 2535,2487 2580,2487 2624,2487 2669,2487 2714,2487 2759,2484 2803,2484 2848,2484 2893,2481 2938,2481 2983,2478 3027,2478 3072,2478 3117,2475 3162,2475 3207,2472 3251,2475"/>
                <TextEquiv>
                    <Unicode>So ist denn seine Sühne, auch diese</Unicode>
                </TextEquiv>
            </TextLine>
            <TextLine id="tr_1_tl_13" custom="readingOrder {index:12;}">
                <Coords points="1439,2681 1580,2722 1739,2674 1876,2724 2044,2660 2192,2703 2360,2651 2453,2713 2772,2681 2774,2576 2692,2544 1442,2565"/>
                <Baseline points="1451,2669 1481,2669 1525,2663 1570,2663 1615,2666 1660,2663 1705,2663 1749,2660 1794,2660 1839,2660 1884,2657 1929,2657 1973,2657 2018,2654 2063,2654 2108,2654 2153,2651 2197,2651 2242,2651 2287,2648 2332,2645 2376,2645 2421,2645 2466,2645 2511,2645 2556,2642 2600,2642 2645,2642 2690,2642 2735,2642 2780,2642"/>
                <TextEquiv>
                    <Unicode>Möglichkeit zu vermeiden.</Unicode>
                </TextEquiv>
            </TextLine>
        </TextRegion>
    </Page>
</PcGts>
