<?xml version="1.0" encoding="UTF-8" standalone="yes"?>
<PcGts xmlns="http://schema.primaresearch.org/PAGE/gts/pagecontent/2013-07-15" xmlns:xsi="http://www.w3.org/2001/XMLSchema-instance" xsi:schemaLocation="http://schema.primaresearch.org/PAGE/gts/pagecontent/2013-07-15 http://schema.primaresearch.org/PAGE/gts/pagecontent/2013-07-15/pagecontent.xsd">
    <Metadata>
        <Creator>prov=READ-COOP:name=TrHtr:version=2.1.0:model_id=51170:date=14_08_2023_23:18</Creator>
        <Created>2023-05-10T14:56:23.946+02:00</Created>
        <LastChange>2023-08-14T23:18:24.766+02:00</LastChange>
        <TranskribusMetadata docId="1428692" pageId="55427396" pageNr="15" tsid="132830366" status="IN_PROGRESS" userId="64420" imgUrl="https://files.transkribus.eu/Get?id=RWGTIQWJXKJRMUHQBWYRXKKG&amp;fileType=view" xmlUrl="https://files.transkribus.eu/Get?id=FKIWIRFYCOYWOKTEIXLCKYZQ" imageId="44701469"/>
    </Metadata>
    <Page imageFilename="1428692_0015.jpg" imageWidth="3672" imageHeight="4360">
        <ReadingOrder>
            <OrderedGroup id="ro_1711809282186" caption="Regions reading order">
                <RegionRefIndexed index="0" regionRef="tr_1"/>
                <RegionRefIndexed index="1" regionRef="tr_2"/>
            </OrderedGroup>
        </ReadingOrder>
        <TextRegion id="tr_1" custom="readingOrder {index:0;}">
            <Coords points="1042,624 3389,624 3389,2405 1042,2405"/>
            <TextLine id="tr_1_tl_1" custom="readingOrder {index:0;}">
                <Coords points="3016,756 3040,756 3046,750 3069,765 3078,759 3104,762 3104,610 3084,610 3046,578 3016,581"/>
                <Baseline points="3031,677 3075,674 3111,677"/>
                <TextEquiv>
                    <Unicode>2</Unicode>
                </TextEquiv>
            </TextLine>
            <TextLine id="tr_1_tl_2" custom="readingOrder {index:1;}">
                <Coords points="1034,940 2485,914 2695,984 3197,908 3200,768 2774,704 2450,791 2135,730 1037,785"/>
                <Baseline points="1051,860 1054,860 1098,860 1143,860 1188,860 1233,860 1278,860 1322,857 1367,857 1412,857 1457,854 1502,854 1546,854 1591,857 1636,854 1681,851 1726,851 1770,851 1815,851 1860,854 1905,851 1950,848 1994,848 2039,848 2084,851 2129,848 2174,851 2218,848 2263,848 2308,848 2353,845 2398,845 2442,845 2487,845 2532,845 2577,845 2621,842 2666,845 2711,842 2756,839 2801,839 2845,836 2890,836 2935,836 2980,836 3025,836 3069,833 3114,833 3159,830 3204,833"/>
                <TextEquiv>
                    <Unicode>Er erfährt,dass sie verloren ist,wenn sie</Unicode>
                </TextEquiv>
            </TextLine>
            <TextLine id="tr_1_tl_3" custom="readingOrder {index:2;}">
                <Coords points="1034,1016 2202,1051 2202,917 1901,908 1755,949 1647,908 1422,923 1355,967 1267,920 1034,961"/>
                <Baseline points="1051,1012 1095,1012 1140,1009 1185,1009 1230,1012 1275,1012 1319,1015 1364,1012 1409,1009 1454,1009 1499,1006 1543,1006 1588,1006 1633,1009 1678,1009 1723,1006 1767,1006 1812,1006 1857,1003 1902,1003 1947,1003 1991,1000 2036,1000 2081,1000 2126,1003 2171,1006 2209,1012"/>
                <TextEquiv>
                    <Unicode>nicht still dahinlebt.</Unicode>
                </TextEquiv>
            </TextLine>
            <TextLine id="tr_1_tl_4" custom="readingOrder {index:3;}">
                <Coords points="1034,1253 2047,1244 2047,1077 1904,1045 1583,1104 1384,1054 1174,1121 1104,1080 1034,1098"/>
                <Baseline points="1051,1170 1069,1167 1113,1167 1158,1167 1203,1167 1248,1164 1293,1164 1337,1164 1382,1164 1427,1164 1472,1161 1517,1161 1561,1161 1606,1161 1651,1161 1696,1161 1741,1161 1785,1158 1830,1158 1875,1158 1920,1158 1964,1158 2009,1158 2054,1161"/>
                <TextEquiv>
                    <Unicode>Er kämpft mit sich.</Unicode>
                </TextEquiv>
            </TextLine>
            <TextLine id="tr_1_tl_5" custom="readingOrder {index:4;}">
                <Coords points="1037,1410 3037,1399 3285,1358 3387,1223 1040,1247"/>
                <Baseline points="1054,1322 1060,1322 1104,1319 1149,1319 1194,1322 1239,1319 1284,1316 1328,1316 1373,1316 1418,1316 1463,1316 1508,1313 1552,1316 1597,1313 1642,1313 1687,1313 1732,1310 1776,1313 1821,1313 1866,1310 1911,1310 1956,1310 2000,1310 2045,1313 2090,1313 2135,1313 2180,1313 2224,1310 2269,1310 2314,1310 2359,1308 2403,1308 2448,1308 2493,1305 2538,1305 2583,1305 2627,1305 2672,1302 2717,1302 2762,1302 2807,1299 2851,1299 2896,1299 2941,1296 2986,1296 3031,1296 3075,1296 3120,1296 3165,1296 3210,1296 3255,1296 3299,1299 3344,1305 3389,1308"/>
                <TextEquiv>
                    <Unicode>Er geht wieder hinauf, ohne rechten Entschluss,</Unicode>
                </TextEquiv>
            </TextLine>
            <TextLine id="tr_1_tl_6" custom="readingOrder {index:5;}">
                <Coords points="1037,1551 1197,1574 1437,1524 1971,1562 2035,1545 2035,1399 1956,1367 1606,1419 1428,1372 1323,1416 1241,1387 1203,1422 1037,1410"/>
                <Baseline points="1054,1475 1057,1478 1101,1475 1146,1475 1191,1475 1236,1475 1281,1475 1325,1475 1370,1472 1415,1475 1460,1472 1505,1472 1549,1472 1594,1472 1639,1472 1684,1469 1729,1469 1773,1469 1818,1469 1863,1466 1908,1469 1953,1469 1997,1472 2042,1472"/>
                <TextEquiv>
                    <Unicode>sozusagen zufällig.</Unicode>
                </TextEquiv>
            </TextLine>
            <TextLine id="tr_1_tl_7" custom="readingOrder {index:6;}">
                <Coords points="1031,1699 1685,1714 2062,1624 2266,1691 2462,1647 2789,1694 2827,1518 1034,1548"/>
                <Baseline points="1048,1633 1084,1627 1128,1627 1173,1627 1218,1627 1263,1627 1308,1624 1352,1624 1397,1627 1442,1627 1487,1627 1531,1627 1576,1624 1621,1624 1666,1624 1711,1624 1755,1621 1800,1621 1845,1621 1890,1621 1935,1621 1979,1618 2024,1615 2069,1618 2114,1618 2159,1618 2203,1615 2248,1615 2293,1615 2338,1612 2383,1612 2427,1612 2472,1612 2517,1612 2562,1612 2607,1609 2651,1609 2696,1609 2741,1609 2786,1609 2831,1615"/>
                <TextEquiv>
                    <Unicode>Ein Gespräch, das mit Küssen endet.</Unicode>
                </TextEquiv>
            </TextLine>
            <TextLine id="tr_1_tl_8" custom="readingOrder {index:7;}">
                <Coords points="1025,1825 2713,1767 3104,1822 3136,1694 1028,1717"/>
                <Baseline points="1042,1785 1081,1782 1125,1782 1170,1782 1215,1779 1260,1779 1305,1779 1349,1779 1394,1779 1439,1776 1484,1779 1528,1776 1573,1773 1618,1773 1663,1773 1708,1776 1752,1776 1797,1773 1842,1773 1887,1773 1932,1770 1976,1770 2021,1773 2066,1773 2111,1770 2156,1770 2200,1770 2245,1767 2290,1767 2335,1767 2380,1767 2424,1764 2469,1764 2514,1761 2559,1761 2604,1761 2648,1761 2693,1758 2738,1758 2783,1758 2828,1761 2872,1761 2917,1758 2962,1758 3007,1758 3052,1758 3096,1761 3141,1764"/>
                <TextEquiv>
                    <Unicode>Es helfe mir nicht einmal für mein Werk,</Unicode>
                </TextEquiv>
            </TextLine>
            <TextLine id="tr_1_tl_9" custom="readingOrder {index:8;}">
                <Coords points="1045,2003 1524,1930 1714,2009 2587,1997 2736,1918 3194,1965 3197,1851 1048,1851"/>
                <Baseline points="1060,1938 1098,1938 1143,1935 1188,1935 1233,1938 1278,1935 1322,1935 1367,1932 1412,1932 1457,1932 1502,1932 1546,1929 1591,1929 1636,1929 1681,1929 1726,1929 1770,1929 1815,1929 1860,1926 1905,1926 1950,1926 1994,1926 2039,1926 2084,1926 2129,1920 2174,1923 2218,1923 2263,1920 2308,1920 2353,1920 2398,1920 2442,1920 2487,1920 2532,1920 2577,1917 2621,1920 2666,1920 2711,1917 2756,1914 2801,1914 2845,1917 2890,1914 2935,1914 2980,1914 3025,1911 3069,1911 3114,1908 3159,1908 3204,1908"/>
                <TextEquiv>
                    <Unicode>denn ich liebe sie ja nicht,vermag-nichts</Unicode>
                </TextEquiv>
            </TextLine>
            <TextLine id="tr_1_tl_10" custom="readingOrder {index:9;}">
                <Coords points="1037,2161 3300,2126 3303,1951 1040,2047"/>
                <Baseline points="1057,2093 1069,2090 1113,2090 1158,2090 1203,2087 1248,2087 1293,2087 1337,2087 1382,2087 1427,2087 1472,2087 1517,2084 1561,2084 1606,2084 1651,2084 1696,2084 1741,2084 1785,2084 1830,2081 1875,2081 1920,2081 1964,2081 2009,2078 2054,2078 2099,2078 2144,2078 2188,2075 2233,2075 2278,2075 2323,2075 2368,2075 2412,2072 2457,2072 2502,2072 2547,2072 2592,2069 2636,2069 2681,2066 2726,2066 2771,2066 2816,2066 2860,2066 2905,2066 2950,2066 2995,2066 3040,2066 3084,2063 3129,2063 3174,2060 3219,2060 3264,2057 3308,2057"/>
                <TextEquiv>
                    <Unicode>zu empfinden. (Das Grauen vor seiner inneren</Unicode>
                </TextEquiv>
            </TextLine>
            <TextLine id="tr_1_tl_11" custom="readingOrder {index:10;}">
                <Coords points="1037,2251 1113,2266 1165,2318 1206,2307 1250,2327 1288,2298 1334,2324 1419,2310 1419,2167 1364,2170 1346,2152 1241,2167 1209,2149 1171,2175 1136,2155 1037,2181"/>
                <Baseline points="1054,2242 1098,2242 1143,2242 1188,2242 1233,2242 1278,2242 1322,2245 1367,2242 1412,2245 1427,2245"/>
                <TextEquiv>
                    <Unicode>Kälte).</Unicode>
                </TextEquiv>
            </TextLine>
            <TextLine id="tr_1_tl_12" custom="readingOrder {index:11;}">
                <Coords points="1037,2429 1542,2391 2012,2467 2175,2386 2564,2485 2935,2377 3329,2406 3329,2316 3177,2286 1037,2307"/>
                <Baseline points="1054,2395 1095,2395 1140,2392 1185,2392 1230,2395 1275,2395 1319,2392 1364,2392 1409,2392 1454,2389 1499,2389 1543,2389 1588,2389 1633,2392 1678,2392 1723,2389 1767,2389 1812,2389 1857,2389 1902,2389 1947,2389 1991,2389 2036,2386 2081,2386 2126,2383 2171,2383 2215,2383 2260,2383 2305,2383 2350,2383 2395,2380 2439,2380 2484,2380 2529,2380 2574,2380 2618,2380 2663,2377 2708,2374 2753,2374 2798,2374 2842,2374 2887,2374 2932,2374 2977,2377 3022,2374 3066,2374 3111,2371 3156,2368 3201,2368 3246,2365 3290,2365 3335,2362"/>
                <TextEquiv>
                    <Unicode>Dann wieder sagt er sich,sich selbst gecken</Unicode>
                </TextEquiv>
            </TextLine>
        </TextRegion>
        <TextRegion id="tr_2" custom="readingOrder {index:1;}">
            <Coords points="1048,2470 3207,2470 3207,3805 1048,3805"/>
            <TextLine id="tr_2_tl_1" custom="readingOrder {index:0;}">
                <Coords points="1031,2622 1390,2628 1536,2555 1857,2643 2044,2564 2362,2616 2590,2532 3174,2552 3177,2456 1031,2464"/>
                <Baseline points="1048,2550 1075,2550 1119,2547 1164,2547 1209,2547 1254,2547 1299,2547 1343,2544 1388,2544 1433,2544 1478,2544 1523,2541 1567,2541 1612,2538 1657,2541 1702,2541 1746,2541 1791,2541 1836,2541 1881,2541 1926,2541 1970,2538 2015,2538 2060,2538 2105,2535 2150,2535 2194,2535 2239,2532 2284,2535 2329,2532 2374,2532 2418,2532 2463,2532 2508,2532 2553,2529 2598,2529 2642,2529 2687,2529 2732,2526 2777,2529 2822,2526 2866,2526 2911,2526 2956,2529 3001,2526 3046,2523 3090,2523 3135,2520 3180,2523"/>
                <TextEquiv>
                    <Unicode>haft empfindend, und wenn ich ihr nur ein</Unicode>
                </TextEquiv>
            </TextLine>
            <TextLine id="tr_2_tl_2" custom="readingOrder {index:1;}">
                <Coords points="1042,2736 1705,2698 1752,2745 1845,2692 2164,2759 2202,2754 2205,2651 2064,2610 1854,2643 1743,2593 1457,2643 1045,2610"/>
                <Baseline points="1060,2699 1092,2699 1137,2702 1182,2702 1227,2702 1272,2702 1316,2699 1361,2696 1406,2696 1451,2696 1496,2696 1540,2696 1585,2696 1630,2693 1675,2693 1720,2693 1764,2693 1809,2693 1854,2693 1899,2693 1944,2693 1988,2693 2033,2690 2078,2690 2123,2690 2168,2690 2212,2696"/>
                <TextEquiv>
                    <Unicode>Jahr des Glückes gebe.</Unicode>
                </TextEquiv>
            </TextLine>
            <TextLine id="tr_2_tl_3" custom="readingOrder {index:2;}">
                <Coords points="1031,2935 1629,2850 2803,2902 2768,2768 2190,2789 2015,2727 1799,2792 1034,2792"/>
                <Baseline points="1051,2857 1063,2857 1107,2854 1152,2854 1197,2857 1242,2854 1287,2851 1331,2851 1376,2848 1421,2854 1466,2854 1511,2851 1555,2851 1600,2851 1645,2848 1690,2845 1735,2845 1779,2845 1824,2845 1869,2848 1914,2845 1959,2842 2003,2842 2048,2842 2093,2842 2138,2839 2182,2839 2227,2839 2272,2839 2317,2839 2362,2836 2406,2836 2451,2836 2496,2839 2541,2839 2586,2836 2630,2839 2675,2839 2720,2839 2765,2839 2810,2845"/>
                <TextEquiv>
                    <Unicode>Er hält um ihre Hand an.Gewährung</Unicode>
                </TextEquiv>
            </TextLine>
            <TextLine id="tr_2_tl_4" custom="readingOrder {index:3;}">
                <Coords points="1037,3034 1337,3013 1486,3089 1869,3060 2158,3101 2208,3069 2210,2935 2085,2894 1974,2929 1910,2879 1767,2949 1384,2897 1203,2973 1040,2932"/>
                <Baseline points="1054,3010 1098,3010 1143,3010 1188,3010 1233,3007 1278,3007 1322,3007 1367,3007 1412,3004 1457,3004 1502,3004 1546,3004 1591,3004 1636,3001 1681,3001 1726,3001 1770,3001 1815,3001 1860,2998 1905,2998 1950,2998 1994,2998 2039,2998 2084,2998 2129,2998 2174,3001 2218,3004"/>
                <TextEquiv>
                    <Unicode>Er erschrickt beinahe.</Unicode>
                </TextEquiv>
            </TextLine>
            <TextLine id="tr_2_tl_5" custom="readingOrder {index:4;}">
                <Coords points="1040,3232 1489,3165 1705,3241 2540,3247 2678,3212 2681,3060 1042,3092"/>
                <Baseline points="1057,3165 1072,3162 1116,3162 1161,3165 1206,3165 1251,3162 1296,3162 1340,3162 1385,3162 1430,3162 1475,3162 1520,3162 1564,3162 1609,3159 1654,3159 1699,3159 1744,3156 1788,3156 1833,3156 1878,3156 1923,3153 1967,3153 2012,3150 2057,3153 2102,3150 2147,3150 2191,3150 2236,3150 2281,3150 2326,3147 2371,3147 2415,3147 2460,3147 2505,3147 2550,3144 2595,3144 2639,3147 2684,3147"/>
                <TextEquiv>
                    <Unicode>Kurze Brautzeit.Heirat.Abreise.</Unicode>
                </TextEquiv>
            </TextLine>
            <TextLine id="tr_2_tl_6" custom="readingOrder {index:5;}">
                <Coords points="1066,3355 1816,3317 2613,3399 2713,3317 3110,3305 3113,3209 1066,3247"/>
                <Baseline points="1081,3326 1101,3326 1146,3320 1191,3320 1236,3320 1281,3317 1325,3317 1370,3320 1415,3320 1460,3317 1505,3317 1549,3317 1594,3314 1639,3314 1684,3314 1729,3314 1773,3317 1818,3314 1863,3314 1908,3311 1953,3311 1997,3311 2042,3311 2087,3308 2132,3311 2177,3308 2221,3305 2266,3305 2311,3305 2356,3305 2400,3302 2445,3302 2490,3299 2535,3302 2580,3299 2624,3299 2669,3299 2714,3299 2759,3299 2804,3299 2848,3296 2893,3296 2938,3296 2983,3293 3028,3293 3072,3293 3117,3293"/>
                <TextEquiv>
                    <Unicode>(Stellung des Arztes, der sie vielleicht</Unicode>
                </TextEquiv>
            </TextLine>
            <TextLine id="tr_2_tl_7" custom="readingOrder {index:6;}">
                <Coords points="1045,3551 1688,3472 1851,3551 2120,3463 2415,3466 2663,3545 2666,3378 1513,3381 1317,3440 1048,3396"/>
                <Baseline points="1060,3479 1101,3476 1146,3479 1191,3479 1236,3479 1281,3479 1325,3479 1370,3476 1415,3476 1460,3473 1505,3473 1549,3473 1594,3473 1639,3473 1684,3470 1729,3470 1773,3467 1818,3467 1863,3467 1908,3467 1953,3467 1997,3464 2042,3464 2087,3461 2132,3461 2177,3458 2221,3461 2266,3461 2311,3461 2356,3461 2400,3461 2445,3461 2490,3461 2535,3461 2580,3461 2624,3461 2669,3461"/>
                <TextEquiv>
                    <Unicode>auch geliebt hat und entsagte.</Unicode>
                </TextEquiv>
            </TextLine>
            <TextLine id="tr_2_tl_8" custom="readingOrder {index:7;}">
                <Coords points="1031,3729 1311,3726 1510,3630 1758,3700 1921,3627 3200,3635 3200,3530 3040,3510 1034,3580"/>
                <Baseline points="1051,3628 1057,3628 1101,3628 1146,3631 1191,3631 1236,3628 1281,3628 1325,3631 1370,3631 1415,3628 1460,3628 1505,3625 1549,3625 1594,3625 1639,3625 1684,3622 1729,3622 1773,3622 1818,3625 1863,3625 1908,3622 1953,3622 1997,3622 2042,3619 2087,3619 2132,3616 2177,3616 2221,3616 2266,3616 2311,3616 2356,3616 2400,3616 2445,3616 2490,3616 2535,3616 2580,3613 2624,3613 2669,3613 2714,3610 2759,3610 2804,3610 2848,3610 2893,3610 2938,3610 2983,3607 3028,3607 3072,3607 3117,3604 3162,3604 3207,3604"/>
                <TextEquiv>
                    <Unicode>Er beginnt sie zu lieben und nun freut er</Unicode>
                </TextEquiv>
            </TextLine>
            <TextLine id="tr_2_tl_9" custom="readingOrder {index:8;}">
                <Coords points="1031,3907 1413,3860 1740,3913 1971,3851 2117,3887 2272,3857 2245,3697 1866,3720 1586,3676 1489,3729 1393,3691 1034,3732"/>
                <Baseline points="1051,3795 1066,3792 1110,3789 1155,3789 1200,3789 1245,3789 1290,3789 1334,3789 1379,3786 1424,3783 1469,3783 1514,3783 1558,3783 1603,3780 1648,3780 1693,3780 1738,3780 1782,3780 1827,3780 1872,3780 1917,3780 1962,3780 2006,3780 2051,3780 2096,3780 2141,3777 2185,3777 2230,3777 2275,3783"/>
                <TextEquiv>
                    <Unicode>sich dem Ende entgegen.</Unicode>
                </TextEquiv>
            </TextLine>
        </TextRegion>
    </Page>
</PcGts>
