4664 5704
1689 528 2504 768 G.C.H.F.P.P:S
2563 545 2863 697 G.H.P.
3230 646 3475 806 41
266 536 494 912 G.
718 705 1153 933 (Kries)
3192 743 3703 1005 März 1916)
760 959 4159 1263 die Schaffung einer solchen über- und zwischenstaatlichen Organisation
764 1195 4032 1427 zur Voraussetzung haben, andererseits aber würde der Zusammenschluss
747 1334 3910 1524 der vorerst getrennt in den einzelnen Staaten beratenden Elemente
743 1520 3226 1727 in einem gewissen Moment automatisch erfolgen.
959 1600 4032 1883 In der internationalen Sozialdemokratie waren diese xxxx Ten-
743 1795 3914 2023 denzen schon vor diesem Kriege angedeutet. Im Allgemeinen ist ihr
756 1930 3923 2158 sogenannten Versagen darauf zurückzuführen, dass bei dem heutigen
781 2094 3965 2297 Stand der Dinge die Sozialdemekratie, ja die Demokratie überhaupt,
768 2246 3918 2445 als Idee gegenüber der des Absolutismus kaum in ihren Anfängen be-
819 2403 3978 2631 griffen ist. (Unter Demokratie ist keineswegs die Herrschaft des
790 2559 3982 2762 Volkes zu verstehen, sondern eine Regierungsform zu Gunsten und im
794 2757 1735 2960 Sinne des Volkes.)
980 2833 4037 3061 Jene Organisation zu schaffen ist die Aufgabe und die Pflicht
794 3032 4016 3243 aller Vernünftigen. Ich sage nicht aller Menschenfreunde. Man muss
785 3171 3961 3386 noch kein Menschenfreund sein, um sich gegen zu empören, dass die
790 3281 4032 3526 Schicksale von Millionen in die Hände einzelner, leider nur schein-
790 3454 3961 3707 bar verantwortlicher Individuen gelegt sind. Es kommt darauf an,
768 3631 4163 3842 sich in der Idee der Gerechtigtkeit, Vergleit Freiheit und Menschlich-
806 3796 3978 4003 keit zu finden, die zusammengefasst wir jawohl als die der gött-
794 3952 3023 4163 lichen Vernunft bezeichnen könnten.
1136 4092 4142 4286 Weltfrieden hat also in diesem Sinne mit Menschenliebe direkt
836 4231 4222 4476 nicht das Geringste zu tun, Es genügt beinahe, dass jeder sich selbst,
823 4421 4037 4619 daß er seine Angghörige, dass er sein Heimat (wir vermeiden hier
832 4560 4197 4797 absichtlich das Wort Vaterland) liebe, um den Weltfrieden im höchsten
828 4746 2428 5012 grade erstrebenswert zu finden.
1144 4864 4083 5088 Die Aussichten auf einen Erfolg der Weltfriedensides werden
836 5012 4206 5320 sich natürlich umsomehr steigern, je weniger Arbeit und Kraft auf die
