4632 5592
1529 421 1774 717 1
3170 477 3737 919 (Mai19)1925)
709 691 1095 966 (Krieg)
2057 893 2238 1048 G.H.F.P.
700 1014 3908 1246 hin interessant genug, selbst, wenn ein wenig Eitelkeit mitspielt.
704 1215 3977 1379 Aber es ist vollkommen uninteressant, wie sich Schmack zum Brief
3651 1340 3939 1482 sera le
704 1383 3092 1555 des Herrn Dehmel an seine Kinder äussert.)
885 1447 4012 1718 Irgendwo las ich auch, dass Dehmel deswegen in den Krieg gezogen
734 1624 4037 1881 ist, weil er innerlich als Dichter fertig war, neuen Inhalt für sein
760 1800 4115 2006 Werk brauchte. So wird er bei lebendigem Leibe kommentiert und ist aus-
739 1946 4029 2190 ser den Flintenkugeln und Schrapnells den Stinkbomben der Kritk aus-
752 2087 4132 2371 gesetzt. Und die werden immer weiter durch die Welt fliegen, auch wenn
3591 2272 3891 2435 1 1/2 2
756 2311 1855 2530 die Kanonen schweigen.
958 2435 3934 2689 Welche herrliche Gelegenheit, ein neues Mass an die Werke der
769 2564 4183 2805 Dichter zu s legen und an ihre Gestalten: Den Weltkrieg und die Helden,
760 2719 4127 2985 die draussen kämpfen. Schon sind sie darauf aus, zu bestimmen, welche
790 2792 4140 3118 Werke, welche Dichter vom Sturmwind dieser grossen Zeit für immer hin-
795 3028 4085 3268 weggefegt sind und bilden sich ein, selber im Kampf zu stehen und an
807 3247 2066 3449 der Läuterung mitzuwirken.
979 3191 4218 3578 Sie schmähen auch die Leute, die daheim sitzen und Gedichte machen.
807 3483 4080 3758 Sie aber sitzen gleichfalls nicht im Schützengraben und kitisieren
803 3578 4106 3908 daheim die Leute, die Gedichte machen und die, die keine machen. Die
807 3784 4140 4050 Kritiker, das sind die Leute, denen nie das Handwerk gelegt wird. Sie
795 3921 4201 4209 sind im Krieg so lästig und so überflüssig, so verlogen und so frech,
829 4115 4162 4355 wie sie im Frieden waren. Nichts wird weggefegt. Der Friede wird kom-
816 4256 4265 4518 men, auch hiezu werden sich die Dichter vernehmen lassen, und andere wer-
803 4377 4132 4699 den schweigen. Der Kritiker aber wird aufpassen und übel nehmen. Dies
812 4639 1593 4845 ist sein Beruf.
704 4974 984 5236 oft 1
