4392 5464
668 538 1064 793 (Krieg)
3126 480 3865 810 (Oktober 1914)
664 776 3965 1144 mal Unrecht haben. Was einmal wichtig und bedeutungsvoll war, bleibt
676 1073 4011 1252 es für alle Zeiten. Und wenn auch manches Geringe und besonders Unech-
689 1169 3907 1423 te, das sich als Kunst auftat, von dieser ungeheuren Epoche spurlos
680 1390 3811 1561 in den Grund gerissen werden wird, oder einmal nichts anderes be-
689 1507 3957 1724 deuten wird, als eine komisch-rührende Erinnerung,- was echt und gar
684 1636 4007 1874 was gross war, wird es auch späterhin bleiben, ist es sogar jetzt ge-
689 1799 4028 2053 blieben, in dieser wilden Zeit, auch wenn wir eben nicht Auge und Ohr
689 1953 4036 2162 dafür offen haben; und wir sollen ihm Treue bewahren, innerhalb dieser
697 2154 4049 2337 wilden Zeiten, geradeso, wie wir den Helden um, das man ja auch Mili-
710 2275 4061 2475 tarismus nennen darf, Treue halten wollen in jener kommenden stilleren
693 2421 4019 2634 Zeit, wo die Törichten, die Kinder, die Nichtfernblickenden, geradeso
697 2563 3911 2784 wie wir es früher einmal getan, wieder von Soldatenspielerei reden
710 2792 1089 2942 werden.
939 2855 3982 3084 Versuchen wir auch Leutenwie M###t###rk Masterlinck, wie Kibling zu
693 3034 4036 3264 begreifen, die grossen Dichter, die in dieser Zeit von dem grossen Ge-
710 3197 3986 3406 fühl einer Dazugehörigkeit, eines mit ihrem Volk Verbundensein, das
718 3360 4019 3577 sie früher vielleicht nicht immer empfunden haben, nicht nur erhoben,
718 3523 4061 3727 sondern verwirrt, in töricht bösen Worten eine Nation, ein Volk zu be-
710 3631 4007 3848 leidigen versuchen, den sie - ohn nicht materielle Güter, nicht Ruhm,
722 3823 3957 4003 wie wenig scheint all das in solcher Zeit! - gar manches von dem zu
718 3990 3781 4170 verdanken haben, das sie zu den gemacht hat, was sie eben sind.
885 4136 3953 4311 Erstens glauben wir nichts alles, was wir zu lesen bekommen, so
718 4282 4003 4483 wie wir wünschen, dass auch unsere Feinde nicht alles blind glauben,
2776 4449 2938 4570 G.H.F.P
735 4437 2454 4658 was in ihren Zeitungen gedruckt stehme.
843 4612 3756 4775 Ferner versuchen wir selbst Unglaubwürdigkeiten zu verstehen
885 4746 3973 4933 Und endlich, das Schwerste, versuchen wir nicht schon in diesem
952 4904 3982 5088 ablie, denn dies väre Lauheit, Schwäche, also Gefahr, aber nehm
747 5071 4003 5246 wir uns wenigstens vor zu verzeichen, so bald der Friede geschlossen
