4376 5384
732 377 1092 580 (Krieg)
3141 356 3860 622 (Oktober 1914)
720 533 948 762 (Ert)
741 715 3915 914 sie die Tatsachen nicht sehen wollen oder auch nichtsehen können.
736 902 4042 1117 versuchen wir auch hier Gleiches nicht mit Gleichem zu vergelten.
741 1024 3788 1240 Sagen wir uns vor allem: Sie sind zum Teil mangelhaft orientiert
736 1177 3974 1409 durch die ungeheuaren Lügen, die schon vor Beginn des Krieges einge-
741 1312 3830 1558 setzt haben, und jetzt noch höher süngeln, irregeführt, verwirrt
753 1464 4089 1701 und endlich im Gebrauch ihrer logischen Fähigkeiten /dur xxx ihr National¬
753 1630 3974 1883 gefühl, durch das Zusammengehörigkeitsgefuhl, das in solchen Zeiten
758 1803 4038 2010 sich mächtig entwickelt, so erheblich gestört, dass sie tatsächlich
758 1955 4017 2171 von dem Meuchelmord an Erzherzog Frank Ferdinand nichts wissen, dass
745 2104 4012 2307 sie den Krieg Oesterreichs gegen Serbien ebenso wie der Zur in jener
762 2256 3962 2451 berüchtigten Depesche als schmählich auffassen, dass sie ernsthaft
762 2396 3970 2607 glauben, England habe den Krieg an Deutschland nur deshalb erklärt,
753 2552 3970 2777 weil sein sittliches Empfinden durch den Einmarsch der Deutschen in
749 2700 4000 2959 Belgien verletzt gewesen wäre, dass sie ernsthaft von den Deutschen
762 2865 4110 3064 verlangen, sie sollten eine vom Feind besetzte Kirche, von der aus auf
762 3035 3940 3234 sie gefeuert wird, nicht beschiessen, weil es eben eine ale schöne
745 3187 4004 3361 Kirche, sei, dass sie tatsächlich glauben, Deutschland wollte diesen
758 3306 4025 3521 Krieg, obwohl, nicht geheim im Diplomatenkämmerchen, sondern öffent-
753 3466 3995 3665 lich im Parlament von Frankreich, der Ueberfall auf Deutschland für
753 3619 4012 3839 1916 angekündigt wurden,- ja, sagen wir uns alles dies, die Haltung
766 3780 3919 3991 von Menschen, wie Maeterlinck und Holland und Hipling enthält bei
745 3957 4114 4169 Berücksichtigung all dieser Umstände immer noch irgendwo etwas Rätsel-
762 4101 3890 4292 haftes. Wenn man Deutschland in einem so bedeutungsvollen Moment
753 4275 4135 4491 der Geschichte so wenig kennt, so kann das oben nur davon liegen, dass
808 4427 4008 4643 man es auch nisher nicht gekannt hat und die Unfähigkeit oder viel-
775 4546 4182 4783 leicht der innre Widerstand, Freundes zu begreifen, ist, wie es scheint,
783 4732 4161 4927 auch unseren besten Nachbarn so eingeboren, dass selbst ihre gutgemein-
775 4905 4089 5100 ten Versuche so siemlich miseglücken mussten. Und doch hüten wir uns,
