4536 5480
3703 222 3958 456 "    "
3198 188 3415 385 P.S.
2867 268 3093 414 L.M.
849 222 2169 485 Von früher ist, wie sie sich selbst aufgelegt selb, nach Hr.
2424 242 2587 418 ƒ
3662 401 3862 585 56)
803 414 1183 719 (Krieg)
3528 531 3862 744 (1919)
1028 694 4126 895 Ueber allen Zweifeln erhaben, dass die bei diesem Schiedsgericht
794 869 3954 1058 zweifellos erfolgende Demütigung Oesterreichs und Deutschlands die
3298 1020 3486 1166 cette
794 1037 3227 1216 Kriegspartei in den Ententeländern gestärkt hätte.
1041 1175 3954 1384 Russland hätte weiter gerüstet, die französischen Milliarden
777 1338 3996 1501 hätten weiter gewikkt, die strategischen Bahnen wären besser ausge-
807 1505 4025 1664 baut gewesen, der Krieg wäre in dem Augenblick ausgebrochen, in dem
3591 1622 4038 1785 Jahre xxx
3302 1634 3474 1789 G.C.F.P.
790 1643 2993 1818 Russland und Frankreich ihn gewünscht hätten.
1091 1772 3946 1985 Spräche noch nicht die Ermordung Jauré's deutlich genug für
798 1935 4075 2161 den Riesenanteil der französischen Schuld, der Umstand, dass bis zum
794 2094 4155 2399 heutigen Tag die Verhandlung gegen den Mörder noch nicht stattgefunden
798 2261 3072 2483 hat, steigert diese Beweiskraft ins Ungeheuere.
1087 2387 3946 2579 Warum hat Wilson, der Gerechte, noch nicht den Wunsch ausge-
798 2562 3933 2734 sprochen, dass König Peter von Serbien und die Könige von Italien
807 2671 4101 2897 und Rumänien zugleich mit Kaiser Wilhelm vor Gericht gestellt werden?
1154 2855 3896 3047 Warum hat ihn noch niemand in Deutschland ausgesprochen?
1183 3010 4071 3202 Warum hat Kurt Eisner, der die Schuldbeweise für Deutschland
807 3181 4113 3386 aus den Archiven hervorgeholt hat, nicht den Wunsch ausgedrückt, dass
798 3365 3992 3532 im selben Augenblick auch die französischen Staatsarchive geöffnet
819 3532 4155 3770 werden? Und seine edle Geste bis zu der Erfüllung dieses Wunsches ver-
798 3703 1258 3921 schoben?
1187 3712 3954 4046 Es ist eine üble Verwandtschaft, die sich im Nachtrab der
807 3912 2964 4218 Gerechtigkeit bemerkbar macht - Renagatentum.
1141 4193 1363 4443 G.H.F.P
