4632 5608
1890 485 2161 730 P.S.
769 601 1134 851 (Krieg)
3360 601 3978 851 (Märs 1916)
889 795 1216 941 G.C.H.F.P.P
881 816 3673 1074 Zu Rollands Gesammelten Aufsätzen"Au dessus de la Melée?
872 1035 3901 1216 Ich finde in ihnen den stärksten Beweis für meine Forderungen,
769 1147 3961 1332 dass zwischen denjenigen, die zu den Bedingungen und Möglichkeiten
773 1259 4008 1444 eines künftigen Weltfriedens das Wort ergreifen wollen, über die
782 1401 3991 1560 Vergangenheit, insbesondere über die Ursachen dieses Krieges nicht
2290 1491 3944 1637 Der Name Poincare, seine Reise xxx
778 1534 2208 1667 mehr gesprochen werden dürfe.
949 1615 3983 1796 Nach der Ruf, der diesen Aufsätzen voranging, erwartete ich in
765 1710 4107 1873 ihnen Gerechtigkeit und Objektivität zu finden, so weit sien Menschen
765 1830 4129 2045 überhaupt möglich ist.
812 1955 4090 2135 Nicht etwa ein wirkliches Begreifen von Deutschlands xxx
769 2066 4038 2234 Wesen (was ja dem Verfasser von "Jean Christoph" immerhin zumutrauen
760 2165 4051 2376 gewesen wäre); nicht etwa den Versuch, sich mit den geographischen
769 2303 4077 2470 politischen, historischen Problemen Deutschlands auseinanderzusetzen;
829 2427 4073 2604 aber doch wenigstens den Versuch, die Verteilung der Schuld an dem
765 2552 4038 2715 Krieg bei sämtlichen beteiligten Völkern und Regierungen gegeneinan-
3025 2629 3592 2801 llung des De¬
765 2677 1461 2836 der abzuwägen.
962 2681 4112 2913 Doch im ganzen Buch A.'s immer wieder Betonung der Schuld D utseh-
769 2861 3991 3106 Lands an diesem Krieg, der Verbrechen Deutschlands an diesen Krieg.
769 2999 3411 3166 Kaum je eine Andeutung einer Schuld auf der Gegenseite.
962 3106 3901 3261 Nur der preussische Militarismus und der "orgeuil germanique"
769 3222 3918 3407 werden als Gründe ernstlich in Betracht gezogen. Sonst kommen nur
773 3334 4103 3514 abstrakte oder begriffliche Elemente in Frage, die mit den einzelnen
769 3458 3978 3613 Ländern als solchen nichts zu tun haben. (Kapitalsmus). Jedenfalls
782 3579 3037 3738 steht R. dem Zerismus in Hussland, der immerhin
3093 3570 4112 3712 mitverantwortlich
782 3652 4240 3867 gemacht wird, ungleich milder gegenüber als dem sogenannten preussischen
2238 3832 3214 3961 Alleton, für den kein
769 3841 1461 4030 Militarismus.
980 3905 4223 4116 Matürlich bemerkt er aus drücklich, dass nur diendeutsche Regierung,
782 4047 4176 4219 also nur tausend oder hundert Deutsche an dem Unglück Schuld seien.
765 4154 4129 4339 Aber diese Regieung habe in Deutschland sogar die Intellektuellen
778 4266 4142 4438 so sehr belogen und so geknebelt, dass sie entweder die Wahrheit nicht
773 4378 4129 4533 erfahren oder sie nicht aussprechen dürften. Würde man versuchen, die-
773 4468 4146 4649 se Verallgemeinerung auf ein der Tatsachen entsprechendes Mass zurück-
769 4618 4189 4782 zuführen, so müsste man der Erwiderung gewärtig sein, dass man eben als
786 4747 4056 4898 Deutscher die Wahrheit nicht kennt, oder sie nicht aussprechen darf.
967 4829 4077 4992 Sehen wir also hievon überhaupt ab. Die Frage ist nur, vieso sieh
2831 4945 3871 5125 absolut nicht?
773 4958 2750 5160 Rolland die Schuld auf der Ententeseite
1349 5151 1572 5306 de la
