4616 5624
2262 488 2476 710 14/1
649 737 1007 963 (Krieg)
2306 671 3404 976 (1916)
602 950 3857 1107 Der Einwand, dass Kriege immer dauern werden, weil die Menschen
663 1042 4141 1286 in berechenbarer Zeit nicht anders werden, ist hinfällig. Man hätte dies
658 1234 3953 1451 selbe Einwendung hinsichtlich der Inquisition, der hex nverbrennung,
663 1395 3975 1591 der Folter machen können, und es ist ganz unzweifelbar, dass die Men-
663 1578 3919 1752 schen, als solche heute um nichts besser sind als sienvor hunderten
724 1726 3949 1887 Jahren waren. Aber nicht dass sie brutal, grausam, neidsisch, rach-
663 1861 4106 2036 süchtig sind ist das Wesentliche. Das Wesentlicht ist, dass sie schwach
667 2044 4132 2227 sind - im Sinne von Beeinflussbarkeit. Nur so ist auch das zu verstehen,
676 2171 3997 2371 was von vielen oberflächlichen Beobachtern als der läuternde Einfluss
663 2362 4054 2506 des Krieges betrachtet zu werden pflegt, nämlich die Fälle von Selbst-
680 2471 4102 2702 aufopferung, Tapferkeit, u.s.w. (hierüber an anderer Stelle). Nicht die
680 2650 3779 2807 Menschen sind zu bessern, s ondern die Organisationen. Bei diesen
684 2803 3910 2981 Organisationen kommt es auch keineswegs auf Solidaritäten oder Ver-
680 2947 4089 3125 brüderungen an, wenigstens nicht in sentimentalen Sinn, sondern nur auf
680 3090 4058 3286 das Ersichtlichmachen desjenigen, was für den Einzelnen praktisch oder
693 3273 4027 3483 gar vorteilhaft ist. Von hier aus ist eine eventuelle Bewegung einzu-
680 3439 1133 3626 leiten.
2389 3400 2611 3565 G.H.F.P.
741 3561 3160 3766 der Krieg als Abstraktum in Einne einer Idee gef.
3635 3565 3923 3744 G.H.F.P.
3212 3565 3535 3901 (1916)
649 3696 1129 3919 (Krieg)
1286 3714 1787 3892 Wahr begibt
1822 3714 2053 3932 sich
2471 3718 2650 3949 G.H.F.P.
3600 3705 4019 3919 iduellen
828 3853 3082 4032 Die Feinde. xxx allerseia
728 3888 4132 4215 1.Die Dognatisten, die den Krieg als Schicksalsnotwendigkeit erklä-
798 4176 2284 4328 ren (Wurzel: Geistesträgheit).
885 4302 4089 4537 2. Die Philosophon (ihr Motto: Krieg, Politik mit anderen Mitteln).
876 4420 3753 4660 3.Unterabteilungen : Schwätzer, Feuilletonisten, Literaten.
972 4625 3491 4773 Wurzel: Oberflächlichkeit, Dummheit, Wichtigtuerei.
876 4751 3949 4960 3. Die Snobs, für die der Krieg als in Wesentlichen reaktionär.
710 4869 4211 5152 etwas Elegantes vorstellt, ähnlich wie das Frommein und das Monarchisten
693 5095 3744 5326 Monarchischsein. Wurzel: Feigheit, Bedürfnis, unterzukriechen.
