4504 5512
3187 439 3917 743 (Januar 1915)
726 460 1106 789 (Krieg)
823 739 3968 929 Man sagt, er ist den schönen Heldentod gestorben, warum sagt man
709 848 3896 1076 nie, er hat eine herrliche Heldenverstümmelung erlitten? Han sagt,
734 1034 4111 1241 er ist für das das Vaterland gefallen. Warum sagt man nie, er hat sich
3694 1182 3850 1342 le.
726 1199 3094 1380 für das Vaterland beide Beine amputieren lassen?
2630 1271 3972 1528 ander X., der Schuster X. der
832 1347 2461 1545 (Die Ethymologie der Machthaber!)
832 1507 4044 1710 Das Wörterbuch des Krieges ist von den Diplomaten und von den Mili-
734 1667 4065 1849 tärs und den Machthabern gemacht. Es sollte von denenrichtiggestellt
747 1781 4137 2035 werden, die aus dem Krieg heimgekehrt sind, von den Witwen, den Waisen,
3440 1933 3858 2128 er betätt
2811 1954 3157 2149 G.C.H.F.P
760 1967 2178 2174 den Aerzten und den Dichtern.
2794 2098 3094 2326 G.H.F.P.P
1629 2263 2693 2465 x* * * _ * * * ^ * *
2106 2402 2723 2609 auflieber Kühn
1300 2402 1646 2626 G.C.H.F.P.H:
764 2440 1131 2634 (Krieg)
2545 2562 3103 2752 mit xxx im Laufe
2229 2592 2419 2697 G.F.P.
764 2613 1963 2786 nicht überschätzen. Jeder
937 2706 4057 2921 Die Verschwörung der Völker gegen die Mächtigen ist ein gelegent-
751 2896 4027 3077 licher Vorgang, die Verschwörung der Mächtigen gegen die Völker der
768 3014 4065 3229 reguläre Zustand der Welt. Auch während des blutigsten Krieges fühlt
768 3179 4027 3407 sich der König, wenn auch manchmal unbewusst, dem andern Könige, mit
777 3314 4048 3537 dem er in Krieg steht, näher und verwandter als seinem Stallmeister,
789 3521 3018 3698 seinem Minister oder selbst seinem Adjutanten.
