4632 5528
1181 193 2122 445 à S. A. Z. A., I. I. S.
2727 311 2988 475 l'un
828 546 1206 698 (Krieg)
3236 479 3892 794 (Januar 1915)
840 832 4118 1202 Viele Feuilletonisten finden, dass die Menschheit nach diesem Kriege
836 1088 3026 1252 irgendwie gereinigt und geläutert sein werde.
1034 1177 3980 1399 Die Gründe für diese Annahme, sind unklar: Keiner der Kriege,
840 1345 4215 1538 die bisher in der Welt geführt worden sind, hat diese Folge gezeitigt.
1046 1547 4047 1723 Die Folge der siegreichen Kriege ist beinahe regelmässig poli-
862 1702 4102 1946 tische Reaktion; die Folge der verlorenen Revolution.- Beide Folgen
840 1883 2837 2013 sind gewissermassen Erschöpfungszustände.
1055 1929 4047 2173 Jedes Ereignis hat natürlich die Macht, in gewissen dazu veran-
840 2164 4085 2320 lagten Menschen grosse, edle Eigenschaften zur Erscheinung zu brin-
866 2290 3816 2522 gen, die sonst keine Entwicklungsmöglichkeit gefunden hätten,
1051 2475 3576 2614 Gleiches gilt aber auch für schlechte Eigenschaften.
1038 2589 4018 2748 Ausserdem müsste man sich über die Betrachtungsweise einigen.
883 2769 4152 2908 Wanches siebt wie Heroismus aus, aber man darf nicht vergessen, das
866 2866 4144 3072 gerade im Kriege sehr häufig Situationen eintreten, in denen Tapfer-
866 3043 3475 3219 keit das sicherste Mittel ist, der Gefahr zu entgehen.
1059 3152 4072 3362 Es ist sehr wohl zu denken, dass derselbe junge Mann, der z.B.
878 3366 3988 3530 bei einem Brandunglück warlose Kinder und Frauen zertritt, um ins
878 3513 3976 3732 Freie zu gelangen, als Offizier seine Truppe mit Todesverachtung
887 3719 1664 3841 zum Sturm führt.
1177 3803 4118 4018 Man muss auch Zeit haben, seine grossen Eigenschaften vorzube-
878 3963 4160 4152 reiten. Wer werden die Geläuterten sein? Die ein Bein verloren haben
870 4114 4139 4316 oder ein Auge? Oder die Eltern, die ein Kind, die Frauen, die ihren
870 4333 4144 4476 Mann verloren haben? Oder für die Leute, die zu Grunde gingen? oder die
878 4450 4186 4640 Leute, die durch Armeelieferungen Millionen verdient haben? Oder die
870 4635 4148 4862 Diplomaten, die den Krieg angezettel haben? Oder die Monarchen, die
