4504 5464
3269 187 3531 403 ,
732 416 1148 674 (Krieg)
3281 374 3972 749 (Oktober 1914)
765 707 3730 919 währen - der letzte ist, den Kulsurvölker miteinander führen.
994 911 3951 1135 Denn Kulturvölker führen ihn, das wollen wir nicht vergessen.
765 1073 4071 1285 Wenn auch auf dem Grund aller dieser Völkerseelen auf den einen mehr,
761 1231 4030 1431 auf dem andern weniger, ein Bodensatz von xxx Harbarei oder zu-
769 1347 4084 1609 mindest von Pöbelei ruht. Wenn auch im - leider nicht genügend fernen
844 1501 4001 1738 Ostsen die Barbarei bis hart an die Stufen des Thrones brandet, ja
778 1647 4001 1892 vielleicht dort grauenhafter valtet als in den sogenannten tieferen
778 1805 3959 2050 Schichten. Und wenn wir auch bei unseren westlichen Nachbarn, noch
790 1975 4096 2212 ehe der Krieg ausbrach und schon in seinen allerersten Anfüngen starr
790 2163 4013 2296 vor Verwunderung und Empörung eine fessellose, ja absichtlich nicht
774 2242 3976 2487 gebändigte von gewissenlosen Regierungsleuten aufgehetzte Menge an
790 2412 4013 2637 wehrlosen Fremden, ja an jahrelangen Gastfreunden sich feig und er-
782 2624 1996 2815 bärmlich vergehen sahen.
3797 2632 3976 2795 G.C.F.P.
1027 2691 4026 2944 Aber es scheint zweifellos, dass daran die Regierungselemente
794 2786 1002 2957 G.H.F.P.P
790 2861 3972 3136 eine viel grössere Schuld trifft, als die Bevölkerung selbst. Eine
782 3028 3992 3236 gewisser Teil der Bevölkerung ist stets unter gewissen Bedingungen
807 3186 4113 3410 bereit, die Elemente der Bestialität, Raubsucht und Tücke frei valten
815 3319 4088 3593 zu lassen, und bei aller verhältnismässigen Gutmütigkeit der Oester-
794 3481 3963 3718 reicher läge es durchaus nicht ausserhalb aller Möglichkeit, auch
807 3589 4084 3855 sie entsprechenden Falls zu Akten der Brutalität und Grausamkeit an-
803 3801 4142 4005 zueifern. Ich halte es für unwahrscheinlich, dass a priori die Wiener
790 3934 4138 4159 Plattenbrüder ein besseres Menschenmaterial darstellen, als die fran-
815 4092 4063 4329 zösischen und belgischen Apachen. Hingegen halte ich es für sicher,
815 4296 4092 4496 dass bei allem, was man sonst gegen die Verwaltung unseres Vaterlan-
807 4392 4113 4654 des auf den Herzen haben mag, in Ernstfall alles getan würde, um die
932 4575 3676 4841 sen Elemente der Volksseele nierzuhalten und einzudämmen.
