4472 5448
3824 169 4032 417 B.S.
2027 156 2756 512 Votre avec
725 369 1107 655 (Krieg)
3403 369 4110 634 (Oktober 1914)
950 729 4127 916 Was aber könnten wir für den Frieden, zum mindesten im Sinne eines
716 872 3871 1089 künftigen X Friedenszustandes schon heute leisten? Heute, da noch
716 1081 3993 1259 überall die Kämpfe toben, da ein Verkehr von Volk zu Volk so gut wie
720 1194 3906 1415 unmöglich scheint, ja, solange selbst ein Versuch, eine solche Ver-
729 1367 4041 1523 ständigung anzubahnen, wie ein unzeitgemässer Ruf nach Versöhnung, ja
716 1489 4062 1719 beinahe wie ein Verrat am eigenen Vaterlande gelten könnte, in dessen
720 1684 3984 1844 Interesse es liegt, die Kampfwut seiner Soldaten nicht auskühlen zu
720 1827 4062 2014 lassen,- das ihr wildes Blut nicht mit dem abgestandenen Wasser senti-
733 1996 4080 2183 mentaler Menschenliebe und Gerechtigkeit darf verdünnen lassen.
751 2131 955 2305 G.C.F.P.
2591 2122 2825 2296 G.H.F.P.
2934 2135 3798 2313 teblich war, weiss
937 2261 4054 2461 Nun lassen wir denen, die hinausgezogen sind, unser
725 2404 4110 2569 Vaterland zu verteidigen, ihren heilsamen und endlen Zorn, den wir mit
733 2517 4032 2756 ihnen teilen und der sich ja immer wieder von selbst weiter entfacht,
729 2734 3962 2912 wenn sie ihre Kameraden an ihrer Seite hinstürzen sehen. Ja, feuern
742 2877 4101 3055 wir selbst, wir Daheimgebliebenen, sie durch Rufe der Bewunderung und
729 3029 3945 3220 der Liebe an. Aber vergessen wir darüber nicht in der Tiefe unserer
729 3212 4062 3368 Seele, dass auch die Feinde, gegen die sie kämpfen, Väternund Mütter,
720 3333 4023 3524 Geschwister und Gattinnen und Kinder, dass sie, alle, ein Vaterland ha-
729 3489 4123 3672 ben, dem sie, beinahe alle, mit dem festen Glauben an die Gerechtigkeit
733 3659 4001 3824 seiner Sache dienen und dass auch diejenigen ihrem Vaterlande dienenn
742 3819 4023 3997 müssen, die an der Gerechtigkeit seiner Sache zweifeln mögen. Denken
746 3962 4067 4132 wir daran, dass unsere Feinde, die Gegner unserer Soldaten, von ihren
742 4101 4071 4271 Regierungen, von ihren Fürsten ins Gefecht geschickt worden, dass sie
720 4179 4214 4453 jedenfalls, ob nun gern oder ungern, verpflichtet, ja gewnungen sind, di
746 4370 4184 4605 Waffen gegen uns zu führen, mit welcher Begeisterung sie sie auch fuhren
733 4570 4075 4761 mögen,- und dass wir daher später, wenn der Krieg einmal zu Ende ist,
1076 4666 4162 4956 ein unserem Gefühl die Bürger eines Landes, das gegen uns in Waffen
742 4909 3051 5113 stand, nicht ihre Taten dürfen vergelten lassen.
