4664 5576
3276 536 3510 709 23)
670 709 1059 960 (Krieg)
661 847 3972 1193 Entscheidung gebracht werden können, das sind also Grenz- (meist nur
661 1111 3933 1344 dynastische Macht-, Handels-und Ehren—(Prestige-1 Fragen, sind stets
661 1236 4080 1496 auch auf einem andern Wege in Ordnung zu bringen. So wird die Friedens-
687 1418 4011 1647 arbeit, historisch gesehen, nichts anderes zu bedeuten haben, als eine
683 1560 4106 1802 weitere Etappe auf dem Weg, den die Demokratie bis zu ihrem endgültigen
687 1742 3981 1971 Sieg über den Absolutismus im weitesten Sinn zu gehen hat. Dies aber
687 1924 4163 2101 scheint mir der Sinn der ganzen Weltgeschichte. Wir sind erst am Anfang.
3225 3099 3903 3294 (Januar 1915)
735 3134 1107 3363 (Krieg)
722 3246 3933 3609 Die Weltgeschichte ist eine Verschwörung der Diplomaten gegen den
726 3467 2010 3683 gesunden Menschenverstand.
2200 4992 2641 5209 kann aber
