4616 5592
691 448 1056 756 (Krieg)
3122 409 3526 717 (Januar
3565 426 3774 739 915)
678 761 3834 1043 Nichts beschlämender für die Nation, für das Volk für den Bürger,
691 891 4048 1196 als die sogenannten Blau - etc. Bücher. Erst, wenn ungeheure Entschei¬
696 1117 4048 1374 dungen getroffen sind, erfahren wird, dass Konversationen, Beraungen
748 1304 4026 1526 zwischen einer ganz geringen Anzahl von nichtigen, müssigen, meinet-
704 1482 4074 1796 wegen selbst bedeutenden, aber doch in jedem Falle fehlbaren Menschen,
700 1713 2143 1869 ausschlaggebend gewesen sind.
717 1782 4134 1991 Später ist dann alles natürlich historische Notwendigkeit gewesen. Aber
713 1904 4000 2122 auch eine historische Notwendigkeit hat ihre individuellen Ursachen,
709 2035 3939 2278 und wir dürfen nicht vergessen, dass es in der Ideenwelt sozusagen
726 2239 4100 2443 keine grossartigeren Karriere gibt, als die des politischen Ereignis-
722 2387 3013 2613 ses, das zur weltgeschichtlichen Tatsache wird.
717 2474 4069 2769 Sie sogenannte historische Notwendigkeit ist auch nichts anderes, als
739 2669 3982 2913 das Kausalitätsgesetz, das für das Kleinste und Grösste in gleicher
735 2856 3921 3074 Weise gilt. Entweder müssen wir alles als unausweichlich, als not-
743 2995 4174 3208 wendig ansehen, oder nichts. Sind wir der Ansicht, dass der Wille eines
730 3174 4087 3391 Einzelnen mächtig genug ist, die Reihe der Notwenigkeiten abzulenken,
739 3317 4121 3521 so haben wir das Recht, diesen Willen überall zu suchen; ebenso im Pri-
748 3465 4239 3691 vatleben des Einzelnen, wie im Laufe der sogenannten weltgeschichtlichen
739 3656 1309 3887 Ereignisse.
