4648 5576
3333 416 3992 754 (Januar 1915)
737 544 1144 788 (Krieg)
942 737 4104 1101 Gewisse Epochen lassen ihre ganze Grauenhaftigkeit besonders
758 1015 4198 1229 darin erkennen, dass innerhalb ihrer zumgrössten Unrecht werden kann,
763 1131 4202 1375 was sonst das erste Gebot aller Sittlichkeit scheint, nämlich: die vor
763 1315 2562 1572 Wahrheit auszusprechen.
968 1444 4027 1684 Epochen, in denen die Wahrheit nich nur gefährlich werden kann
780 1589 4125 1855 für diejenige, die sie aussprechen, sondern auch für die jenigen, die
771 1791 3020 2043 sie hören, sind im Innersten ungesund.
2536 2043 3204 2279 — —  — — —
2155 2090 2476 2300 -- —
788 2168 1050 2326 entreur
3251 2180 4095 2382 )Januar 1915)
3080 2343 3594 2446 vielleicht
822 2309 1217 2515 (Krieg)
827 2356 4241 2664 Heroismus als Gelegenheitstugend; derselbe Mensch, der bei einem plötz-
840 2549 4082 2819 lich ausbrechenden Brand ein Kind zertritt, führt seine Truppen ins
3971 2643 4215 2909 G.H.F.P.
827 2789 1709 2981 feindliche Feuer.
818 2892 3333 3080 Heroismus als Mittel, sich am Leben zu erhalten.
985 3071 2232 3269 Feigheit unter Kontrolle.
861 3397 1247 3615 (Krieg)
1067 3585 4100 3881 Der Staat ist keine Angelegenheit der Diplomatie, sondern der
870 3765 4198 4027 Bürgerschaft; insbesondere aber darf er nicht die Angelegenheit einer
878 3941 4279 4211 Diplomatie sein, die seit Jahrhunderten, gewissermassen durch Insucht,
865 4104 4147 4357 degeneriert ist. So kommt es, dass jeder Staat, Republiken genau so
895 4237 4202 4524 gut, wie Monarchien, absolut regiert werden, in dem Sinn, dass das
874 4378 4219 4691 Schicksal der Länder stets nur von Einzelnen gemacht wird und dass
887 4494 4301 4853 die Volksstimmen, wenn sie sich auch manchmal das Gegenteil einbildet,
891 4712 4224 4956 oder wenn man ihr das Gegenteil vorspiegelt, jeder wirklichen Bedeu-
895 4948 1654 5188 tung entbehrt.
