4472 5464
3443 431 3678 585 61)
713 436 1098 666 (Krieg)
3221 483 3930 765 (Oktober 1914)
893 726 3989 965 An etwas zu denken und sich zurecht zu legen, wie man sich dazu
709 914 4083 1093 verhalten möchte, wenn man weiss, dass es unausbleiblich, ist zu keiner
692 1038 4122 1286 Zeit verfrüht, wie man denn auch an den Tod in gewissem Sinn niemals zu
705 1230 1602 1461 früh denken kann.
705 1354 4015 1568 Daher soll man für den Frieden so gut gerüstet sein wie für dein
692 1516 3951 1743 Krieg. Es ist vielleicht ebenso schwer, ihn in der richtigen Weise,
713 1687 3033 1901 in der gleichen würdigen Haltung zu empfangen.
722 1798 3930 2033 ###Lassen wir uns daher durch die Bitterkeit, den Hans, die Unge-
709 1995 4019 2170 rechtigkeit (auch diese letztere ist wohl begründet - und in der see-
709 2127 4006 2345 lischen Oekonomie des Kriesgwesens nicht zu vermissen) womit die Geg-
700 2302 3930 2473 ner einande r jetzt gegenilberstehen, nicht verwirren. Aus tausend-
718 2456 4036 2627 jähriger Erfahrung weiss die Menschheit, dass es zwischen den Völkern
718 2605 4024 2802 keinen evigen Hass gibt, à ja, dass er sich endlich beruhigt,
700 2712 3989 2926 nicht nur, wenn die Rache erfüllt, sondern auch, wen sie misslungen
709 2909 978 3131 ist.
906 3088 4024 3242 Und wenn wir selbst es nicht mehr erleben sollten, dass die Lei-
705 3233 4019 3387 denschaften sich beruhigen, denken wir unserer Söhne, unserer Enkel,
718 3323 4088 3537 für die vir den Krieg führen, denen wir den Frieden zu schaffen haben.
718 3520 4122 3716 Und so sei es schon heute erlaubt, einiges auszusprechen auf die Gefahr
705 3643 4011 3857 hin, dass es im Lärm der Schlachten verhallt, das es auch von denen
718 3844 4092 4019 nicht vernommen, daß es abgelehnt, dass es belächelt wird, von denen,
718 3981 3780 4182 die zuhause geblieben, nur das drohende Echo der Kanonen hören.
927 4109 3930 4305 Denn Ich sage es gleich. Wenn ich von einem künftigen Frieden
739 4258 4096 4468 spreche, so weiss ich so gut vie irgend einer, dass der Krieg, den wir
700 4412 3776 4651 heute führen, ein unvermeidlicher, nicht nur ein aufgezwungener
700 4570 3972 4814 Ja, mehr als das, ich habe niemals geglaubt, dass das Zeitalter des
722 4733 3968 4929 ewigen x Friedens gekommen ist und glaube nicht einmal, dass dieser
709 4903 3823 5177 unsgeheuere Krieg - und sollte er sieben oder gar dreissig Jahre
