4616 5544
3440 540 3639 739 36)
751 363 1119 870 (Krtes)
3221 621 3795 844 (März 1916)
739 772 4074 1005 Nehmen wir der Einfachheit halber an, in allen diesen Fällen väre von
751 946 3858 1148 deutscher Seite Unrecht geschehen,- hat je ein Deutsche von den
760 1017 4044 1249 französischen Intellektuellen verlangt, dass sier gegen Englands Völ
760 1182 3867 1372 kerrechtsverletzungen, dass sie gegen den Treubruch Italiens, usu
764 1300 3968 1465 Proteste erheben sollen? Rolland macht sich lustig über Hauptmanns
772 1397 4090 1596 Erwiderung, dass ihm das Leben eines deutschen Soldaten wichtiger sei
777 1486 4014 1710 als alle möglichen Kunstschätze Frankreichs und Belgiens. R. spricht
3850 1608 4031 1748 ein-
777 1646 3867 1815 wohl von der Zerstörung Lövens, aber kein Wort davon, dass die
3846 1693 4044 1790 G.H.F.P
789 1769 3879 1946 ziehenden deutschen Truppen von den Fenstern aus und aus Keller-
781 1878 3884 2039 löchern zu Hunderten niedergemacht worden sind. Lauter Lügen der
3132 2018 3326 2149 G.C.F.P.
789 2056 2225 2199 deutschen Regierung?
1705 2132 2106 2296 verwischt
1988 2258 2229 2368 G.C.F.P.
1102 2246 4128 2495 In dem Artikel "Fangermanismus oder Panslavismus" lehnt R.beide
772 2381 4031 2617 ab, findet aber doch den letzteren vorzuziehen. Seine Beweise? Dass
781 2385 1043 2524 Welche
853 2503 3917 2702 Russland einen Tolstoi und Dostojewski gehabt habe, Deutschland
751 2596 4145 2858 seit Wagner und Nutzsche niemanden, der jenen an die Seite zu setzen
823 2740 4082 2959 sei. Zugegeben.- Von der Musik sagt er, dass Deutschland nur Wagner-
819 2854 4044 3039 epigonen habe, des "virtuoses exasperés comme Richard Strauss". Es
819 2959 4187 3162 stecke mehr Zukunft und wahre Orginalität in einer Seite von Moursorg
832 3077 3854 3305 ky und Strawinsky als in allen Partituren von Mahler und Reger.
1089 3191 4196 3394 Holland bringt den Brief eines Balten, der lieber und russischer
772 3305 4069 3516 als unter deutscher Herrschaft leben möchte. Ohne weiteres zugegeben
823 3394 4204 3630 Wo aber sind die Hunderte von - meineswegen ungeschriebenen - Briefen
832 3546 4128 3736 von Juden, die lieber unter deutscher und österreichischer als unter
844 3647 4217 3867 russischer Herrschaft leben möchten? Mit unbegreiflicher Zartheit geht
806 3770 4145 3968 Rolland über die Programs hinweg, die er gewiss ebenso verurteilt wie
3449 3947 3630 4052 G.C.H.F.P.
1883 3951 2267 4086 a Meinem
844 3972 1439 4128 wir alle.
1195 3989 4154 4225 Er tritt für die kleinen Staaten ein, die von Oestereich und
848 4095 4234 4344 Deutschland so sehr vergewaltigt we den. Er stellt die Forderung, dass
861 4225 4158 4475 die kleinen Staaten und die strittigen Provinzen über ihre Zugehörig-
853 4377 4242 4555 keit selbst zu entscheiden haben. So die Schlesweig-Holstein, Elsass-
857 4458 4179 4681 Lothringen, die Juden. Ein Vor-chlag von solcher Tragweite müsste in
836 4605 4158 4787 seiner politischen Durchführbarkeit zum mindesten angedeutet werden.
1017 4694 4187 4914 men wir den Fall Elsass-Lothringen. Eine Abstimmung würde etwa er-
848 4833 4217 5049 geben, sagen wir 60% für Frankreich, 40t für Deutschland. Sollen sich
3217 4998 3499 5146 gut vi
2588 4990 3166 5179 dem Krieg so
1600 4998 2512 5179 Wieder die Schuld ex
844 5028 1051 5209 die
