4296 5368
667 296 1071 650 (Krieg)
2983 346 3725 633 (Dezember 1914)
829 604 3525 812 Die wichtigste Lehre dieses Krieges: Der vollkommene Zu
675 746 3916 954 bruch aller nationalen und religiösen Gegensätze, insofern sie eine
3387 875 3708 1071 verlehte
675 929 2546 1125 Kriegsursache bedeuten wollen.
946 1054 3975 1267 Ein Spiel von Mächten, das ist das Wesentliche. Der vollkommene
2837 1233 3558 1412 ung. dass sie I
675 1250 1983 1437 Sieg des Absolutismus.
2191 1233 2375 1400 G.C.F.P
892 1371 4029 1600 Es zeigt sich, dass sowohl z.B.die Rumänen als Italiener ebenso
679 1487 3916 1708 im Sinne Deutschlands als im Sinne seiner Feinde eingreifen könnten
675 1666 3895 1887 oder hätten eingreifen können, dass es immer nur das Belieben, die
700 1846 3887 2033 Laune, allerbestenfalls die Ueberzeugung, eines Einselnen, dem die
671 2000 4012 2179 Macht gegeben war, gewesen ist, die die Entscheidungen über die Stel-
687 2125 4000 2316 lungnahme der Völker herbeiführte. Auch die Republiken werden absolut
687 2296 3658 2487 regiert. Es wird sich darum handeln, das unmöglich zu machen,
1008 2454 3887 2641 Die alte Forderung; das Volk hat über Krieg und Frieden zu
2283 2625 2466 2783 elx
662 2625 1329 2875 entscheiden.
1429 2612 2221 2829 au erklären, das
1058 2775 2450 2962 Scheinbare Unmöglichkeit.
2491 2762 2925 2937 G.C.H.F.D.
629 2850 783 3016 G.H.
1021 2921 2425 3137 Aber wirklich nur scheinbar.
1037 3079 3654 3258 Verteidigungskrieg ist natürlich nicht aus der Welt zu
679 3258 1221 3491 schaffen.
1037 3379 2746 3566 Der Angriffskrieg ist der primäre.
1054 3450 3995 3712 Schwierigkeit der Bezeichnung, z.B. in diesem Fall: Nicht der,
725 3704 2912 3850 den Krieg Erklärende führt den Angriffskrieg.
1050 3791 3954 4004 Die Feinde werden das immer wieder behaupten. Wer also hätte
704 3987 1508 4183 zu entscheiden?
1000 4112 3012 4312 Schiedsgerichte haben sich nicht bewährt.
1004 4275 3200 4475 Sie waren auf verlogener Grundlage aufgebaut.
1000 4379 3887 4612 Sie dürfen nicht nur von Diplomaten gebildet werden. So wie
729 4566 3679 4775 das Volk sein Parlament wählt müssen die Völker ihre Schiedsge
725 4766 1129 4991 wählen.
