4632 5608
3485 569 3686 783 22)
762 788 1113 1028 (Krieg)
749 839 4020 1272 So wie das Weite bestehen der religiösen Dogmen aller Konfessionen
758 1045 4054 1426 und die fortdauernde, offizielle Herrschaft der Kirchen den Forscher
766 1229 3947 1571 nicht hindern wird, auf naturwissenschaftlichem Gebiet weiter zu
766 1361 4012 1734 arbeiten, auch wenn er immer wieder zu Resultaten kommt, die jenen
805 1528 3943 1897 Dogmen widersprechen und er keineswegs seine Zeit damit verlieren
831 1670 4136 2029 darf, einen speziellen Kampf gegen alle jene Dogmen zu führen, die zu
809 1824 4140 2196 ihrer Zeit aus der Welt verschwinden werden, wie sämtliche Dogmen aus
831 2008 4084 2325 der Welt verschwunden sind, und durch neue abgelöst wurden 4- ebenso
848 2094 4114 2500 darf die Männer, die auf dem Weltfrieden, ja auf den ewigen Frieden,
856 2273 4067 2629 besser gesagt auf das Unmöglichwerden der Kriege hinarbeiten, die
873 2372 4204 2804 Herrschaft des Kriegsdogmas an ihrer Arbeit nicht hindern. Dies Dogma
886 2607 4183 2941 lautet: Der Krieg ist eine Schicksalsnotwendigkeit; er ist in der Or-
899 2753 4208 3087 ganisation der menschlichen Natur begründet. Dieses Dogma ist falsch.
908 2890 4153 3267 Der Krieg ist nicht in der menschlichen Natur begründet, sondern im
920 2997 4204 3429 Wesen der Staatenbildung und in dem Verhältnis der einzelnen Staaten
925 3237 4183 3583 zu einander. Das Individuum als solches will niemals den Kriegs-Jju-
925 3374 4217 3738 mindest nicht in dem Si-nn, dass hiedurch Neuordnungen in der staat-
946 3481 4393 3879 lichen Organisation der Welt herbeigeführt werden xxx - ausser denjenigen,
968 3630 4328 4016 für die der Krieg eine Gelegenheit ist, ihrer persönlichen Abenteurer-
963 3823 4341 4183 lust, Ihrem Ehrgeiz, ihrer Habsucht Befriedigung zu verschaffen und in
976 3990 4183 4337 deren Interesse es liegt, bewusst oder unbewussst, mit ihrer oder
989 4144 4358 4517 gegen ihre eigene Ueberzeugung, das Dogma von der Schicksalsnotwendig.
1006 4294 4375 4662 keit der Kriege aufrechtzuerhalten. Die ganze Arbeit der Friedensfreun-
993 4448 4208 4816 de muss dahin gehen, den Einfluss dieser Leute zu brechen, was bei
1015 4607 4307 4958 ihrer Minderzahl keineswegs aussichtlos erscheint. Der Krieg, selbst
1045 4714 4375 5120 wenn er mit einem Siege endet, liegt stets nur im Interesse einer ver-
1045 4906 4277 5279 schwindenden xxx. Alle Fragen, die angeblich nur kriegerisch
