4632 5608
3362 622 4019 858 (März 1916)
751 630 1132 888 (Krieg)
3126 673 3328 879 V.
1981 763 3603 1004 ein halber an, in allen diesen Fällen
986 849 3890 1141 Im ganzen Buch ist von dem Anteil, den die französischen Re-
768 1042 3924 1244 vancheschreier an dem Ausbruch dieses Krieges haben, von dem Ver-
776 1188 4087 1342 schwörertreiben in Serbien, von der Ermordung des Erzherzogs, von den
763 1291 4036 1505 Machinationen Englands, von den englischen Parlamentsreden gegen die
776 1402 4006 1587 deutsche Flotte, von der Mobilisation Russlands in den letzten Juli-
781 1523 3967 1711 tagen mit keinem Wort die Rede. Der Name Poincaré, seine Reise zum
763 1643 4006 1836 Zaren, die Milliardenanleihe wird nicht erwähnt. Von Algeciras kein
793 1728 4134 1917 Wort, von der Einkreisungspolitik König Eduards ebensovenig. Immer nur
776 1853 4130 2029 der preussiche Militarismus, der deutsche Grössenwahn und die deutsche
763 1951 4027 2213 Kriegslust. Von einem "orgueuil français" der historisch etwa so be-
776 2076 3997 2286 weisbar wäre wie der germanische, von der französischen Eroberungs-
781 2187 4104 2389 lust, die in Ludwig XIV. und in Napolson Vertreter hat, die weit über
789 2299 3967 2513 das Mass aller preussischer Kriegshelden hinausgehen, ist nirgends
793 2410 4121 2659 die Rede. Von der Expansionslust Russlands (Konstantinopel etc.) kein
811 2608 1707 2788 Wort.
1025 2638 4057 2839 Lieber keine Gegengründe gegen die Beurteilung des Deutschtuns
806 2753 4113 2998 und Preussentuma von Rollands Seite, sondern Anführung aller histori-
806 2873 3997 3114 schen und politischen Tatsachen, die er verschweigt, obwohl sie in
2535 3024 2878 3157 alitat i
802 3049 2093 3242 den Zusammenhang gehören.
995 3079 4087 3328 Was weiss er an Deutschland zu loben? Dass es einige wenige In-
806 3204 4117 3452 tellektuelle gibt, die gegen das Gouvernement im Besonderen und gegene
815 3371 4091 3568 den Krieg im Allgemeinen ihre Stimme erhoben haben. Im Ganzen hätten
811 3448 4104 3675 sie versagt, wäreh Wortführer des preussischen Militarismus xxx
811 3568 3967 3791 geworden. Er zitiert immer wieder den Artikel von Thomas Mann aus
828 3667 4091 3907 der N.R. "Gedanken im Kriege", Ich denke nicht daran, ihn zu recht-
819 3791 4190 4006 fertigen, aber er ist ein Feuilleton, für den keineswegs das intellek-
841 3920 4237 4134 tuelle Deutschland verantwortlich gemacht werden darf. Wieviele Artikel
828 4070 4199 4254 solcher Art sind wohl in dieser Zeit in Frankreich geschrieben worden,
823 4147 4216 4379 für den herrlichen Krieg zur Befreiung des geknechteten Elsass-Lothrin
1454 4345 2097 4486 Staaten und d
823 4366 1317 4516 gen -!
1081 4362 4036 4606 Er zitiert ferner Ostwald, der in einem Artikeldie preussiche
836 4499 3967 4705 Organisationskraft wohl etwas übertrieben feiert, ohne dass durch
836 4619 3997 4829 diesen Artikel die Behauptung gerechtfertigt erschiene, Ostwald ver-
836 4743 3864 4975 kündige für die Zukunft eine Hegemonie Deutschlands in Europa.
982 4833 4074 5091 Rolland verurteilt die deutschen Intellektuellen, dass sie nicht
858 4996 4117 5202 gegen die Neutralitätsverletzung Belgiens, gegen die Zerstörung von
819 5074 4263 5331 Löven, gegen die Beschiessung der Reimser Kathedrale protestiert haben.
