4664 5704
673 748 1057 1053 (Krieg)
3096 735 3661 1045 (März 1916)
1392 1028 2240 1266 s (Der Krieg, die
664 1174 3991 1392 Auseinandersetzungen oder Kämpfe mit den Gegnern dieser Weltfriedens-
677 1295 3815 1575 idee verwendet werden müssen, und daher müssten die Gründe dieser
689 1483 3828 1722 Gegener, ihre Listen und Ausreden, Ihre Gutgläubigkeiten und ihrer
677 1613 3878 1851 Phrasen noch vor Beginn einer positiven Arbeit endgültig widerlegt
702 1789 4016 2023 werden. Es ist ohneweiteres verständlich, dass die Freunde des Welt-
681 1989 3949 2165 friedens nicht ruhig an ihr Werk schreiten können, so lange es nicht
777 2140 3811 2315 nur Leute gibt, die den Krieg als etwas in der Weltordnung Be-
698 2307 3853 2491 gründetes, als etwas niemals aus der Welt zu Schaffendes, sondern
694 2424 3978 2608 sogar solche, die ihn als etwas Hohes, Schönes, der Entwicklung der
1784 2549 1951 2637 G.C.F.P
698 2566 3874 2804 Menschheit im Ganzen Förderliches angehen und preisen. Diese Leute
702 2712 4012 2917 müssten so vollkommen und so für alle Zeit zur Ruhe verwiesen werden.
715 2875 3936 3138 wie etwa Wahsinnige, welche die Pest als in der Welter nung Begrün-
710 3046 4053 3239 detes, der Menschheit im allgemeinen Förderliches betrachten und sich
710 3167 3974 3397 daher weigern würden, an der Sanierung pestverseuchter Gegenden mit-
706 3310 4037 3548 zuarbeiten, Pestkulturen auszurotten - oder die gar aus einer perver-
727 3514 4083 3711 sen ästhetischen Freude Pestbasillen in die Welt versenden würden. Die
723 3648 4032 3899 ser Vergleich scheint übertrieben und irgendwie verletztend zu sein.
715 3836 4016 4016 Dass es so empfunden werden kann, ist nur ein neuer Beweis dafür,
727 3982 3874 4212 dass der Phras von der Herrlichkeit und der läuternden Kraft des
727 4124 3631 4333 Krieges noch immer eine gewisse dogmatische Kraft innewohnt.
1007 4258 3995 4496 Damit diese Organisation ins Leben treten könne ist es notwen-
727 4413 4058 4676 dig, die Feinde der Friedensidee nicht nur zu bekämpfe, sondern vor
786 4597 2984 4818 allem sie kennen zu lernen. Diese Feinde sind
995 4730 4095 5010 1. Die Philosolphen des Kriegs (Krieg ist Politik mit anderen Mit-
1074 4948 1417 5106 teln)
999 4969 4099 5299 2. xxx Quietisten. (Es war immer so, mss daher immer, so bleiben
