4632 5592
3060 519 3270 713 1.
793 705 1194 954 (Krieg)
3203 734 3958 992 (März 1916)
3714 924 3903 1025 G.F.P.
789 971 4081 1186 lich auf Deutschland auf Preussen, auf die deutsche und preussische
789 1165 4022 1296 Regierung gewälzt wird. Der Herausgeber einer grossen französischen
776 1266 4152 1443 Zeitung stellt ihm sein Blatt zur Erwiderung zur Verfügung. R. schreibt
802 1380 4017 1528 diese Erwiderung "à ceux qui n'accusent," und beansprucht für sich
793 1502 4055 1654 nichts weiter als das Recht, auch über Angehörige feindlicher Völker
806 1620 4060 1777 Gutes sagen zu dürfen, bekennt sich übrigens bei allen Weltbürgertum
806 1705 4199 1874 als Franzo###e, einer, der seiner Nation den Sieg wünscht und Prophezeit.
806 1874 4203 2009 Auch diese bescheidene Erwiderung wurde niemals gedruckt. (Man bekenke,
814 1950 4106 2123 was doch immerhin zu gleicher Zeit in Deutschland erscheinen durfte.)
857 2068 3836 2211 Trotzdem findet R.nicht ein Wort gegen den Chauvinismus seiner
793 2178 3916 2351 Landleute und der Gedanke kommt ihm gar nicht, dass man auch das
823 2308 4102 2519 Vorgehen gegen ihn wohl zu den Versuchen rechnen dürfte, den Bölkern
802 2418 3541 2608 die Wahrheit zu verschweigen und sie mundtet zu machen.
