<?xml version="1.0" encoding="UTF-8" standalone="yes"?>
<PcGts xmlns="http://schema.primaresearch.org/PAGE/gts/pagecontent/2013-07-15" xmlns:xsi="http://www.w3.org/2001/XMLSchema-instance" xsi:schemaLocation="http://schema.primaresearch.org/PAGE/gts/pagecontent/2013-07-15 http://schema.primaresearch.org/PAGE/gts/pagecontent/2013-07-15/pagecontent.xsd">
    <Metadata>
        <Creator>prov=READ-COOP:name=TrHtr:version=2.1.0:model_id=51170:date=15_08_2023_03:08</Creator>
        <Created>2023-05-10T15:08:34.080+02:00</Created>
        <LastChange>2023-08-15T03:08:51.117+02:00</LastChange>
        <TranskribusMetadata docId="1428807" pageId="55430713" pageNr="24" tsid="132838152" status="IN_PROGRESS" userId="64420" imgUrl="https://files.transkribus.eu/Get?id=PPEMYBFIDKIYUCEZKQNNBVOF&amp;fileType=view" xmlUrl="https://files.transkribus.eu/Get?id=VAVPUXZLXCQKGNROSXUCTKZG" imageId="44704785"/>
    </Metadata>
    <Page imageFilename="1428807_0024.jpg" imageWidth="4648" imageHeight="5560">
        <ReadingOrder>
            <OrderedGroup id="ro_1711804692885" caption="Regions reading order">
                <RegionRefIndexed index="0" regionRef="tr_1"/>
                <RegionRefIndexed index="1" regionRef="tr_2"/>
            </OrderedGroup>
        </ReadingOrder>
        <TextRegion id="tr_1" custom="readingOrder {index:0;}">
            <Coords points="751,403 4277,403 4277,2527 751,2527"/>
            <TextLine id="tr_1_tl_1" custom="readingOrder {index:0;}">
                <Coords points="3617,494 3643,490 3669,516 3678,511 3695,520 3703,511 3759,554 3794,546 3776,369 3746,369 3708,344 3665,374 3626,357 3600,357"/>
                <Baseline points="3633,453 3722,459 3794,471"/>
                <TextEquiv>
                    <Unicode>21)</Unicode>
                </TextEquiv>
            </TextLine>
            <TextLine id="tr_1_tl_2" custom="readingOrder {index:1;}">
                <Coords points="730,589 756,580 799,606 919,580 941,601 988,593 1018,614 1121,580 1117,412 1035,412 924,361 855,425 812,395 726,425"/>
                <Baseline points="751,513 841,513 930,513 1020,513 1109,524 1133,519"/>
                <TextEquiv>
                    <Unicode>(Krieg)</Unicode>
                </TextEquiv>
            </TextLine>
            <TextLine id="tr_1_tl_3" custom="readingOrder {index:2;}">
                <Coords points="739,851 3729,833 4008,795 4013,687 2999,593 2745,726 2354,623 739,773"/>
                <Baseline points="763,835 799,829 888,817 978,817 1067,817 1157,817 1246,817 1336,811 1425,811 1515,805 1604,805 1694,805 1783,805 1873,799 1962,793 2052,793 2141,793 2231,793 2320,793 2410,787 2499,787 2589,781 2678,781 2768,781 2857,781 2947,781 3036,775 3126,775 3215,769 3304,769 3394,769 3483,769 3573,763 3662,757 3752,757 3841,757 3931,751 4020,751"/>
                <TextEquiv>
                    <Unicode>Das solidaritätsgefühl der Machthaber, auch wenn sie miteinander</Unicode>
                </TextEquiv>
            </TextLine>
            <TextLine id="tr_1_tl_4" custom="readingOrder {index:3;}">
                <Coords points="773,992 3437,1023 4133,975 4137,829 778,872"/>
                <Baseline points="799,978 835,978 924,972 1014,972 1103,972 1193,972 1282,966 1372,966 1461,966 1551,966 1640,960 1730,960 1819,960 1909,954 1998,954 2087,948 2177,948 2266,948 2356,942 2445,942 2535,936 2624,942 2714,936 2803,942 2893,936 2982,930 3072,930 3161,924 3251,924 3340,924 3430,924 3519,918 3609,918 3698,912 3788,912 3877,912 3967,906 4056,906 4146,912"/>
                <TextEquiv>
                    <Unicode>im Criege stehen, wurzelt tiefer als das solidaritätsgefühl der Völker</Unicode>
                </TextEquiv>
            </TextLine>
            <TextLine id="tr_1_tl_5" custom="readingOrder {index:4;}">
                <Coords points="769,1190 3806,1139 3721,988 773,1061"/>
                <Baseline points="799,1133 865,1133 954,1127 1043,1127 1133,1127 1222,1121 1312,1115 1401,1115 1491,1121 1580,1115 1670,1115 1759,1115 1849,1109 1938,1109 2028,1103 2117,1103 2207,1103 2296,1103 2386,1103 2475,1097 2565,1091 2654,1091 2744,1091 2833,1091 2923,1085 3012,1091 3102,1085 3191,1079 3281,1079 3370,1079 3460,1073 3549,1073 3639,1073 3728,1073 3818,1073"/>
                <TextEquiv>
                    <Unicode>untereinander, selbst wenn sie im Frieden unterein ander leben.</Unicode>
                </TextEquiv>
            </TextLine>
            <TextLine id="tr_1_tl_6" custom="readingOrder {index:5;}">
                <Coords points="902,1323 3888,1319 4124,1297 4129,1139 907,1186"/>
                <Baseline points="924,1288 1008,1282 1097,1276 1187,1276 1276,1270 1366,1270 1455,1270 1545,1270 1634,1264 1724,1264 1813,1264 1903,1264 1992,1258 2082,1258 2171,1258 2260,1258 2350,1258 2439,1252 2529,1252 2618,1252 2708,1246 2797,1246 2887,1246 2976,1246 3066,1240 3155,1240 3245,1234 3334,1234 3424,1228 3513,1228 3603,1228 3692,1228 3782,1222 3871,1222 3961,1222 4050,1222 4140,1222"/>
                <TextEquiv>
                    <Unicode>Der Absolutismus isttradition, ist uralt, wie die Weltgeschichte.</Unicode>
                </TextEquiv>
            </TextLine>
            <TextLine id="tr_1_tl_7" custom="readingOrder {index:6;}">
                <Coords points="816,1491 4069,1487 4262,1452 4266,1302 821,1349"/>
                <Baseline points="841,1449 876,1443 966,1437 1055,1437 1145,1437 1234,1431 1324,1425 1413,1425 1503,1425 1592,1425 1682,1425 1771,1425 1861,1425 1950,1419 2040,1413 2129,1413 2219,1413 2308,1413 2398,1413 2487,1407 2577,1407 2666,1407 2756,1401 2845,1401 2935,1401 3024,1401 3114,1401 3203,1395 3293,1390 3382,1390 3472,1384 3561,1384 3650,1384 3740,1378 3829,1378 3919,1378 4008,1378 4098,1372 4187,1372 4277,1366"/>
                <TextEquiv>
                    <Unicode>Ja, man könnte sagen, er ist eine Idee, eine angeborene Idee und in den</Unicode>
                </TextEquiv>
            </TextLine>
            <TextLine id="tr_1_tl_8" custom="readingOrder {index:7;}">
                <Coords points="778,1658 3961,1577 3961,1444 3617,1413 782,1495"/>
                <Baseline points="805,1592 841,1586 930,1586 1020,1586 1109,1586 1199,1580 1288,1580 1378,1580 1467,1580 1557,1574 1646,1574 1736,1574 1825,1568 1914,1568 2004,1568 2093,1563 2183,1563 2272,1563 2362,1563 2451,1557 2541,1557 2630,1557 2720,1557 2809,1557 2899,1551 2988,1557 3078,1557 3167,1551 3257,1545 3346,1545 3436,1545 3525,1539 3615,1539 3704,1533 3794,1533 3883,1533 3973,1533"/>
                <TextEquiv>
                    <Unicode>echtesten Instinkten der Menschheit begründet. (A priori ist jeder</Unicode>
                </TextEquiv>
            </TextLine>
            <TextLine id="tr_1_tl_9" custom="readingOrder {index:8;}">
                <Coords points="778,1787 4064,1714 3918,1577 782,1654"/>
                <Baseline points="805,1747 853,1741 942,1736 1032,1736 1121,1736 1211,1736 1300,1736 1390,1736 1479,1730 1568,1730 1658,1730 1747,1730 1837,1730 1926,1730 2016,1724 2105,1724 2195,1718 2284,1718 2374,1718 2463,1718 2553,1712 2642,1712 2732,1712 2821,1712 2911,1706 3000,1706 3090,1706 3179,1700 3269,1700 3358,1700 3448,1694 3537,1694 3627,1694 3716,1688 3806,1688 3895,1682 3985,1682 4074,1682"/>
                <TextEquiv>
                    <Unicode>Mensch Absolutist in eigener Sache, schon indem er Egoist ist und es</Unicode>
                </TextEquiv>
            </TextLine>
            <TextLine id="tr_1_tl_10" custom="readingOrder {index:9;}">
                <Coords points="795,1938 4017,1916 4021,1701 799,1826"/>
                <Baseline points="817,1897 900,1897 990,1891 1079,1891 1169,1891 1258,1891 1348,1891 1437,1885 1527,1885 1616,1885 1706,1879 1795,1879 1885,1879 1974,1873 2064,1879 2153,1873 2243,1873 2332,1873 2422,1867 2511,1867 2601,1867 2690,1867 2780,1861 2869,1855 2958,1855 3048,1855 3137,1855 3227,1849 3316,1849 3406,1843 3495,1843 3585,1843 3674,1843 3764,1843 3853,1837 3943,1837 4032,1843"/>
                <TextEquiv>
                    <Unicode>sein muss). Wenn irgendwo Menschen aber diese Idee des Absolutismus</Unicode>
                </TextEquiv>
            </TextLine>
            <TextLine id="tr_1_tl_11" custom="readingOrder {index:10;}">
                <Coords points="795,2109 3953,2054 4112,2028 4116,1908 795,1976"/>
                <Baseline points="817,2052 900,2046 990,2046 1079,2046 1169,2046 1258,2046 1348,2046 1437,2040 1527,2040 1616,2034 1706,2034 1795,2034 1885,2034 1974,2034 2064,2028 2153,2028 2243,2028 2332,2022 2422,2022 2511,2022 2601,2016 2690,2022 2780,2016 2869,2016 2958,2016 3048,2016 3137,2010 3227,2004 3316,2004 3406,1998 3495,2004 3585,1998 3674,1992 3764,1992 3853,1992 3943,1992 4032,1992 4122,1986"/>
                <TextEquiv>
                    <Unicode>verkörpern, ja personifizieren, wie es Könige, ebenso wie Präsidenten</Unicode>
                </TextEquiv>
            </TextLine>
            <TextLine id="tr_1_tl_12" custom="readingOrder {index:11;}">
                <Coords points="773,2264 3802,2243 3948,2208 3953,2049 773,2122"/>
                <Baseline points="799,2207 829,2201 918,2201 1008,2207 1097,2207 1187,2201 1276,2201 1366,2195 1455,2195 1545,2189 1634,2189 1724,2189 1813,2189 1903,2189 1992,2189 2082,2183 2171,2183 2260,2183 2350,2177 2439,2177 2529,2177 2618,2171 2708,2171 2797,2171 2887,2171 2976,2165 3066,2165 3155,2159 3245,2159 3334,2159 3424,2153 3513,2153 3603,2153 3692,2147 3782,2147 3871,2147 3961,2153"/>
                <TextEquiv>
                    <Unicode>und... (unleserlich) tun, so reichen sie sich über Jahrhunderte</Unicode>
                </TextEquiv>
            </TextLine>
            <TextLine id="tr_1_tl_13" custom="readingOrder {index:12;}">
                <Coords points="795,2402 2298,2346 2556,2436 2904,2406 2909,2268 2294,2281 2118,2195 795,2268"/>
                <Baseline points="817,2362 859,2356 948,2356 1038,2356 1127,2350 1216,2350 1306,2350 1395,2344 1485,2344 1574,2344 1664,2344 1753,2344 1843,2344 1932,2338 2022,2338 2111,2338 2201,2332 2290,2332 2380,2332 2469,2326 2559,2332 2648,2326 2738,2326 2827,2326 2917,2326"/>
                <TextEquiv>
                    <Unicode>und über Landesgrenzen brüderlich die Hände.</Unicode>
                </TextEquiv>
            </TextLine>
            <TextLine id="tr_1_tl_14" custom="readingOrder {index:13;}">
                <Coords points="937,2573 3819,2513 3991,2492 3996,2367 937,2449"/>
                <Baseline points="960,2517 966,2517 1055,2511 1145,2505 1234,2505 1324,2499 1413,2499 1503,2499 1592,2499 1682,2499 1771,2493 1861,2493 1950,2493 2040,2493 2129,2487 2219,2487 2308,2493 2398,2487 2487,2487 2577,2487 2666,2481 2756,2481 2845,2481 2935,2481 3024,2481 3114,2475 3203,2469 3293,2463 3382,2463 3472,2463 3561,2463 3650,2457 3740,2457 3829,2457 3919,2451 4008,2451"/>
                <TextEquiv>
                    <Unicode>Die demoktratische Idee dagegen ist jung, nicht älter als der</Unicode>
                </TextEquiv>
            </TextLine>
        </TextRegion>
        <TextRegion id="tr_2" custom="readingOrder {index:1;}">
            <Coords points="799,2551 4223,2551 4223,4997 799,4997"/>
            <TextLine id="tr_2_tl_1" custom="readingOrder {index:0;}">
                <Coords points="795,2711 3738,2698 4193,2655 4193,2530 795,2548"/>
                <Baseline points="817,2666 894,2660 984,2660 1073,2660 1163,2660 1252,2660 1342,2654 1431,2654 1521,2654 1610,2654 1700,2654 1789,2648 1879,2648 1968,2648 2058,2648 2147,2642 2237,2642 2326,2642 2416,2642 2505,2636 2595,2630 2684,2636 2774,2630 2863,2630 2953,2630 3042,2630 3131,2624 3221,2624 3310,2618 3400,2618 3489,2618 3579,2618 3668,2618 3758,2612 3847,2612 3937,2612 4026,2606 4116,2601 4205,2601"/>
                <TextEquiv>
                    <Unicode>moderne Staat, der überhaupt noch nicht existiert, den wir erst zu ent-</Unicode>
                </TextEquiv>
            </TextLine>
            <TextLine id="tr_2_tl_2" custom="readingOrder {index:1;}">
                <Coords points="795,2831 4038,2831 3910,2625 799,2741"/>
                <Baseline points="817,2821 829,2815 918,2821 1008,2815 1097,2815 1187,2815 1276,2809 1366,2809 1455,2809 1545,2809 1634,2809 1724,2809 1813,2803 1903,2803 1992,2797 2082,2797 2171,2797 2260,2797 2350,2797 2439,2791 2529,2791 2618,2791 2708,2785 2797,2785 2887,2785 2976,2785 3066,2785 3155,2780 3245,2780 3334,2774 3424,2774 3513,2774 3603,2774 3692,2768 3782,2768 3871,2768 3961,2762 4050,2756"/>
                <TextEquiv>
                    <Unicode>wickeln trachten. Die Demokratie der Antike hat mit der unsern kaum</Unicode>
                </TextEquiv>
            </TextLine>
            <TextLine id="tr_2_tl_3" custom="readingOrder {index:2;}">
                <Coords points="795,2990 2973,3037 4176,2960 4176,2823 799,2913"/>
                <Baseline points="823,2976 876,2976 966,2976 1055,2976 1145,2970 1234,2970 1324,2970 1413,2964 1503,2970 1592,2964 1682,2964 1771,2964 1861,2958 1950,2958 2040,2958 2129,2958 2219,2953 2308,2953 2398,2953 2487,2953 2577,2947 2666,2947 2756,2947 2845,2947 2935,2947 3024,2941 3114,2941 3203,2941 3293,2941 3382,2935 3472,2935 3561,2935 3650,2929 3740,2929 3829,2923 3919,2923 4008,2923 4098,2923 4187,2923"/>
                <TextEquiv>
                    <Unicode>etwas zu tun, da die ökonomischen, sozialen und religiösen Bedingungen</Unicode>
                </TextEquiv>
            </TextLine>
            <TextLine id="tr_2_tl_4" custom="readingOrder {index:3;}">
                <Coords points="803,3141 4206,3141 4210,2977 808,3037"/>
                <Baseline points="829,3131 912,3126 1002,3126 1091,3126 1181,3126 1270,3120 1360,3120 1449,3120 1539,3120 1628,3120 1718,3114 1807,3114 1897,3114 1986,3114 2076,3108 2165,3114 2255,3108 2344,3108 2433,3108 2523,3102 2612,3102 2702,3102 2791,3096 2881,3096 2970,3096 3060,3096 3149,3090 3239,3090 3328,3090 3418,3084 3507,3084 3597,3084 3686,3084 3776,3078 3865,3072 3955,3072 4044,3072 4134,3072 4223,3078"/>
                <TextEquiv>
                    <Unicode>damals durchaus andere waren. Die moderne Demokratie ist kaum älter als</Unicode>
                </TextEquiv>
            </TextLine>
            <TextLine id="tr_2_tl_5" custom="readingOrder {index:4;}">
                <Coords points="786,3317 3072,3377 4077,3274 4077,3115 791,3214"/>
                <Baseline points="811,3287 865,3287 954,3287 1043,3281 1133,3281 1222,3281 1312,3281 1401,3275 1491,3275 1580,3275 1670,3275 1759,3275 1849,3269 1938,3269 2028,3269 2117,3269 2207,3263 2296,3263 2386,3263 2475,3263 2565,3263 2654,3263 2744,3257 2833,3257 2923,3257 3012,3251 3102,3251 3191,3251 3281,3251 3370,3239 3460,3239 3549,3239 3639,3239 3728,3233 3818,3233 3907,3239 3996,3239 4086,3251"/>
                <TextEquiv>
                    <Unicode>seit 48. Man darf sie nicht einmal bis zur französischen Revolution</Unicode>
                </TextEquiv>
            </TextLine>
            <TextLine id="tr_2_tl_6" custom="readingOrder {index:5;}">
                <Coords points="786,3480 1065,3510 1108,3484 1173,3514 1340,3458 1405,3493 1456,3471 1598,3489 1598,3317 1491,3364 1371,3317 1297,3364 1040,3325 980,3364 902,3342 786,3368"/>
                <Baseline points="811,3448 894,3442 984,3442 1073,3436 1163,3436 1252,3430 1342,3430 1431,3430 1521,3436 1610,3442"/>
                <TextEquiv>
                    <Unicode>zurückverfolgen.</Unicode>
                </TextEquiv>
            </TextLine>
            <TextLine id="tr_2_tl_7" custom="readingOrder {index:6;}">
                <Coords points="1078,3630 3420,3660 4060,3579 4120,3428 1078,3484"/>
                <Baseline points="1103,3597 1175,3591 1264,3591 1354,3591 1443,3585 1533,3585 1622,3585 1712,3579 1801,3585 1891,3579 1980,3579 2070,3579 2159,3573 2249,3573 2338,3573 2428,3573 2517,3573 2606,3567 2696,3567 2785,3567 2875,3567 2964,3561 3054,3561 3143,3561 3233,3555 3322,3555 3412,3555 3501,3549 3591,3549 3680,3549 3770,3543 3859,3543 3949,3543 4038,3537 4128,3537"/>
                <TextEquiv>
                    <Unicode>Trotzdem oder vielmehr deswegen misstrauen die Machthaber ein-</Unicode>
                </TextEquiv>
            </TextLine>
            <TextLine id="tr_2_tl_8" custom="readingOrder {index:7;}">
                <Coords points="791,3849 2359,3729 2513,3828 3669,3785 4142,3712 4146,3566 795,3669"/>
                <Baseline points="817,3758 841,3752 930,3752 1020,3746 1109,3740 1199,3740 1288,3740 1378,3740 1467,3740 1557,3740 1646,3740 1736,3740 1825,3740 1914,3734 2004,3734 2093,3734 2183,3728 2272,3728 2362,3728 2451,3728 2541,3728 2630,3728 2720,3722 2809,3716 2899,3716 2988,3716 3078,3710 3167,3710 3257,3710 3346,3710 3436,3710 3525,3710 3615,3704 3704,3704 3794,3698 3883,3692 3973,3692 4062,3692 4152,3692"/>
                <TextEquiv>
                    <Unicode>ander auch in Friedens- ja sogar in xxxn Bündniszeiten, und die Völker</Unicode>
                </TextEquiv>
            </TextLine>
            <TextLine id="tr_2_tl_9" custom="readingOrder {index:8;}">
                <Coords points="786,3948 3996,3922 4129,3776 2513,3832 2359,3729 786,3858"/>
                <Baseline points="811,3913 823,3913 912,3907 1002,3907 1091,3901 1181,3901 1270,3895 1360,3895 1449,3895 1539,3895 1628,3895 1718,3895 1807,3889 1897,3889 1986,3889 2076,3889 2165,3883 2255,3883 2344,3883 2433,3883 2523,3883 2612,3883 2702,3877 2791,3877 2881,3871 2970,3871 3060,3871 3149,3871 3239,3865 3328,3865 3418,3859 3507,3859 3597,3853 3686,3853 3776,3853 3865,3853 3955,3853 4044,3853 4134,3853"/>
                <TextEquiv>
                    <Unicode>empfinden eine gewisse schüchterne, täppische Zärtlichkeit für einan-</Unicode>
                </TextEquiv>
            </TextLine>
            <TextLine id="tr_2_tl_10" custom="readingOrder {index:9;}">
                <Coords points="803,4090 3394,4133 4073,4073 4176,3914 808,3970"/>
                <Baseline points="829,4062 876,4062 966,4062 1055,4062 1145,4056 1234,4056 1324,4050 1413,4050 1503,4050 1592,4050 1682,4050 1771,4050 1861,4044 1950,4044 2040,4044 2129,4044 2219,4044 2308,4038 2398,4038 2487,4038 2577,4038 2666,4032 2756,4032 2845,4026 2935,4026 3024,4026 3114,4026 3203,4020 3293,4020 3382,4020 3472,4014 3561,4014 3650,4014 3740,4014 3829,4014 3919,4008 4008,4002 4098,4002 4187,4008"/>
                <TextEquiv>
                    <Unicode>der, auch wenn sie gewungen werden, auf einander mit der Waffe loszu-</Unicode>
                </TextEquiv>
            </TextLine>
            <TextLine id="tr_2_tl_11" custom="readingOrder {index:10;}">
                <Coords points="795,4245 816,4245 881,4296 928,4283 949,4301 971,4283 992,4301 1040,4270 1070,4292 1104,4275 1139,4279 1139,4112 1044,4116 1023,4133 967,4099 919,4133 855,4124 833,4146 795,4154"/>
                <Baseline points="817,4223 906,4223 996,4217 1085,4223 1151,4223"/>
                <TextEquiv>
                    <Unicode>gehen.</Unicode>
                </TextEquiv>
            </TextLine>
            <TextLine id="tr_2_tl_12" custom="readingOrder {index:11;}">
                <Coords points="803,4734 3970,4666 3974,4386 1181,4597 808,4524"/>
                <Baseline points="829,4700 847,4694 936,4671 1026,4665 1115,4665 1205,4659 1294,4659 1384,4659 1473,4653 1563,4647 1652,4647 1741,4647 1831,4647 1920,4641 2010,4641 2099,4641 2189,4641 2278,4635 2368,4635 2457,4635 2547,4629 2636,4629 2726,4623 2815,4623 2905,4623 2994,4617 3084,4617 3173,4617 3263,4611 3352,4611 3442,4611 3531,4605 3621,4599 3710,4599 3800,4599 3889,4599 3979,4599"/>
                <TextEquiv>
                    <Unicode>Auf den fruchtbaren Boden dieser sonderbaren Beziehungen ist die</Unicode>
                </TextEquiv>
            </TextLine>
            <TextLine id="tr_2_tl_13" custom="readingOrder {index:12;}">
                <Coords points="773,4855 3050,4790 3171,4889 3867,4881 4077,4825 4081,4649 773,4756"/>
                <Baseline points="799,4838 865,4832 954,4832 1043,4826 1133,4826 1222,4820 1312,4814 1401,4814 1491,4814 1580,4808 1670,4808 1759,4808 1849,4808 1938,4802 2028,4802 2117,4796 2207,4790 2296,4790 2386,4790 2475,4790 2565,4790 2654,4790 2744,4784 2833,4784 2923,4778 3012,4778 3102,4778 3191,4772 3281,4766 3370,4766 3460,4766 3549,4760 3639,4760 3728,4754 3818,4754 3907,4754 3996,4754 4086,4748"/>
                <TextEquiv>
                    <Unicode>Diplomatie entstanden. Solche Widersprüche sind stets ein fruchtbare</Unicode>
                </TextEquiv>
            </TextLine>
            <TextLine id="tr_2_tl_14" custom="readingOrder {index:13;}">
                <Coords points="795,5087 1654,4979 2750,5001 2844,4962 2844,4820 799,4902"/>
                <Baseline points="817,4987 888,4987 978,4981 1067,4981 1157,4981 1246,4975 1336,4975 1425,4969 1515,4969 1604,4969 1694,4969 1783,4963 1873,4957 1962,4957 2052,4957 2141,4957 2231,4951 2320,4951 2410,4951 2499,4945 2589,4945 2678,4951 2768,4951 2857,4945"/>
                <TextEquiv>
                    <Unicode>Boden für die Wortmacher und Geschäftigen.</Unicode>
                </TextEquiv>
            </TextLine>
        </TextRegion>
    </Page>
</PcGts>
