4616 5528
3185 441 3913 728 (Februar 1915)
723 446 1103 737 (Krieg)
710 688 4005 1023 gerufene Tätigkeit, den Augenblick festzuhalten, ihn nicht sofort zur
719 869 4169 1169 Erinnerung werden zu lassen. Und Thantasie in ihrer höchsten Ausbildung
728 1050 4151 1319 bedeutet nichts anderes als fixierung eines hohen Augenblicks; mit an-
732 1262 4019 1456 deren Worten: Vergangenes, in manchen Fällen auch Zukünftiges, als
728 1390 4076 1623 Gegenwart zu empfinden. Wäre diese Fähigkeit eine allgemeine oder bei
737 1544 4186 1813 gevissen Menschen eine ununterbrochend wirkende, so wäre damit gewisser-
741 1690 4283 1945 massen der im menschlichen Verkehr übliche (keineswegs der philosophische)
2735 1897 3000 2042 G.C.F.P.
732 1914 2109 2135 Begriff der Zeit aufgehoben.
878 1994 4138 2267 Wie aber die Herrschaft der Plantasie letzten Endes Wahnsinn bedeu-
746 2113 4213 2369 ten müsste, so bedeutet der vollkommene Mangel an Plantasie Schwachsinn.
737 2298 4191 2567 Und dieser Schwachsinn, ganz in der pathologischen Bedeutung des Wortes
746 2466 4200 2664 gebraucht, ist der geistige Zustand der Menschheit, an dem nicht nur die
741 2611 4155 2810 grosse Masse, sondern selbst diejenigen Leute teilnehmen, die durch An-
763 2744 4182 2969 lage, Beruf und Entwicklung als verpflichtet gelten könnten, mit wachem
759 2942 4222 3203 Bewusstsein die Geschicke der Menschheit zu begleiten oder selbst zu be-
763 3123 1332 3361 einflussen.
