4648 5704
736 753 1140 1021 (Krieg)
3376 761 3942 1025 (MärzI9(9)
3657 940 3887 1055 1916
936 991 4116 1237 Wenn einstmals die Diskussion über die Vorbedingungen eines Welt-
765 1169 3955 1365 friedens ernsthaft eröffnet werden kann, so sollten sich sämtliche
723 1318 3955 1480 Teilnehmer, wie überhaupt alle diejenigen, die zu dieser Frage das
748 1386 4006 1599 Wert ergreifen, dazu verpflichten, von dern xxx Behandlung gewisser
782 1518 3887 1697 Punkte abzusehen, die vollkommen aussichtlos wäre, und nur einen
757 1599 3997 1867 Zeitverlist, sowie die Verschwendung von Denk- und Seelenkräften be-
753 1701 4176 2011 deutete, ja durch Entfesselung von leidenschaftlichen Meinungsdifferen-
765 1943 3938 2105 zen die ganze Diskussion unerquicklich, wenn nicht illusorisch
753 2054 3313 2250 machen müsste.
3194 2160 3904 2271 Lina abm noch
1203 2199 3070 2326 wären auszuschalteni
740 2207 4082 2449 1. Die Schuldfrage hinsichtlich aller vorhergegangenen und ins-
731 2228 1097 2347 meinen:
846 2360 4121 2564 besondere hinsichtlich des letzten Krieges. Man nehme als entschieden
795 2483 3866 2658 an, das alle Staaten an diesem Krieg schuld sind, dass ihn aber
761 2547 4070 2802 kein einziger Staat als solcher, insbesondere kein Volk gewollt hat,
1820 2671 3755 2879 eine verschwindende Anzahl von Einzelnen.
782 2747 1833 2934 sondern überall nur e
1816 2798 2016 2892 G.F.P.
1127 2781 4061 2985 2.Besprechung der einzelnen Kriegsgreuel. Auch hier erscheint
744 2909 1080 3049 Diplome
804 2921 4099 3113 es zwecklos, Unterschiede zu machen. Es bleibt die gleiche Ungeheuer-
808 3045 4053 3257 lichkeit, ob nun sogenannte Zivilisten, Frauen, Kinder aus der Luft
804 3143 4070 3368 durch Bomben getötet und verstümmelt werden, ob man diese Zibilisten
804 3262 4070 3462 zum Hungertode zu verurteilen gedenkt oder ob junge und ältere Leute
804 3398 4099 3606 (ebenso unbeteiligt und ebenso unschuldig, wie die Zivilisten und be-
816 3500 4095 3691 wusst oder unbewusst zum Kriegsdienst gewzungen) durch Mordwaffen um-
791 3636 4070 3840 gebracht und zu Krüppeln gemacht werden. Auch Schurkerei und Helden-
787 3742 4087 3942 nur, Verrat und Patriotismus sind in Kriegszeiten so nahe beisammen,
816 3853 4057 4019 dass im Einselfall für den objuktiven Beurteiler sich eine Differen-
812 3963 3853 4159 tialdiagnose nur selten stellen lässt, und die Entscheidung nur
799 4078 3840 4304 p opportunistischen Erwägungen anheimgestellt bleiben muss. All
812 4197 4133 4427 absolut alles, was der Krieg mit sich bringt, in seiner Unsinnigkeit,
825 4312 3479 4542 in seiner Brutalität, ist in gleicher Weise grauenvoll.
1135 4355 3989 4635 3. Dürfte in den künftigen Diskussionen, Erwägungen und Vor-
812 4520 3849 4763 schlägen die Möglichkeit, dass die Menschen in absehbarer Zeit
868 4627 4287 4873 im allgemeinen besser und klüger werden könnten, garxx nicht in Rechnung
2301 4767 4206 4946 ein wir immer wieder von der Ueberzeugung
1038 4801 2275 4958 gwn werden. Vielmehr müsst
812 4861 1055 4992 gezo
2700 4895 3253 5060 e, beeinflu
825 4941 2143 5086 ausgeben, dass die Mengehen
816 5022 4027 5243 Feigheit selbst zu jedem Heldentum xxx unfähige Geschöpfe
829 5171 1578 5354 bleiben werden.
