4536 5448
763 448 1165 759 (Krieg)
3246 489 3585 763 (1919)
991 854 4066 1086 Dass es ihn erklärt hat, ist zweifellos, dass es Ihn angefangen
783 1040 4066 1252 hat, bedarf des Beweises. Dieser Beweiß kann natürlich nicht dadurch
767 1177 3992 1393 geführt werden, dass man die Ursachenkette, also in diesem Fall ge-
783 1322 4062 1567 wissermassen die Weltgeschichte an einem beliebigen Punkte einsetzen
779 1496 4017 1791 lässt, und alles vor diesem Punkte Liegende einfach vernachlässigt,
788 1654 1886 1940 vergisst, ausschaltet.
1024 1753 3987 1973 Ebenso gewiss ist es, dass Deutschland Schuld daran ist, wenn
800 1932 4000 2160 der Krieg gerade am 1. August 1914, ausbrach, ebenso gewiss ist es,
788 2155 3979 2346 dass es nicht allein Schuld an dem Kriege trägt und ebenso gewiss,
796 2271 3863 2458 dass der Krieg unter anderen Umständen etwas später, vielleicht
796 2375 4075 2661 schon am 1.September, allerspätestens aber etwa xx drei Jahre darauf
796 2595 2321 2777 ausgebrochen wäre.
1036 2703 4033 2914 Will man deswegen diesen Krieg einen Präventivkrieg nennen, so
800 2864 4033 3121 sollte Deutschland diesen Vorwurf ruhig hinnehmen, und vielmehr be-
808 3051 4029 3241 weisen, dass das Wort Präventivkrieg an sich keinen Vorwurf zu be-
800 3142 4128 3382 deuten hätte, in ehtischem Sinn, sondern nur im Sinne politischer Un-
808 3370 1281 3565 klugheit.
1065 3461 4033 3751 Es gab in Deutschland eine Kriegspartei, wie in jedem andern
800 3672 3598 3880 Land, Die alldeutsche Partei hat überall ihre analogieen.
1090 3793 4128 4033 Richtig ist der Vorwurf, dass das österreichische Ultimatum zu
812 3992 1774 4215 scharf gewesen ist.
1078 4128 4191 4377 Falsch, dass der Krieg ohne dieses Ultimatum nicht ausgebrochen
817 4348 1094 4589 wäre.
1094 4377 4108 4671 Richtig, dass Deutschland un Oesterreich auf den Vorschlag ei-
821 4642 2955 4833 nes Schiedsgerichts hätten eingehen müssen.
1098 4792 4058 5007 Unrichtig die Annahme, dass dieses Schiedsgericht nach Recht
837 4933 2611 5127 und Gerechtigkeit entschieden hätte.
1103 5090 1326 5318 Hahn
