4648 5560
3419 322 3766 522 1
3909 298 4357 469 1.1.,,
3019 273 3378 530 hier
2256 490 2848 710 Nizlit
865 575 1228 706 (Krieg)
2060 824 3680 1138 -vollstandiges
865 975 1987 1159 Viele Feuilletonisten f
861 1155 1999 1314 irgendwie gezeinigt und
1049 1310 1995 1440 Die Gründe für dies
2526 1191 3668 1518 exemplar,
877 1404 1979 1628 die bisher in der Welt
1061 1620 1995 1742 Die Folge der siegl
2832 1616 3652 1934 10. fehlt.
873 1775 1999 1901 tische Reaktion; die Fr
873 1942 1999 2028 sind gewissermassen fr:
1061 2077 4039 2191 Jedes Ereignis hat natürlich die Macht,in gewissen dazu veran-
873 2240 4092 2330 lagten Menschen grosse, edle Eigenschaften zur Erscheinung zu brin-
885 2407 3807 2505 gen, die sonst keine Entwicklungsmöglichkeit gefunden hätten.
1073 2534 3562 2632 Bleiches gilt aber auch für schlechte Eigenschaften.
1073 2636 4015 2762 Ausserdem müsste man sich über die Betrachtungsweise einigen.
930 2774 4162 2909 Wanches sie t wie Heroismus aus, aber man darf nicht vergessen, da s
889 2966 4170 3080 gerade in Kriege sehr häufig Situationen eintreten, in denen Tapfer-
885 3129 3488 3223 keit das sicherate Mittel ist, der Gefahr zu entgehen.
1118 3264 4056 3366 Es ist sehr wohl zu denken, dass derselbe junge Mann, der z.B.
889 3386 3970 3533 bei einem Brandunglück verlose Winder und Frauen zertritt, um ins
906 3550 3974 3696 Freie zu gela gen, als Offizier seine Truppe mit Todesverachtung
955 3741 1677 3839 n turm führt.
1195 3876 4121 3998 Van muss auch Zeit haben,seine grossen Eigenschaften vorzube¬
889 4023 4170 4149 reiten. Wer werden die Geläuterten sein? Die ein Bein verloren haben
877 4178 4129 4304 oder ein Auge? Oder die Eltern, die ein Kind, die Frauen, die ihren
877 4345 4125 4468 Mann verloren haben? Oder die Leute, die zu Grunde gingen? Ober die
898 4500 4170 4655 Leute, die durch Armeelieferungen Millionen verdient haben? Oder die
877 4602 4149 4774 Diplomaten, die den Krieg angezettel haben? Oder die Monarchen, die
