4616 5576
3269 274 3617 588 (1916)
2276 361 2472 649 1.
544 413 931 727 (Krieg)
701 535 4017 888 Das einzige positive Moment, das immer wieder als Beweis dafür ange-
561 692 4009 1071 führt wird, daß wir in einer grossen Zeit leben, ist der Umstand, dass
592 844 4096 1223 eine Anzahl von Menschen in die Lage gesetzt wird, gewisse Eigenschaften,
605 1027 3839 1362 von denen man in normalen Zeiten nichts erfahren hätte, oder die in
614 1188 3861 1497 solchen Zeiten überhaupt nicht zur Entwicklung gekommen wären, also
614 1345 3891 1654 Tapferkeit, Opferfreudigkeit aufleuchten zu lassen. Wenn man nun be-
635 1406 4070 1828 denkt, dass dasselbe auch mit den schlechten Eigenschaften der Fall ist
653 1602 4074 2002 von allem übrigen Uebeln des Arieges gar nicht zu sprechen, so muss man
644 1763 4004 2146 sagen, dass jenes bestenfalls ästhetische Vergnügen einen Schneiderge-
670 1854 4170 2289 sellen als Helden zu bewundern, doch etwas allzu teuer bezahlt wird. Sehr
657 2107 4122 2446 sonderbar, dass gerade diese gewissermassen ästhetische Betrachtungswei-
683 2255 3978 2616 se des Krieges von denjenigen Leuten geübt wird, die eine ungeheuere
701 2368 4196 2777 Verachtung für das xxxx Aesthetentum zur Schau zu tragen pflegen.
