4664 5704
3134 651 3950 1001 (März (Märs 1916)
783 737 1178 943 (Krieg)
1017 976 3892 1285 3. Saobs (Der Krieg, die courage, das Abenteuer etc. ist ir¬
3497 1211 3670 1392 G.H.F.P
3097 1211 3283 1409 cnt.
783 1281 1956 1487 gendrie elegant)
980 1396 3880 1627 4.Die Phrasendrescher (die von dem läuternden Einfluss des
791 1561 1837 1796 Krieges sprechen).
1005 1693 3802 1936 Nehmen wir an, einige Menschen würden durch persönliche
820 1816 4082 2039 Kriegserlebnisse tatsächlich staux besser, und einige Neurastheniker
820 1981 4098 2212 würden durch ihne Erlebnisse gesund. Das scheint eine etwas zu teure
824 2035 1133 2129 xätrster
828 2146 3888 2372 Bezahlung für die Opfer, die sämtlichen Uebrigen auferlegt sind.
1116 2257 4028 2504 Man sagt, erst nach einem Krieg käme ein Volk auf seine eigne
836 2447 4020 2657 Höhe. Unwahr. Selbstvertsändlich sind die Menschen im Allgemeinen
832 2615 3913 2838 nach einem Krieg nicht besser geworden, auch nicht begabter. Es
873 2739 4032 3027 gibt nur unendlich viele, denen es ökonomisch schlechter, einige,
3274 2895 3443 3056 G.H.F.P
853 2920 2529 3134 denen es ökonomisch wohler ergeht.
1120 3036 3522 3287 Ausserdem fehlt es an der notwendigen Gegenprobe.
1129 3192 3876 3435 Wer beweist mir, dass es nicht allen Völkern ohne Kriege
853 3414 1536 3604 besser ginge?
1149 3509 4073 3748 Notwendig, auch der Kampf gegen die Literatur, die den Krieg
881 3682 4102 3905 verherrlicht. Alles, was innerhalb des Krieges lobenswert, der Ver-
873 3797 4032 4049 herrlichung würdig ist, lässt sich auch innerhalb anderer Gebiete
894 4032 1409 4230 erreichen.
1223 4119 2772 4366 Mut, Aufopferung, Abenteuer usw.
1223 4242 3995 4489 Charakteristisch genug, dass sämtliche, auch die, die von
886 4461 4094 4667 der grossen Zeit sprechen, auch die, die Einzelheiten feiern auch
881 4592 4053 4815 die, die den Krieg mit Willen herbeigeführt haben, dass alle die
869 4794 1837 5029 das Ende herbeisehr.
1273 4881 4020 5198 Nun jammert Ihr alle in Verzweiflung über den Wahsinn des
902 5004 4213 5317 Krieges. Ja, seid Ihr nicht mitschuldig Alle, beinahe Alle7 dadurch,
