4344 5384
905 342 1081 551 ec:
3150 355 3647 592 (Oktober I
3213 555 3409 701 67)
739 522 1093 755 (Krieg)
2983 651 3697 801 (Oktober 1914)
1928 705 2103 889 G.C.F.P
997 747 3993 976 So niederdrückend diese Erwägung in einem höheren Sinne wirken
722 914 4026 1127 mag, sie gibt für die Zukunft einen gewissen Trost. Sie sagt uns? so-
730 1122 3889 1285 bald die Regierungen vollen, wird der Friede da sein. Ja, so xxx
734 1235 3947 1435 furchtbar, so beschämend der Gedanke ist, wir alle wissen es, dass
1606 1402 2065 1506 votre xxxe
747 1427 1006 1523 G.C.F.P
730 1431 4006 1581 das Machtwort eines Menschen, und wäre es selbst aus der Laune eines
751 1581 1110 1669 G.C.H.F.P.
734 1531 3885 1740 Augenblicks geboren, vollkommen genügt, um eine mit Haas gefüllte
1398 1715 1815 1819 das Zune
730 1677 3951 1911 Menschenmasse, die sprungbereit einer anderen gegenüberlauert, nie-
2174 1848 2399 1949 G.C.F.P.P
1414 1865 1832 1978 entendu
793 1886 981 1982 G.C.F.P.
1039 1878 1364 1982 G.C.F.P.
747 1840 3868 2057 derzuhalten, dass dieses eine Menschenwort genügt, hunderttausend
1402 2019 1636 2115 G.F.P.P
747 1982 3956 2274 Degen in die Scheide zu zwingen, in hunderttausend Gewehrläufen und
1677 2170 1969 2274 G.H.F.P.
747 2149 3910 2353 Kanonenmündungen die tötliche Kugel zurückzuhalten. Und nach einem
897 2345 1339 2449 Geschäftigen
747 2324 4051 2499 weiteren Augenblick würde durch diese ganze ungeheuere Masse, die vor
759 2499 4064 2666 einer Sekunde bereit war, Verderben zu bringen oder zu xxx erleiden,
793 2650 1085 2746 veil se
764 2633 3839 2887 gedankenlos bereit oder mit Begeisterung bereit, ein Seufzer der
1586 2791 1794 2883 G.H.F.P.
1302 2791 1510 2917 G.H.F.P
759 2754 3930 2975 Erleichterung, der Erlösung gehen und in denen, die sich über ihre
868 2962 1085 3054 V.H.F.P
751 2904 4102 3146 inneren Vorgänge Rechenschaft zu geben vermögen, würde die Erkenntnis
776 3083 4060 3275 aufleuchten: Wir wollen ja gar nicht töten, wir sollen gar nich ver-
759 3209 3976 3421 bluten! Wir wollen atmen, leben, unser Stück Brot essen, eine Hand-
772 3380 3935 3576 breit Erde zum Wohnen haben und arbeiten. In diesem grossen Augen-
772 3526 3885 3814 blick, da der Friede übers Land zieht, würden sie es alle wissen,
776 3638 4035 3889 dass sie niemals etwas anderes gewollt haben, alle, auch die, die im
747 3855 4089 4127 Augenblick vorher noch nach dem Herzen ihrer Feinde gezielt haben und
776 4014 3050 4302 die bereit waren, für das Vaterland zu sterben.
2837 4160 3033 4294 dans les
1152 4243 4035 4506 Nicht das Brechütterndste, aber das Betrübendste vielleicht
772 4469 3993 4657 ist diesmal, dass die Intellektuellen, von denen wir gehofft haben,
780 4619 3926 4815 es würde doch möglich sein, ihnen über den Abgrund dieses Völker-
789 4765 3910 5103 kriegs hinüber die Hand zu reichen, beinahe völlig versagen, daß
