4616 5496
1089 258 1394 452 4.1.
2504 336 2900 585 G.J.H.
865 422 1046 602 H.F.P
3167 400 3881 727 (Februar 1915)
749 525 1157 757 (Krieg)
1471 559 2896 848 mit, zwei Dogmen zu bekösofen.
873 839 2788 1015 Die sogenannte Schicksalsnotwendigkeit.
899 817 3881 1162 Wir vergessen immer wie er, dass dasjenige Ereignis, das uns,
749 1063 4010 1329 nachdem es geschehen, als das absolut Notwendige, also im Geist der
774 1166 4173 1467 Geschichte gelegene oder von Gott gewollte (je nach der Weltanschauung
766 1385 4122 1609 erscheint, bevor es eintrat auch nichts anderes war als eine von tau-
779 1536 4130 1803 send Möglichkeiten. Natürlich musste es geschehen nach dem Gesetz der
779 1678 4242 1928 Kausalität, aberhäufig genug lag die letzte Ursache nicht auf der gros-
796 1833 4161 2100 sen Linie, sondern diese letzte Ursache kam auf einem Seitenweg daher,
787 1953 4135 2267 kann also wohl auch als Zufall bezeichnet werden, wenn natürlich auch
744 2121 4066 2405 der Zufall nichts anderes ist als die Notwendigkeit, die ausserhalb
817 2216 4264 2560 der von uns hauptsächlich beobachteten Linie liegt. Man darf also sagen
826 2427 4216 2693 dass alles, was geschah, metaphysisch, d.h.unter Mitwirkung sämtlicher
813 2547 4268 2900 von Urbeginn wirkender Kausalitäten, also von Gott aus, oder vom Schick-
826 2771 4212 3020 sal aus, mit Notwendigkeit geschehen ist, dass aber der Logik nach je-
826 2930 4139 3197 des Geschehnis nur die vom Zufall ausgewählte eine Möglichkeit unter
848 3137 3562 3356 tausend Möglichkeiten bedeutet.
955 3201 4216 3489 So müssen wir denken, wenn wir nicht fatalistisch alles, was kommt,
852 3386 4229 3666 und noch kommen soll, als das Unausbleibliche, das Schicksalhafte, dass
848 3498 4156 3799 Gottgesandte hinnehmen, wenn wir uns überhaupt das Recht Vorbehalten
856 3700 4216 3984 wollen, uns gegen das, was uns ungerecht, unsinnig und nicht als end-
843 3864 4251 4139 gültige Lösung erscheint, aufzulehnen. Andernfalls müssten wir für den
856 3980 4268 4302 schlimmen Ausgang genau so dankbar seinals für einen guten und dürften
886 4165 4333 4419 uns eines Sieges so wenig freuen als wir uns einer Niederlage schämen
3661 4337 4350 4535 sondern oft
1450 4397 2095 4604 zurückwus nicht
856 4393 1394 4621 dürften.
830 4733 1020 4939 d
