4616 5560
2274 446 2483 633 "    "
3375 506 3592 697 25)
646 476 1020 752 (Krieg)
2279 684 3346 889 an Zeit leben, ist der
629 778 3490 1046 durch Andere, sondern nur durch ihn selbst verletzt werden.
863 927 4034 1173 Die Handelsfragen liessen sich dadurch schlichten, dass der Fleis-
633 1097 3937 1360 sigere, Tätigere, Begabtere den Vortel haben sollte. Auch hier kommt
646 1233 3937 1513 es nicht zu Duellen zwischen den Schustern, die einander ihre Kunden
650 1348 4073 1628 streitig machen. Warum sollte es bei den Völkern durch Blut entschieden
663 1552 3907 1798 werden, ob Michel oder John Bull seine Waren beim Nachbarn absetzt?
876 1556 4102 1964 Ungeheure Schwierigkeiten aber alle aufgehoben durch die eine unbe-
684 1854 4039 2113 streitbare Tatsache, dass die ungeheuere Mehrheit nirgends in der Welt
706 1947 4111 2236 den Krieg will und dass diese Mehrheit am Ende Recht behalten muss gegen
672 2121 3979 2372 über der kleinen Minderheit, die ihn will oder braucht und von denen
693 2279 3966 2627 wieder nur eine verschwindende Nehrheit im Ernstfall unter den Nach-
693 2440 3392 2759 teilen, Gefahren und Gräueln des Krieges zu leiden hat.
