<?xml version="1.0" encoding="UTF-8" standalone="yes"?>
<PcGts xmlns="http://schema.primaresearch.org/PAGE/gts/pagecontent/2013-07-15" xmlns:xsi="http://www.w3.org/2001/XMLSchema-instance" xsi:schemaLocation="http://schema.primaresearch.org/PAGE/gts/pagecontent/2013-07-15 http://schema.primaresearch.org/PAGE/gts/pagecontent/2013-07-15/pagecontent.xsd">
    <Metadata>
        <Creator>prov=READ-COOP:name=TrHtr:version=2.1.0:model_id=51170:date=15_08_2023_03:09</Creator>
        <Created>2023-05-10T15:08:37.183+02:00</Created>
        <LastChange>2023-08-15T03:09:06.962+02:00</LastChange>
        <TranskribusMetadata docId="1428807" pageId="55430842" pageNr="46" tsid="132838174" status="IN_PROGRESS" userId="64420" imgUrl="https://files.transkribus.eu/Get?id=PQQGGQNRNLSOGCXLKWWHXCND&amp;fileType=view" xmlUrl="https://files.transkribus.eu/Get?id=DDQEFNNPIKFOGTXNKBYUZUZW" imageId="44704914"/>
    </Metadata>
    <Page imageFilename="1428807_0046.jpg" imageWidth="4632" imageHeight="5592">
        <ReadingOrder>
            <OrderedGroup id="ro_1711804770817" caption="Regions reading order">
                <RegionRefIndexed index="0" regionRef="tr_1"/>
                <RegionRefIndexed index="1" regionRef="tr_2"/>
            </OrderedGroup>
        </ReadingOrder>
        <TextRegion id="tr_1" custom="readingOrder {index:0;}">
            <Coords points="836,410 4259,410 4259,3289 836,3289"/>
            <TextLine id="tr_1_tl_1" custom="readingOrder {index:0;}">
                <Coords points="3693,473 3732,482 3749,469 3783,469 3817,495 3843,490 3868,508 3902,512 3902,324 3873,333 3856,324 3843,333 3783,299 3745,337 3693,341"/>
                <Baseline points="3716,466 3805,460 3895,466 3907,466"/>
                <TextEquiv>
                    <Unicode>11..</Unicode>
                </TextEquiv>
            </TextLine>
            <TextLine id="tr_1_tl_2" custom="readingOrder {index:1;}">
                <Coords points="2299,520 2401,503 2431,529 2563,478 2640,503 2755,478 2802,482 2853,529 2917,486 2922,426 2730,384 2695,384 2649,426 2529,397 2482,418 2303,409"/>
                <Baseline points="2324,501 2389,501 2479,489 2568,489 2658,495 2748,489 2837,483 2927,483"/>
                <TextEquiv>
                    <Unicode>V. 11. - '10</Unicode>
                </TextEquiv>
            </TextLine>
            <TextLine id="tr_1_tl_3" custom="readingOrder {index:2;}">
                <Coords points="1002,623 1036,618 1075,589 1092,593 1109,567 1122,572 1134,559 1164,559 1160,422 1126,418 1096,401 1049,435 994,435"/>
                <Baseline points="1021,537 1111,543 1176,543"/>
                <TextEquiv>
                    <Unicode>P.</Unicode>
                </TextEquiv>
            </TextLine>
            <TextLine id="tr_1_tl_4" custom="readingOrder {index:3;}">
                <Coords points="815,840 874,827 913,840 968,815 1092,823 1113,806 1169,827 1237,823 1233,657 1186,648 1088,674 989,648 960,670 921,657 900,670 866,644 836,674 810,674"/>
                <Baseline points="836,758 926,746 1015,746 1105,752 1194,758 1242,758"/>
                <TextEquiv>
                    <Unicode>(Krieg)</Unicode>
                </TextEquiv>
            </TextLine>
            <TextLine id="tr_1_tl_5" custom="readingOrder {index:4;}">
                <Coords points="3194,836 3310,793 3395,819 3480,793 3519,815 3540,798 3625,815 3668,789 3775,815 3779,653 3668,644 3638,614 3612,627 3523,559 3497,580 3446,559 3339,627 3199,631"/>
                <Baseline points="3220,800 3250,794 3339,782 3429,782 3518,782 3608,776 3698,776 3787,788"/>
                <TextEquiv>
                    <Unicode>(März 1916)</Unicode>
                </TextEquiv>
            </TextLine>
            <TextLine id="tr_1_tl_6" custom="readingOrder {index:5;}">
                <Coords points="3173,998 3284,1007 3327,989 3365,1011 3399,985 3480,1002 3600,985 3630,1011 3723,1024 3728,908 3617,883 3510,908 3429,879 3382,913 3339,887 3258,917 3177,917"/>
                <Baseline points="3196,979 3202,979 3291,979 3381,973 3471,973 3560,967 3650,961 3739,955"/>
                <TextEquiv>
                    <Unicode>genheit oder</Unicode>
                </TextEquiv>
            </TextLine>
            <TextLine id="tr_1_tl_7" custom="readingOrder {index:6;}">
                <Coords points="2457,1045 2538,1024 2559,1036 2593,1011 2649,1032 2700,1024 2764,994 2853,1058 2887,1058 2900,802 2845,768 2777,768 2683,789 2657,815 2627,806 2559,853 2465,840"/>
                <Baseline points="2485,1015 2545,1009 2634,1003 2724,997 2813,997 2903,997"/>
                <TextEquiv>
                    <Unicode>G.C.H.F.F</Unicode>
                </TextEquiv>
            </TextLine>
            <TextLine id="tr_1_tl_8" custom="readingOrder {index:7;}">
                <Coords points="844,1143 3817,1164 3915,968 2512,1036 2341,930 1616,921 844,1011"/>
                <Baseline points="866,1129 872,1123 961,1123 1051,1123 1141,1123 1230,1117 1320,1117 1409,1117 1499,1117 1589,1117 1678,1117 1768,1117 1858,1117 1947,1117 2037,1111 2126,1105 2216,1105 2306,1105 2395,1105 2485,1105 2574,1105 2664,1099 2754,1099 2843,1099 2933,1093 3023,1093 3112,1087 3202,1087 3291,1087 3381,1087 3471,1081 3560,1087 3650,1087 3739,1081 3829,1087 3919,1099"/>
                <TextEquiv>
                    <Unicode>77 die konkrete Vorstellung wehren wir ab, wahrscheinlich, auch</Unicode>
                </TextEquiv>
            </TextLine>
            <TextLine id="tr_1_tl_9" custom="readingOrder {index:8;}">
                <Coords points="836,1339 4035,1280 3975,1147 836,1147"/>
                <Baseline points="860,1284 908,1278 997,1278 1087,1278 1176,1272 1266,1272 1356,1272 1445,1272 1535,1266 1625,1266 1714,1266 1804,1266 1893,1260 1983,1260 2073,1260 2162,1260 2252,1260 2341,1260 2431,1254 2521,1260 2610,1254 2700,1254 2790,1254 2879,1254 2969,1248 3058,1248 3148,1248 3238,1248 3327,1242 3417,1242 3506,1242 3596,1242 3686,1236 3775,1236 3865,1230 3955,1236 4044,1236"/>
                <TextEquiv>
                    <Unicode>darum, um überhaupt weiterleben zu können. Wieviel sind gestern ge-</Unicode>
                </TextEquiv>
            </TextLine>
            <TextLine id="tr_1_tl_10" custom="readingOrder {index:9;}">
                <Coords points="836,1463 3894,1480 4158,1429 4158,1292 836,1331"/>
                <Baseline points="860,1427 937,1427 1027,1427 1117,1427 1206,1427 1296,1427 1386,1427 1475,1427 1565,1421 1654,1421 1744,1421 1834,1421 1923,1421 2013,1415 2102,1415 2192,1415 2282,1415 2371,1415 2461,1409 2551,1409 2640,1403 2730,1403 2819,1403 2909,1403 2999,1403 3088,1403 3178,1403 3267,1398 3357,1398 3447,1392 3536,1392 3626,1392 3716,1386 3805,1386 3895,1380 3984,1380 4074,1380 4164,1386"/>
                <TextEquiv>
                    <Unicode>fallen? Vierzigtausend. Entsetzlich! Am nächsten Tag kommt die Korrek-</Unicode>
                </TextEquiv>
            </TextLine>
            <TextLine id="tr_1_tl_11" custom="readingOrder {index:10;}">
                <Coords points="844,1625 3467,1638 3915,1599 3920,1450 2132,1535 1787,1433 849,1450"/>
                <Baseline points="866,1589 884,1583 973,1589 1063,1583 1153,1583 1242,1583 1332,1583 1421,1577 1511,1577 1601,1577 1690,1571 1780,1571 1869,1571 1959,1571 2049,1571 2138,1571 2228,1565 2318,1565 2407,1565 2497,1565 2586,1559 2676,1559 2766,1559 2855,1559 2945,1559 3034,1553 3124,1553 3214,1553 3303,1553 3393,1547 3483,1547 3572,1541 3662,1541 3751,1541 3841,1547 3931,1553"/>
                <TextEquiv>
                    <Unicode>tur, es waren einunvierzig. Schlägt unser Herz um diese tausend</Unicode>
                </TextEquiv>
            </TextLine>
            <TextLine id="tr_1_tl_12" custom="readingOrder {index:11;}">
                <Coords points="823,1753 4252,1774 4256,1574 823,1659"/>
                <Baseline points="848,1744 854,1744 943,1738 1033,1738 1123,1738 1212,1732 1302,1732 1392,1732 1481,1732 1571,1732 1660,1732 1750,1726 1840,1732 1929,1732 2019,1732 2108,1726 2198,1726 2288,1720 2377,1720 2467,1720 2557,1714 2646,1720 2736,1714 2825,1714 2915,1714 3005,1714 3094,1714 3184,1714 3273,1708 3363,1708 3453,1702 3542,1696 3632,1696 3722,1702 3811,1702 3901,1690 3990,1690 4080,1690 4170,1696 4259,1702"/>
                <TextEquiv>
                    <Unicode>lauter? Und hierin liegt ein Teil der Erklärung, dass nichts geschieht,</Unicode>
                </TextEquiv>
            </TextLine>
            <TextLine id="tr_1_tl_13" custom="readingOrder {index:12;}">
                <Coords points="840,1936 4082,1885 4043,1740 2175,1834 1872,1732 844,1753"/>
                <Baseline points="866,1893 949,1893 1039,1893 1129,1887 1218,1887 1308,1881 1398,1887 1487,1881 1577,1881 1666,1881 1756,1881 1846,1881 1935,1881 2025,1875 2114,1875 2204,1875 2294,1875 2383,1869 2473,1869 2563,1869 2652,1864 2742,1864 2831,1864 2921,1864 3011,1864 3100,1858 3190,1864 3279,1858 3369,1858 3459,1858 3548,1852 3638,1852 3728,1852 3817,1846 3907,1846 3996,1846 4086,1846"/>
                <TextEquiv>
                    <Unicode>dass in einem höheren Sinne nichts geschehen kann, was die Welt von</Unicode>
                </TextEquiv>
            </TextLine>
            <TextLine id="tr_1_tl_14" custom="readingOrder {index:13;}">
                <Coords points="844,2056 4107,2081 4111,1860 844,1932"/>
                <Baseline points="866,2049 890,2043 979,2049 1069,2043 1159,2043 1248,2043 1338,2037 1427,2043 1517,2037 1607,2043 1696,2043 1786,2037 1875,2037 1965,2037 2055,2031 2144,2031 2234,2031 2324,2025 2413,2031 2503,2025 2592,2025 2682,2025 2772,2025 2861,2025 2951,2019 3040,2019 3130,2013 3220,2013 3309,2013 3399,2013 3489,2013 3578,2007 3668,2007 3757,2001 3847,2001 3937,2007 4026,2001 4116,2013"/>
                <TextEquiv>
                    <Unicode>Grund auf änderte. Denn ich rede nur von denen, die eine Art von Ge-</Unicode>
                </TextEquiv>
            </TextLine>
            <TextLine id="tr_1_tl_15" custom="readingOrder {index:14;}">
                <Coords points="844,2226 3804,2239 4065,2205 4069,2047 849,2120"/>
                <Baseline points="866,2204 943,2204 1033,2198 1123,2198 1212,2198 1302,2198 1392,2198 1481,2198 1571,2192 1660,2192 1750,2192 1840,2192 1929,2186 2019,2186 2108,2186 2198,2180 2288,2180 2377,2180 2467,2180 2557,2174 2646,2174 2736,2180 2825,2174 2915,2174 3005,2168 3094,2168 3184,2168 3273,2168 3363,2168 3453,2168 3542,2162 3632,2162 3722,2162 3811,2156 3901,2156 3990,2162 4080,2162"/>
                <TextEquiv>
                    <Unicode>wissen haben, diendes Mitgefühls nicht ganz bar sind, und die sogar</Unicode>
                </TextEquiv>
            </TextLine>
            <TextLine id="tr_1_tl_16" custom="readingOrder {index:15;}">
                <Coords points="844,2393 3736,2410 4082,2354 4086,2226 849,2231"/>
                <Baseline points="866,2359 955,2353 1045,2353 1135,2353 1224,2347 1314,2347 1403,2353 1493,2347 1583,2347 1672,2347 1762,2341 1852,2341 1941,2335 2031,2335 2120,2341 2210,2335 2300,2335 2389,2335 2479,2335 2568,2330 2658,2330 2748,2330 2837,2324 2927,2324 3017,2324 3106,2324 3196,2324 3285,2318 3375,2318 3465,2318 3554,2318 3644,2318 3733,2318 3823,2312 3913,2312 4002,2312 4092,2306"/>
                <TextEquiv>
                    <Unicode>den redlichen Willen haben, die Welt zu ändern. Diese Leute, es ist</Unicode>
                </TextEquiv>
            </TextLine>
            <TextLine id="tr_1_tl_17" custom="readingOrder {index:16;}">
                <Coords points="836,2546 4171,2568 4205,2371 840,2423"/>
                <Baseline points="860,2509 902,2509 991,2503 1081,2503 1170,2503 1260,2503 1350,2503 1439,2497 1529,2503 1619,2497 1708,2497 1798,2497 1887,2497 1977,2503 2067,2497 2156,2491 2246,2497 2335,2491 2425,2491 2515,2485 2604,2485 2694,2485 2784,2479 2873,2479 2963,2479 3052,2479 3142,2479 3232,2473 3321,2473 3411,2473 3500,2473 3590,2473 3680,2473 3769,2467 3859,2467 3949,2467 4038,2467 4128,2473 4217,2473"/>
                <TextEquiv>
                    <Unicode>nicht daran zu zweifeln, ganz abgesehen von dem, was jedem privat be-</Unicode>
                </TextEquiv>
            </TextLine>
            <TextLine id="tr_1_tl_18" custom="readingOrder {index:17;}">
                <Coords points="836,2674 4214,2695 4077,2512 836,2546"/>
                <Baseline points="860,2670 908,2670 997,2664 1087,2664 1176,2664 1266,2658 1356,2658 1445,2652 1535,2652 1625,2652 1714,2652 1804,2646 1893,2652 1983,2646 2073,2646 2162,2646 2252,2646 2341,2640 2431,2640 2521,2640 2610,2640 2700,2634 2790,2634 2879,2634 2969,2634 3058,2628 3148,2628 3238,2628 3327,2622 3417,2622 3506,2622 3596,2622 3686,2622 3775,2622 3865,2616 3955,2616 4044,2616 4134,2634 4223,2640"/>
                <TextEquiv>
                    <Unicode>gegnet, leiden auch unter dem allgemeinen Uebel und Grauen. Aber wie</Unicode>
                </TextEquiv>
            </TextLine>
            <TextLine id="tr_1_tl_19" custom="readingOrder {index:18;}">
                <Coords points="844,2887 4043,2828 4111,2678 849,2687"/>
                <Baseline points="866,2819 890,2813 979,2813 1069,2807 1159,2807 1248,2807 1338,2807 1427,2807 1517,2807 1607,2807 1696,2807 1786,2807 1875,2801 1965,2801 2055,2801 2144,2796 2234,2796 2324,2796 2413,2796 2503,2796 2592,2790 2682,2790 2772,2790 2861,2784 2951,2784 3040,2784 3130,2784 3220,2784 3309,2778 3399,2778 3489,2778 3578,2778 3668,2778 3757,2778 3847,2772 3937,2772 4026,2772 4116,2784"/>
                <TextEquiv>
                    <Unicode>unbestimmt, wie vage, wir unsäglich schwach ist dieses Mitleid. Nun</Unicode>
                </TextEquiv>
            </TextLine>
            <TextLine id="tr_1_tl_20" custom="readingOrder {index:19;}">
                <Coords points="853,2981 3932,2956 4244,3045 4248,2768 2137,2900 1911,2802 857,2845"/>
                <Baseline points="878,2969 937,2969 1027,2963 1117,2963 1206,2963 1296,2963 1386,2963 1475,2957 1565,2957 1654,2963 1744,2957 1834,2957 1923,2957 2013,2957 2102,2957 2192,2951 2282,2951 2371,2951 2461,2951 2551,2945 2640,2945 2730,2945 2819,2945 2909,2945 2999,2939 3088,2933 3178,2933 3267,2933 3357,2933 3447,2933 3536,2927 3626,2927 3716,2927 3805,2927 3895,2921 3984,2921 4074,2921 4164,2927 4253,2945"/>
                <TextEquiv>
                    <Unicode>aber bedenke man, dass die grosse, die ungeheuere Mehrzahl der Mensch-</Unicode>
                </TextEquiv>
            </TextLine>
            <TextLine id="tr_1_tl_21" custom="readingOrder {index:20;}">
                <Coords points="844,3148 2956,3190 4137,3084 4107,2981 3630,2968 849,3032"/>
                <Baseline points="866,3124 920,3124 1009,3118 1099,3118 1188,3118 1278,3118 1368,3112 1457,3112 1547,3112 1636,3118 1726,3112 1816,3112 1905,3106 1995,3112 2085,3112 2174,3112 2264,3106 2353,3100 2443,3100 2533,3100 2622,3100 2712,3100 2801,3100 2891,3094 2981,3094 3070,3094 3160,3088 3250,3088 3339,3088 3429,3082 3518,3082 3608,3082 3698,3082 3787,3088 3877,3082 3966,3076 4056,3076 4146,3076"/>
                <TextEquiv>
                    <Unicode>heit so gut wie gefühllos ist, was die Allgemeinheit anbelangt, dass</Unicode>
                </TextEquiv>
            </TextLine>
            <TextLine id="tr_1_tl_22" custom="readingOrder {index:21;}">
                <Coords points="836,3314 4099,3305 4167,3143 836,3165"/>
                <Baseline points="860,3279 949,3279 1039,3273 1129,3273 1218,3273 1308,3273 1398,3267 1487,3273 1577,3267 1666,3267 1756,3267 1846,3267 1935,3262 2025,3262 2114,3262 2204,3256 2294,3256 2383,3256 2473,3256 2563,3256 2652,3256 2742,3250 2831,3250 2921,3256 3011,3250 3100,3244 3190,3244 3279,3244 3369,3244 3459,3238 3548,3238 3638,3238 3728,3238 3817,3238 3907,3238 3996,3238 4086,3238 4176,3238"/>
                <TextEquiv>
                    <Unicode>die ungeheure Mehrzahl der Menschen um Ehre, um Ruhm, um Karriere, für</Unicode>
                </TextEquiv>
            </TextLine>
        </TextRegion>
        <TextRegion id="tr_2" custom="readingOrder {index:1;}">
            <Coords points="866,3337 4265,3337 4265,5094 866,5094"/>
            <TextLine id="tr_2_tl_1" custom="readingOrder {index:0;}">
                <Coords points="862,3446 2845,3510 3979,3433 4030,3297 866,3314"/>
                <Baseline points="884,3435 902,3435 991,3435 1081,3429 1170,3429 1260,3429 1350,3429 1439,3429 1529,3423 1619,3423 1708,3423 1798,3423 1887,3423 1977,3417 2067,3417 2156,3417 2246,3411 2335,3417 2425,3417 2515,3411 2604,3411 2694,3411 2784,3405 2873,3405 2963,3405 3052,3405 3142,3399 3232,3399 3321,3399 3411,3399 3500,3393 3590,3393 3680,3387 3769,3387 3859,3387 3949,3399 4038,3405"/>
                <TextEquiv>
                    <Unicode>einen Orden, um Geld zu verdinen, in jedem Augenblick bereit ist,</Unicode>
                </TextEquiv>
            </TextLine>
            <TextLine id="tr_2_tl_2" custom="readingOrder {index:1;}">
                <Coords points="853,3621 4158,3621 4210,3442 853,3480"/>
                <Baseline points="878,3590 902,3590 991,3584 1081,3584 1170,3578 1260,3584 1350,3584 1439,3578 1529,3578 1619,3578 1708,3578 1798,3572 1887,3572 1977,3572 2067,3572 2156,3572 2246,3572 2335,3566 2425,3566 2515,3566 2604,3566 2694,3566 2784,3560 2873,3560 2963,3560 3052,3554 3142,3554 3232,3548 3321,3548 3411,3548 3500,3548 3590,3548 3680,3548 3769,3542 3859,3548 3949,3548 4038,3548 4128,3542 4217,3542"/>
                <TextEquiv>
                    <Unicode>tausende, hunderttausende Menschen in der jämmerlichsten Weise zugrun-</Unicode>
                </TextEquiv>
            </TextLine>
            <TextLine id="tr_2_tl_3" custom="readingOrder {index:2;}">
                <Coords points="853,3762 4026,3775 4030,3608 857,3621"/>
                <Baseline points="878,3745 902,3739 991,3739 1081,3739 1170,3739 1260,3739 1350,3739 1439,3739 1529,3733 1619,3733 1708,3733 1798,3728 1887,3728 1977,3722 2067,3728 2156,3722 2246,3722 2335,3722 2425,3722 2515,3722 2604,3722 2694,3716 2784,3716 2873,3710 2963,3710 3052,3710 3142,3710 3232,3710 3321,3704 3411,3710 3500,3710 3590,3710 3680,3704 3769,3704 3859,3698 3949,3704 4038,3710"/>
                <TextEquiv>
                    <Unicode>de gehen zu lassen, wenn sie nicht selber drunter sind, ja manche</Unicode>
                </TextEquiv>
            </TextLine>
            <TextLine id="tr_2_tl_4" custom="readingOrder {index:3;}">
                <Coords points="844,3924 4222,3932 4154,3745 844,3757"/>
                <Baseline points="866,3901 920,3895 1009,3895 1099,3895 1188,3895 1278,3889 1368,3889 1457,3889 1547,3889 1636,3883 1726,3883 1816,3889 1905,3883 1995,3883 2085,3883 2174,3883 2264,3877 2353,3877 2443,3877 2533,3877 2622,3877 2712,3871 2801,3877 2891,3877 2981,3871 3070,3871 3160,3871 3250,3865 3339,3859 3429,3859 3518,3859 3608,3859 3698,3859 3787,3859 3877,3853 3966,3859 4056,3853 4146,3853 4235,3865"/>
                <TextEquiv>
                    <Unicode>nehmen sogar dieses Risiko auf sich, worin sie eben durch jenen Mangel</Unicode>
                </TextEquiv>
            </TextLine>
            <TextLine id="tr_2_tl_5" custom="readingOrder {index:4;}">
                <Coords points="840,4107 1369,4056 1655,4175 2755,4141 2759,3941 2346,3966 2260,3885 844,3962"/>
                <Baseline points="866,4056 884,4050 973,4050 1063,4050 1153,4044 1242,4050 1332,4044 1421,4050 1511,4050 1601,4044 1690,4044 1780,4044 1869,4044 1959,4038 2049,4032 2138,4032 2228,4032 2318,4032 2407,4032 2497,4032 2586,4032 2676,4032 2766,4038"/>
                <TextEquiv>
                    <Unicode>an Vorstellungsgabe unterstützt werden.</Unicode>
                </TextEquiv>
            </TextLine>
            <TextLine id="tr_2_tl_6" custom="readingOrder {index:5;}">
                <Coords points="989,4210 1024,4214 1105,4167 1207,4163 1245,4188 1275,4167 1314,4184 1425,4150 1484,4163 1488,4086 1446,4094 1365,4052 1258,4082 1164,4056 1122,4090 1058,4065 994,4069"/>
                <Baseline points="1015,4170 1045,4164 1135,4158 1224,4152 1314,4158 1403,4152 1493,4152"/>
                <TextEquiv>
                    <Unicode>&amp;c.</Unicode>
                </TextEquiv>
            </TextLine>
            <TextLine id="tr_2_tl_7" custom="readingOrder {index:6;}">
                <Coords points="981,4397 4018,4239 4214,4214 4218,4056 985,4210"/>
                <Baseline points="1003,4313 1087,4307 1176,4307 1266,4301 1356,4295 1445,4295 1535,4295 1625,4289 1714,4283 1804,4283 1893,4277 1983,4277 2073,4271 2162,4265 2252,4259 2341,4259 2431,4253 2521,4247 2610,4247 2700,4241 2790,4241 2879,4235 2969,4235 3058,4229 3148,4223 3238,4223 3327,4217 3417,4211 3506,4211 3596,4211 3686,4205 3775,4199 3865,4199 3955,4194 4044,4188 4134,4188 4223,4188"/>
                <TextEquiv>
                    <Unicode>oder die Vorsehung in dieser scheinbar unsinnigen Rede (die Anderen</Unicode>
                </TextEquiv>
            </TextLine>
            <TextLine id="tr_2_tl_8" custom="readingOrder {index:7;}">
                <Coords points="985,4491 4154,4401 4222,4214 994,4367"/>
                <Baseline points="1015,4474 1087,4462 1176,4462 1266,4456 1356,4456 1445,4450 1535,4450 1625,4444 1714,4438 1804,4438 1893,4432 1983,4432 2073,4427 2162,4421 2252,4415 2341,4415 2431,4415 2521,4409 2610,4403 2700,4403 2790,4397 2879,4397 2969,4385 3058,4385 3148,4379 3238,4379 3327,4373 3417,4373 3506,4367 3596,4361 3686,4361 3775,4361 3865,4355 3955,4349 4044,4343 4134,4337 4223,4343"/>
                <TextEquiv>
                    <Unicode>wieder sehr sianvoll scheinen darf) für unserem Menschenauf dunkle</Unicode>
                </TextEquiv>
            </TextLine>
            <TextLine id="tr_2_tl_9" custom="readingOrder {index:8;}">
                <Coords points="972,4645 4129,4551 4265,4397 977,4521"/>
                <Baseline points="997,4624 1039,4624 1129,4618 1218,4612 1308,4612 1398,4606 1487,4606 1577,4600 1666,4600 1756,4594 1846,4594 1935,4588 2025,4582 2114,4576 2204,4576 2294,4570 2383,4570 2473,4564 2563,4558 2652,4558 2742,4558 2831,4552 2921,4552 3011,4540 3100,4534 3190,4534 3279,4528 3369,4528 3459,4522 3548,4522 3638,4516 3728,4516 3817,4516 3907,4510 3996,4504 4086,4498 4176,4498 4265,4498"/>
                <TextEquiv>
                    <Unicode>Zwecke verfolgt hat. Oder wir gestehen uns die Fähigkeit zu, hinein-</Unicode>
                </TextEquiv>
            </TextLine>
            <TextLine id="tr_2_tl_10" custom="readingOrder {index:9;}">
                <Coords points="985,4815 4060,4738 4120,4525 989,4670"/>
                <Baseline points="1009,4785 1081,4779 1170,4773 1260,4767 1350,4761 1439,4761 1529,4755 1619,4749 1708,4749 1798,4749 1887,4743 1977,4737 2067,4737 2156,4731 2246,4725 2335,4719 2425,4719 2515,4719 2604,4719 2694,4713 2784,4707 2873,4701 2963,4701 3052,4695 3142,4689 3232,4683 3321,4683 3411,4683 3500,4677 3590,4671 3680,4665 3769,4665 3859,4660 3949,4654 4038,4654 4128,4660"/>
                <TextEquiv>
                    <Unicode>zublicken, dann wüsste ich nicht, an welcher Stelle dieses Recht</Unicode>
                </TextEquiv>
            </TextLine>
            <TextLine id="tr_2_tl_11" custom="readingOrder {index:10;}">
                <Coords points="981,4982 4060,4866 4167,4717 989,4819"/>
                <Baseline points="1009,4934 1033,4928 1123,4928 1212,4922 1302,4916 1392,4916 1481,4916 1571,4916 1660,4904 1750,4904 1840,4898 1929,4893 2019,4893 2108,4887 2198,4887 2288,4881 2377,4881 2467,4875 2557,4869 2646,4869 2736,4869 2825,4863 2915,4857 3005,4851 3094,4845 3184,4845 3273,4839 3363,4839 3453,4827 3542,4827 3632,4821 3722,4821 3811,4815 3901,4815 3990,4809 4080,4815 4170,4821"/>
                <TextEquiv>
                    <Unicode>der Kritik, also auch der Auflehnung, seine Grenze finden sollte.</Unicode>
                </TextEquiv>
            </TextLine>
            <TextLine id="tr_2_tl_12" custom="readingOrder {index:11;}">
                <Coords points="1271,5092 1902,5191 2141,5075 2883,5020 3954,5092 4171,5028 4175,4883 1275,4973"/>
                <Baseline points="1296,5084 1314,5084 1403,5078 1493,5072 1583,5066 1672,5066 1762,5060 1852,5054 1941,5054 2031,5048 2120,5048 2210,5042 2300,5036 2389,5036 2479,5030 2568,5024 2658,5024 2748,5024 2837,5024 2927,5024 3017,5012 3106,5006 3196,5006 3285,5000 3375,5000 3465,4994 3554,4988 3644,4982 3733,4976 3823,4976 3913,4970 4002,4964 4092,4970 4182,4970"/>
                <TextEquiv>
                    <Unicode>Diskussionen müssen während ihres ganzen Verlaufs unter den</Unicode>
                </TextEquiv>
            </TextLine>
        </TextRegion>
    </Page>
</PcGts>
