4536 5512
280 276 548 441 dans le
1696 255 2063 531 G.C.H.F.
3315 399 3821 749 (1919)
795 474 1165 778 (Krieg)
1836 712 2256 902 was xxx
980 869 3912 1079 Niemals ist um irgend eine Idee Krieg geführt worden, es hat
782 968 3994 1227 sich nie um etwas anderes als um Machtkämpfe gehandelt, doch waren
782 1145 3994 1367 die Ideen als Vorwände, geglaubte xxt oder ungeglaubte, niemals zu
1894 1334 2207 1532 G.C.H.F.F:F:D'H:D:H:S:
819 1351 1334 1585 entbehren.
1038 1433 3978 1705 Es ist eine historische Fälschung, dass der 30 jährige Krieg
828 1593 4093 1832 ein Religionskrieg war. Beweis dagegen, dass schon wenige Jahre nach
832 1754 4039 2026 Beginn Protestanten im Heere des Kaisers und Katholiken bei seinen
836 1915 3973 2174 Gegnern x kämpften. Und in der zweiten Hälfte war das perzentuale
836 2121 2363 2293 Verhältnis geradezu verschoben.
1120 2199 4159 2433 Es lässt sich nicht nur beweisen, dass die Ideen, um die Kriege
840 2322 4142 2627 geführt wurden, den Völkern oder den Heeren vorgespiegelt vurden, es
852 2503 4060 2759 lässt sich sogar beweisen, dass die Führer, die Entfessler selbst
865 2668 4052 2895 entweder nicht an die Idee geglaubt haben, für die sie augenst an-
865 2858 3228 3072 geblich kämpften, oder dass sie Monomanen waren.
1153 2965 4101 3208 Hier schielt natürlich die insbesondere bei Poltikern zu hoher
840 3068 1021 3261 G.H.P
873 3162 4048 3401 Vollendung ausgebildete Kunst, die eigene Seele gebietsweise frei-
873 3282 3335 3574 willig ins Dunkel zu versetzen, eine grosse Rolle.
1762 3595 2923 3821 xxx Ihr xxxn ist.
3401 3710 3772 3899 (1915)
795 3776 1388 4002 (Krieg)
832 3858 4015 4126 auf die Vernünftigen sollen ihre Vernunft in der nächsten Zeit
807 3986 4072 4295 dazu verwenden, um die Macht zu bekommen statt dazu sich ihrer Ge-
824 4179 3982 4410 rechtigkeit und Weisheit zu freuen. Sobald sie einmal die Macht
893 4266 4196 4562 haben, steht dem Genuss ihrer Gerechtigkeit und Weisheit nichts mehr
873 4509 4187 4723 im Wege. Ja, dann erst verden diese schönen Eigenschaften ihren Sinn
877 4657 3076 4900 behalten. Vorher sind sie beinahe von Uebel.
2083 4855 2269 5056 aiez
