4616 5528
3228 477 3951 769 (Februar 1915)
739 598 1126 821 (Krieg)
761 679 4015 1096 und seine Anwendung muss natürlicherweise versagen. Das Völkerrecht
752 898 4213 1264 kann, wenn es seinem Sinn überhaupt entsprechen soll, nur als ein Volks-
774 1122 4226 1423 recht wiederaufleben oder vielmehr dann erst wirklich zu leben beginnen.
778 1303 4088 1539 Das internationale Recht kann nie reell werden, wenn nicht das Recht
795 1436 4226 1724 der einzelnen Völker vollkommen sichergestellt ist; und nie noch hat es
795 1603 3951 1857 sich so sehr wie jetzt gezeigt, dass von einem solchen Recht noch
800 1720 4187 2012 keine Rede sein kann, schon deswegen, weil sich das Volk selbst seiner
800 1909 3972 2162 ihm auf dem Papiere zustehenden Rechte sofort in ernsten Momenten
812 1995 4204 2321 der Geschichte teilweise aus Ueberzeugung, terweise äus Augustibili-
825 2257 3061 2493 tät, teilweise aus Feigheit selbst entäussert.
830 2541 1075 2644 G.H.F.P.P
