4664 5704
748 641 1141 922 (Krieg)
3323 678 3901 1008 (März 1916)
1401 1029 1628 1194 Mre.
777 996 3860 1252 dass Ihr das, was Ihr heute als Wahnwits betrachtet, in der Zeit
769 1248 950 1347 G.H.F.P.
785 1169 4013 1488 des Friedens durchaus als etwas Vernünftiges ansaht, wie über etwas
773 1380 3864 1657 Vernünftiges darüber spracht, ihm in der Oekonomie Eures Denkens
789 1521 3732 1794 durchaus keinen Platz innerhalb der wahnwitzigen und der ver-
789 1690 3835 1959 brecherischen, sondern innerhalb der gerechten und vernünftigen
781 1835 3909 2103 Elemente einräumte. Ihr spracht tatsöchlich vom Krieg als von der
781 1996 3868 2178 Pölitik mit anderen Mitteln, wie von irgend et es, das innerhalb
793 2112 3913 2298 der Welt genau so seine Berechtigung hätte, wie Verhandlungen, ja
798 2240 4025 2471 wie der Frieden selbst, wie Verhandlungen, zwei über irgend etwas,
793 2463 4112 2628 dass auch bei anständigen, vollsinnigen Menschen als etwas Erlaubtes,
802 2595 4120 2781 ja oft genug als etwas Hohes oder gar etwas Unabwendbares in Betracht
2343 2727 2521 2893 A:D:
785 2761 1099 2934 käme.
1074 2864 3748 3058 Und Ihr, die Ihr zu Beginn des Kriegs jubelnd ins Feld
802 3058 4013 3244 hinauszogt, und begeisterte Briefe nach Hause schriebet und heute,
802 3186 3996 3397 wenn Ihr nicht indes gefallen oder Krüppel oder irrsinnig geworden
806 3339 3938 3554 seid, das Ende herbeisehnt und Eurem Ekel, Euer Grauen, Euern
814 3500 3967 3703 namenlosen Zorn ob der sinnlosen Menschenschlächterei in die Welt
814 3641 3971 3860 schreit, habt Ihr damals, als Ihr begeistert hinauszogt, wirklich
806 3794 4050 4004 nicht gevusst, was der Krieg ist? Habt Ihr nicht gewust, xxxx
814 4004 4083 4166 Kriegrist? xxx dass in dem Vor Krieg wie in einer durchsichti-
818 4108 4066 4343 gen und zebrechlichen Schale alle jene andern Worte enthalten sind!
802 4261 4046 4467 Mord, Verstümmelung, Raub, Plünderung, Seuche, Blindheit, Läuse,
814 4451 4050 4604 Vergiftung, lebendiges Verbrennen, Ersticken, Verdursten und noch
793 4595 4099 4777 hundert andere, die nun plötzlich, da die Schale endlich serbrochen
806 4748 3971 4951 ist, wie böse Insekten durch die Luft fliegen und die ATHosphäre
1116 4938 1393 5100 nkeln?
831 4938 1079 5095 verdu
