4648 5704
1581 620 1820 851 P.4
2117 641 2557 851 „ —
3065 717 3639 1010 (März 1916)
692 738 1086 960 (Krieg)
906 985 3891 1249 An eine Besserung der Menschen ist so wenig zu glahen, dass
709 1153 4042 1342 man vielmehr als einen unumstösslichen Grundsatz aufstellen kann:
709 1287 3845 1472 So lange es einen einzigen Menschen auf Erden geben wird, der ohne
709 1379 4063 1576 ersichtliche persönliche Gefahr die Möglichkeit vor sich sieht, selbst
721 1530 3937 1694 um den Preis von hunderttausend Leichen und Krüppeln für sich einen
717 1614 3794 1778 Vorteil zu erringen; und so lange sich dieser selbe Mensch im Be-
700 1715 3870 1882 sitz der Macht oder des Einflusses befindet, einen Krieg herbeizu-
704 1761 4021 2025 führen, ebenso lange wird die Menschheit for der Gefahr eines Krieges
721 1916 3970 2117 sich nicht geschützt betrachten dürfen. Der Mensch ist das mitleids-
704 2071 3954 2222 loseste Lebewesen der ganzen Natur. Sein Mitleid reicht im Allge-
729 2188 3899 2365 meinen nicht weiter als bis zu dem Leid, das seine Sinne eben noch
721 2268 3870 2482 fassen können. Und in der tiefsinnigen Anekdote von dem Mann, der
721 2377 4079 2591 ruhig in seinem Zimmer sitzt, und immer nur auf einen Knopf zu drücken
729 2524 3979 2692 braucht, um für sich um den geringen Preis, dass im gleiche Augen-
734 2620 3761 2805 blick in China einem Mandarin der Kopf abgeschlagen wird, einen
729 2754 3857 2939 Wunsch erfüllt zu bekommen, geht nicht nur auf Kriegslieferanten,
729 2847 3895 3065 Diplomaten, auf Könige und Generäle, sondern auf uns alle. Wüsste
734 2981 3937 3149 der Mann im Zimmer mit der Hand auf den Knopf, könnte er sichs vor-
734 3111 3903 3266 stellen, dass er zugleich für irgend jemanden anderen der Mandarin
738 3186 3916 3379 ist, so würde er sich das Knopfdrücken vielleicht überlegen.
1023 3295 3878 3513 Worum handelt es sich also? Die stattlichen Organisationen
734 3450 3845 3601 soweit umzugestalten, dass die Existenz eines solchen Individuum
738 3572 3736 3740 (dem der Krieg einen Vorteil bringen kann und dem zugleich die
738 3627 3924 3865 Macht gegeben istm ihn zu entfesseln) vollkommen unmöglich gemacht
3308 3798 3622 3933 die des
2251 3803 2419 3958 G.C.F.P
759 3824 1782 4033 werde.
1023 3899 3920 4054 Die Schwierigkeiten einer solchen Umge-
734 4008 4109 4180 staltung sind natürlich ungeheuere und sind nur aus der Welt zu schaf-
746 4109 4021 4314 fen durch eine sich über die ganze bewohnte Erde spannende Organisa-
750 4234 4071 4419 tion aller derjenigen Menschen, denen der Krieg nur Nachteile bringen
792 4369 4000 4540 kann. Und da sich diese unbezweifelbar in der hunderttausend- oder
746 4494 3995 4645 millionenfachen Ueberzahl befinden, so müsste man glauben, dass die
750 4578 3949 4763 Schvierigkeiten einer solchen Organisation bei dem ungeheueren Vor-
759 4717 3861 4905 teil, den sie für die xyz Majorität der Menschheit mit sich
763 4842 4109 4997 brüchte, doch nicht unüberwindlich wären. Alle Beratungen, die in den
2947 4926 4142 5073 abgehalten werden, müssten
2339 4947 2591 5073 jedens
1681 4960 2100 5094 für den We
776 4968 1593 5132 einzelnen Staaten
