4616 5496
2412 271 2639 481 1
682 459 1049 704 (Krieg)
1084 511 1398 782 Sattner
752 612 931 708 M.S.
3173 472 3837 808 (Oktober 1914
1499 607 2172 830 Suttner
625 760 4103 1053 Gerede in den letzten Jahren ihreslebens war es mir beschieden,mit
651 1001 4068 1224 der merkwürdigen Frau einige wenige Stunden zu verbringen. Und da habe
664 1197 3990 1368 ich gefühlt: sie wäre eine wundersam heile Erscheinung gewesen, auch
669 1324 4007 1508 ohne das Leuchten jener Idee, die ihr eigentliche Grösse gab und die
3181 1473 3374 1630 G.H.F.P
3452 1460 3972 1630 begreifnet
669 1473 2897 1691 ihrem Namen die Unvergänglichkeit geben wird.
918 1647 4082 1831 Und wieviel muss ich, müssen viele, die ihre Sehnsucht, wenn auch
669 1800 4012 1975 nicht ihren Glauben teilte, in diesen ungeheueren Tagen ihrer denken,
656 1932 4029 2115 die sie nicht mehr erleben sollte, vielleicht nicht sehr erheben woll-
669 2098 3968 2246 te - wenn wir annehmen dürfen, dass in hohen Seelen auch ein höherer
682 2251 4047 2417 Wille ahnungsvoll unbewusst waltet. Und doch, sie ist zu früh dahinge-
673 2390 4152 2587 gangen, wie sie auch viel zu früh, um Jahrhunderte zu Früh kam, wenn wir
682 2587 4121 2788 nur diejenigen als die rechtzeitig Erscheinenden bezeichnen wollen, die
682 2757 4086 2937 die Welt zu ihrem Empfang bereit finden. Gerade das aber wird in jenen
682 2871 4029 3063 späteren Zeiten, die wir alle mit geringerem oder grösserem Vertrauen
673 3033 2098 3234 ersehnen, ihren Ruhm bdeuten.
900 3129 4121 3404 Und doch auch sie, wie wir Anderen, hätte zu ihrem eigenen Staunen
682 3339 4068 3496 vielleicht, angesichts der ungeheueren Ereignisse, die wir miterleben,
656 3531 3981 3693 noch andere Regungen in ihrer Seele gefunden als Schmerz, Grauen und
682 3653 3968 3832 Verzweiflung. Denn auch sie hätte irgendwo in der Tiefe ihres Wesens
673 3819 4186 4003 gefühlt, wie das, was sich jetzt in der Welt begibt, nicht nur furchtbar,
669 3964 4152 4152 sondern auch so glühend von unerbittlicher Notwendigkeit sich darbietet,
664 4108 4082 4318 dass wir alle - und wehrte sich unser Verstand tausendmal dagegen - in
651 4296 3950 4475 all unserer Verzweiflung, in unserem Schmerz und in unseren Grauen
843 4444 3990 4602 irgend etwas im Herzen spüren, das der Andacht zum mindesten ver-
656 4562 1189 4807 wandt ist,
835 4698 4130 4960 Das hat mit östhetischer Betrachtungsweise nichts zu tun, Umso weni-
634 4929 4016 5161 ger, als es diesmal keine Zuschauer gibt, sondern nur Beteiligte. Und
