4712 5656
626 617 1480 885 (Krieg - Suttner)
3135 644 3849 950 (Oktober 1914)
2233 740 2632 1007 besteht
622 915 4138 1152 selbst wer sich für einen Zuschauer hielte, wird sich bal dabei betreffen
622 1064 4107 1300 mitzutrauern, mitzuhassen mitzulieben, mitsurasen; und wer es versuchen
626 1239 4024 1454 wollte, gerecht zu sein, mild, verstehend, der wird fühlen, dass es ein
635 1384 4068 1629 Höheres gibt, als den Dingen nachzugehen, bis an jene letzten Urgründe,
639 1559 4015 1782 wo wir achzelsuckend,ermüdet, verzweifelt xxxx einen unbegreiflich
648 1677 3967 2005 waltenden Gott am Werke sehen. Dies Höhere aber heisst: der Gegenwart
648 1878 4120 2089 bewusst sein einer unter Vielen sein, und wissen, dass Gerechtigkeit
648 1988 4050 2233 in einer Welt des Unrechts fast im Sinne eines mathematischen Gesetzes
648 2198 2894 2478 notwendig als Ungerechtigkeit wirken muss.
