4280 5112
1009 662 1863 866 auf der Jahre oft
1217 833 1528 1038 längt 1
1083 997 2439 1189 kennen? Die, an die sich dies
1867 1136 2757 1348 ervoll, waren die I
821 1144 1822 1344 und angeekelt, als kunzt
723 1279 2386 1495 lebte. Ich habe sie niemals laut am
735 1467 2806 1646 leicht missverstanden werden. Mir fehlt jede
2782 1581 3190 1777 en, die
743 1601 2700 1806 in solchem Fall, mich an Leute ansuschliebte.
686 1663 940 1793 G.C.F.P.
735 1744 3918 1924 Ich habe mich nicht einsamer gefühlt, weil in den Kreise, der sich
940 1875 3864 2087 mich sammelte, Leute fehlten, die mich hätten verstehen können
699 2030 3779 2255 Ja, die mich ohneveiteres verstanden hätten und gern verstandene
735 2185 4020 2410 hätten, wenn ihnen zufällig unbekannt geblieben xxxx wäre, dass ich
748 2361 1544 2569 ein Jude bin.
919 2492 3971 2668 Und nun erlebe ich als Deutscher, als Angehöriger des deutschen
760 2623 3926 2839 Volkes, mit Millionen anderen Deutschen, mit Hunderttausenden, die
743 2819 3967 3011 mich nicht zu den ihren rechneten, und die es vielleicht auch heute
723 2966 3987 3150 noch nicht tun, trotz der Zusammengehörigkeit, die von gemeinsam er-
743 3113 3918 3284 duldeter Feindseligkeit stärker geschmiedet wird, als von gemeinsam
752 3243 3938 3431 geatmeter Luft, gemeinsan geliebten Werken und Menschen; nun erlebe
760 3419 3819 3611 ich es wieder, dass ich mich frage, zusammen mit jenen, die mich
735 3619 3881 3770 nicht zu den ihren rechneten: Warum kennt Ihr uns nicht? Warum wol
743 3742 3905 3913 Ihr uns nicht kennen? Und diese Frage geht weit in die Welt hinaus
776 3860 3775 4056 nach allen Himmelsrichtungen, in denen die Nationen, die Völker,
776 4056 3399 4261 Staaten leben, die sich nicht nur mit x kriegerischem Haar-
984 4195 1503 4387 mit lang gehört und mit lang ge¬
2439 4167 2864 4383 im Widerwi.
1083 4351 1565 4538 land wende
