4616 5608
858 451 1253 653 (Krieg)
3227 427 3594 745 (1918) 52
1080 612 4069 919 Die solidarität der Nächtigen ist viel stärker aus die Välker.
854 882 4049 1092 Sie geht durch die Jahrhunderte einher und es besteht (im gewissen
858 1027 4081 1293 Sinne) eine stärkere Zusammengehörigkeit zwischen den römischen Ce-
870 1193 4105 1450 saren (?) den Königen von Frankreich und den Zaren als zwischen den
870 1366 4037 1531 gleichzeitig lebenden Proletariern zweier Nachbarvölker. Die Soli-
890 1515 4077 1676 darität der Mächtigen ist eine solche der Idee, die der Völker eine
874 1676 1644 1950 solche der Not.
939 2224 1499 2421 d, dass sehr
814 2373 971 2566 G.F.P.
753 2643 1068 2881 H.F.P.
