4616 5528
3078 358 3743 627 (Januarre 1915)
678 354 1078 627 (Krieg)
821 733 3957 1031 Beinahe niemals will ein Monarch den Krieg, Jeder muss zum Krieg
711 918 4046 1217 gezwungen werden. In ihrem Beruf sind sie, wenn sie nicht Genies sind,
737 1019 4101 1335 wie Friedrich oder Napolson, Marionetten. Ausserhalb ihres Berufs sind
720 1175 4105 1553 sie Menschen vie andere. Hieraus entstehen tragische Konflikte,
1983 1431 2438 1604 je me même
888 1465 4105 1802 Bis hierher Bemerkung von Professor Redlich.
745 1810 1271 2004 nich kennen
2539 2185 2808 2362 — —
3246 2412 3903 2665 (Januar 1915)
766 2572 1141 2787 (Krieg)
817 2741 4159 3073 Eine völkerpsychologische Tatsache: Bei langdauernden Regierungen
762 2960 4143 3242 passen, sich die Individuen äusserlich und innerlich dem Typus des be-
770 3082 3983 3381 treffenden Monarchen irgendwie an. xxx Je schwächer das Individuum
787 3208 4113 3528 ist und je näher es sozial, oder auch nur der Gesinnung nachm dem Mo-
783 3402 4130 3646 narchen steht, umso deutlicher wird dien Aehnlichkeit sich ausprägen.
1372 3557 4109 3936 (Eine Bemerkung des Abg.Prof.Redlich im Gespräch).
1343 3806 1789 4000 estern ha
2088 3898 2299 4075 etern
1242 3936 1945 4147 ersich rungen,
855 4151 1200 4307 ren und
880 4235 1617 4454 heute soll der
867 4433 1356 4648 gestern d
1141 4736 2168 4938 Dort, wo der Krieg,
897 4850 2248 5077 Tod geht, gibt es keinen Haus
1145 4993 2269 5241 wird, umso eher findet
