4616 5512
1624 298 2246 477 1 - 11.
1269 228 1497 455 17.
714 503 1112 753 (Krieg)
3025 591 3734 762 (Februar 1915)
3283 731 3681 906 nicht sehr
2513 665 2981 946 zuhalten,
1173 744 1348 932 G.H.P.
937 753 2416 1042 Wodurch werden Kriege möglich?
924 884 4001 1226 1. Durch die Schurkerei der Mächtigen, 2. die Dummheit der Diplo-
762 1094 3042 1331 matie und 3. die Phantasielosigkeit der Völker.
998 1213 4132 1532 Diese letzte wird unterstützt durch die in Geschichte und Politik
762 1423 2180 1637 übliche Flucht ins Abstrakte.
998 1480 4132 1874 Schon die Mehrzahl an sich hat die geheimnisvolle Kraft, das Kon-
762 1725 2342 1930 krete ins Abstrakte umzusaubern.
1002 1904 4058 2079 Tausend Verwundete stellen sich für die Phantasie keineswegs so
770 1961 4246 2254 schlimm dar als ein Verwundeter. Sie ödeuten nicht tausendmal eins, auch
770 2206 4093 2504 nicht eine, auch nicht einen Bruchteil von eins, sondern sogar etwas
3935 2390 4242 2552 nur die
805 2373 1650 2570 qualitiv anderes.
1795 2469 1992 2605 G.C.F.P.
1033 2408 4150 2697 Es liegt im Interesse des Staates, diesen Denkfehler aufrecht zu
805 2578 4268 2968 erhalten, vom Einzelnen abzusehen. Er selbst geht ja mit schlechtem Bei,
801 2850 1414 3034 spiel voran.
1037 2880 4067 3174 Die Unfähigkeit der Menschen, selbst der Phantasievollen, sich
805 3055 4294 3331 etwas "vorzustellen", ihre Phantasielosigkeit, ist eine ausserordentliche
805 3274 4185 3506 immer wieder von Neuem überraschende. Zu erklären ist sie nur als eine
823 3428 4198 3673 im Laufe der Zeiten allmählich entstandene innerliche Abwehr gegenüber
805 3598 4185 3822 der von den menschlichen Sinnen nicht zu ertragenden Grauenhaftigkeit
827 3703 4316 3944 der Welt. Könnte man sich den Tod vorstellen, so wäre das Leben gewisser-
832 3887 4080 4141 massen unmöglich. Und ebenso wenig, wie den Tod stellt sich jemals
840 4032 4132 4325 der Mensch Ende, Trennung, Leid wirklich vor. Was er gewohnt ist als
805 4207 4150 4426 "Vorstellung" zu bezeichnen, ist Erinnerung, und zwar nicht einmal Tat-
792 4325 4150 4574 sachenerinnerung, sondern Wort-oder Bildererinnerung. Dass alles, was
792 4487 4233 4750 geschieht, schon im nächsten Augenblick Erinnerung ist, macht das Dasein
792 4671 4312 4881 erst möglich. Manches, was wir Wahnsinn nennen, ist zweifellos nichts an-
801 4842 4294 5069 deres, als eine durch angeborene oder erworbene Gefühlsintensität hervor
