4360 5352
3086 264 3349 502 1e
2762 298 2937 523 P.S.
3481 391 3778 654 1924
3217 463 3430 688 70)
718 561 1084 808 (Krieg)
3107 616 3855 829 (Oktober 1914)
722 824 3816 994 zuweilen darf man es auch' Politik heissen, mit uns föchte statt
718 969 3642 1139 gegen uns. Nur dürften wir ihn dann keinen Schurken heissen.
982 1109 4093 1288 Das mag in solcher Zeit nach platter Sentimentalität ausschauen;
574 1237 3986 1475 es ist nichts als der Versuch, eine kleine Provinz unserer so vielfach
718 1398 4131 1594 gefährdeten Seele vor Ueberflutung durch die brausenden Wasser der Ver-
735 1581 1624 1768 wirrung zu hüten.
3340 1692 4016 1887 Und wir können
722 1726 1173 1887 Pronfolger
1012 1866 3986 2040 Auch wollen wir Euch, meine Lieben, die Versicherung schenken,
722 2006 3957 2218 dass Ihr Goethe verehrt. Wir verehren Rousseau, Voltaire, Flaubert,
718 2168 3936 2359 Stendhal und noch viele Andere., und hätten nicht einmal gegen den
718 2350 4038 2503 feinen Schriftsteller Barrès etwas einzuwenden, wenn er nicht ausser-
735 2524 4054 2665 dem ein beschränktes, bösartiges und lügenhaftes Individuum wäre, was
740 2639 3834 2818 wir aber auch zu Friedenszeiten gewusst und ausgesprochen haben.
3587 2775 3893 2962 G.C.H.F.P
1012 2937 3880 3128 Lächerlich, ja unwürdig, erscheint mir der Kleinmit mancher
727 3086 3931 3294 Künstler, die sich plötzlich überflüssig erscheinen, weil nun nach
740 3268 4097 3464 ihren Erzeugnissen keine Nachfrage ist. Das Militär ist sich durch ein
740 3426 4076 3596 halbes Jahrhundert, währenddessen wir es scheinbar nicht gebraucht ha-
735 3544 4156 3766 ben, geviss nicht überflüssig erschienen, und hat mit dieser Empfindung
748 3727 3923 3902 völlig recht gehabt. Aber ebenso wenig sind die Künstler nun über-
735 3893 4025 4072 flüssig geworden. Sie sollen im Stillen weiter manövrieren und stets
748 4054 3986 4216 in Bereitschaft sein. Jeden Moment kann der Friede ausbrechen. Wehe
727 4186 2712 4462 ###h Buch, wenn Ihr nicht gerüstet seid.
1012 4416 4093 4684 Wenn es einen Beweis gibt für die Unehrlichkeit unserer Gegner,
740 4679 4059 4854 so ist es der, dass von ihnen allen von Anbeginn die eigentliche Ver-
790 4815 4072 5058 anlassung dieses Krieges in Telegrammen, in Polemiken, in Communiqués
