4616 5608
1576 383 1989 607 "    1   "
2406 350 2722 548 .1.
813 544 1192 860 (Krieg)
3181 565 3729 855 (März 1916)
940 885 2865 1138 Ihr vollt den Krieg menschlicher machen?
923 1087 3746 1310 Da müsste man ja die Menschen menschlicher machen. Und das
3582 1142 3839 1319 G.F.P.
805 1277 1622 1487 scheint unmöglich
3316 1277 3674 1428 nommé de
2301 1281 2705 1445 Monsieur Mme
1694 1281 1879 1441 G.F.P.
931 1403 4062 1601 Nicht die Grausamkeit, die doch immer nur gewi sermassen als eine
805 1513 4155 1770 akute Krankheit auftritt, sondern die Gleichgültigkeit ist das Furcht-
813 1715 4134 1930 bare, weil gefährlichere und unüberwindliche Uebel. Denn gleichgültig
2591 1820 2764 1905 G.C.F.P.
826 1871 4049 2065 sind wir im Grunde alle mehr oder weniger. (Diese Gleichgültigkeit
1749 1980 1943 2056 G.C.F.P.
813 1997 4079 2221 hat sich wahrscheinlich im Kampf ums Dasein entwickelt, da nur durch
830 2191 3927 2368 sie das Leben, das Weiterleben überhaupt möglich wurde.) Die Mit-
817 2322 4083 2524 leidigen im wahren Sinn des Wortes (nicht die Sentimentalen) mussten
817 2486 4062 2688 aussterben. In Wirklichkeit sind wir Alle ohne Mitleid. Was kümmern
3459 2562 3636 2642 G.C.F.P.
864 2625 3990 2836 uns Hunderttausend, die ein Erdbeben in Australien vernichtet? Was
826 2781 4092 2979 kümmern uns die zvanzigtausend Feinde, die gefallen sind? Was kümmen
830 2929 4142 3114 uns die zehntausend gefallenen Landsleute, wenn wir ganz ehrlich sein
826 3080 4125 3304 wollen, die Landsleute, die wir nicht kenne, die uns nichts bedeuten?
843 3257 3965 3443 Unser Herz sieht gerade zehn Schritte weit. Ja, unser Sohn, umser
830 3325 4146 3599 Bruder, umser Neffe, unser Freund, meinetwegen unser guter Bekannter,
843 3548 4226 3771 um den tut es uns leid, aber der Herr X. aus Schärding, der als schwer-
834 3738 4159 3915 verwundet auf der Liste steht,- schlägt unser Herz darum stärker? Ja,
847 3868 4117 4054 der Krüppel, der eben an uns vorbeihinkte, der Blindgeschossene, den
834 4007 4201 4222 sie eben vorübe führen, der treibt uns vielleicht die Tränen ins Auge,
847 4138 4214 4353 aber weinen wir tausendmal mehr, wenn wir von tausende Krüppeln lesen?-
826 4264 4205 4492 Nein, nicht einmal so viel, als wir beim Anblick des Einen geweint ha-
843 4462 4172 4631 bent Wir sind völlig ohne Vorstellungsgabe. Eher haben wir noch Phan-
843 4580 4083 4795 tasie. Die Phantasie ist zuchtlos und geht ins Irre, daher sind wir
847 4740 4134 5048 ihr gewachsen. Wir haben das Recht, nicht die Bilder zu glauben,?
