4680 5720
3191 546 3775 804 (März 1916)
671 619 1058 838 (K=ieg)
662 808 4033 1105 die 40% einfach fügen? Bedeutete es nicht die grösste Ungerechtigkeit
675 1019 3212 1264 auf 40/6 zu Gunsten xx von 60/4 einen Zwang auszuüben?
778 1054 4111 1363 Noch unlösbarer die Judenfrage. Es gibt keine jüdischen Provinzen.
675 1200 3960 1471 In Polen leben Russen, Ruthenen, Deutsche, deutsche Juden, russische
697 1277 4154 1578 Juden durcheinander. Eine Wahl, die getroffen würde, käme eigentlich nur
692 1501 2352 1711 dem Zwang zur Auswanderung gleich.
937 1526 4064 1810 Rolland weiss nichts davon, dassm im englischen Parlament, ebenso
705 1690 4008 1905 im italienischen die Vernichtung Deutschlands proklamiert worden ist.
710 1776 4029 2034 Er glaubt wirklich, denn an seiner Ehrlichkeit ist nicht zu zweifeln,
710 1918 3909 2141 nicht nur, dass Deutschland die Hauptschuld an diesen Kriege trägt,
710 1974 3952 2258 sondern dass es ihn gewollt hat aus Eroberungsgründen. Deutschland
722 2120 4132 2365 sollte tatsächlich gewünscht haben, zugleich gegen Frankreich, Russland,
722 2236 4094 2503 England, Belgien Krieg zu führen? Glaubt das ein vernünftiger Mensch?
731 2348 3995 2632 Welche Länder Deutschland eigentlich erobern wollte, ist niemals ge-
735 2610 1337 2748 sagt worden.
1062 2567 3947 2825 Gegen den Versuch Englands Deutschland auszuhungern, findet
727 2778 1630 3019 Rolland kein Wort.
1127 3109 3904 3358 Rollands Lob erhalten Wilhelm Herzog, der Herausgeber des
757 3255 3990 3474 Forum, Renée Schickele, der Herausgeber der Weissen Blätter,Anndte
752 3367 4055 3638 Kmig Kolb, eine Deutsch-Französin und auch einige deutsche Dichter,
761 3513 3934 3750 die sich inn ihren Feldpostbriefen gegen den Krieg im Allgemeinen
761 3638 3999 3848 aussprechen. Durch den Zusammenhang aber wird bei den Leser der An-
765 3715 4008 3947 schein erweckt, als bedeute diese Stellungnahme gegen den Krieg als
778 3844 3904 4051 solchen auch eine Stellungnahme gegen die deutsche Regierung, die
783 3973 3960 4192 diesen Krieg ja nach R.'s Meinung ausschliesslich verursacht habe.
1152 4438 4141 4739 R. ist wegen einiger seiner Aufsätze in Frankreich angegriffen
783 4653 4145 4876 worden. Er hatte darin auszusprechen gewagt, dass es auch in Deutsch-
783 4777 4089 5018 land begabte, kluge und anständige Menschen gäbe. Man kann nicht ge-
783 4872 4210 5138 rade behaupten, dass dies eine Fanfare für Deutschland bedeutet, insbe-
800 4984 4227 5246 sondere da immer wieder die Schuld an den Krieg so gut wie ausschliess-
