<?xml version="1.0" encoding="UTF-8" standalone="yes"?>
<PcGts xmlns="http://schema.primaresearch.org/PAGE/gts/pagecontent/2013-07-15" xmlns:xsi="http://www.w3.org/2001/XMLSchema-instance" xsi:schemaLocation="http://schema.primaresearch.org/PAGE/gts/pagecontent/2013-07-15 http://schema.primaresearch.org/PAGE/gts/pagecontent/2013-07-15/pagecontent.xsd">
    <Metadata>
        <Creator>prov=READ-COOP:name=TrHtr:version=2.1.0:model_id=51170:date=15_08_2023_03:09</Creator>
        <Created>2023-05-10T15:08:37.890+02:00</Created>
        <LastChange>2023-08-15T03:09:08.558+02:00</LastChange>
        <TranskribusMetadata docId="1428807" pageId="55430868" pageNr="51" tsid="132838179" status="IN_PROGRESS" userId="64420" imgUrl="https://files.transkribus.eu/Get?id=CVMHSLLUQNMZZICVJAVAYEZF&amp;fileType=view" xmlUrl="https://files.transkribus.eu/Get?id=VQGVDYNJAKEAGWLJCDJEFZPG" imageId="44704940"/>
    </Metadata>
    <Page imageFilename="1428807_0051.jpg" imageWidth="4520" imageHeight="5464">
        <ReadingOrder>
            <OrderedGroup id="ro_1711804788179" caption="Regions reading order">
                <RegionRefIndexed index="0" regionRef="tr_1"/>
                <RegionRefIndexed index="1" regionRef="tr_2"/>
            </OrderedGroup>
        </ReadingOrder>
        <TextRegion id="tr_1" custom="readingOrder {index:0;}">
            <Coords points="794,535 4126,535 4126,3115 794,3115"/>
            <TextLine id="tr_1_tl_1" custom="readingOrder {index:0;}">
                <Coords points="775,683 821,704 976,683 1014,700 1135,704 1135,461 1014,423 934,478 834,452 775,465"/>
                <Baseline points="800,591 877,585 967,585 1056,585 1146,585"/>
                <TextEquiv>
                    <Unicode>(Krieg)</Unicode>
                </TextEquiv>
            </TextLine>
            <TextLine id="tr_1_tl_2" custom="readingOrder {index:1;}">
                <Coords points="3477,720 3531,729 3594,712 3661,741 3732,691 3799,700 3808,440 3766,431 3720,452 3694,440 3644,461 3590,431 3565,440 3544,427 3510,457 3489,457"/>
                <Baseline points="3505,627 3547,621 3636,615 3726,615 3815,609"/>
                <TextEquiv>
                    <Unicode>(1919)</Unicode>
                </TextEquiv>
            </TextLine>
            <TextLine id="tr_1_tl_3" custom="readingOrder {index:2;}">
                <Coords points="963,959 4097,947 4097,725 3996,691 3443,771 3037,695 2358,842 968,712"/>
                <Baseline points="985,955 1062,961 1152,961 1242,955 1331,955 1421,961 1510,955 1600,955 1689,955 1779,955 1869,955 1958,949 2048,949 2137,943 2227,943 2316,943 2406,943 2496,937 2585,937 2675,937 2764,937 2854,937 2943,931 3033,931 3123,931 3212,925 3302,925 3391,925 3481,925 3571,919 3660,919 3750,919 3839,919 3929,913 4018,919 4108,931"/>
                <TextEquiv>
                    <Unicode>Sie schreiben und gebärden sich nicht etwa als hätte Deutschland</Unicode>
                </TextEquiv>
            </TextLine>
            <TextLine id="tr_1_tl_4" custom="readingOrder {index:3;}">
                <Coords points="771,1118 1462,1123 1768,1244 4097,1240 4101,951 4004,930 775,968"/>
                <Baseline points="794,1116 883,1116 973,1116 1062,1116 1152,1116 1242,1116 1331,1110 1421,1110 1510,1110 1600,1110 1689,1104 1779,1104 1869,1104 1958,1104 2048,1098 2137,1098 2227,1092 2316,1092 2406,1092 2496,1092 2585,1092 2675,1086 2764,1086 2854,1086 2943,1086 3033,1086 3123,1080 3212,1074 3302,1074 3391,1074 3481,1074 3571,1068 3660,1068 3750,1068 3839,1062 3929,1062 4018,1062 4108,1068"/>
                <TextEquiv>
                    <Unicode>diesen Krieg angezettelt, sondern als hätte Deutschland überhaupt den</Unicode>
                </TextEquiv>
            </TextLine>
            <TextLine id="tr_1_tl_5" custom="readingOrder {index:4;}">
                <Coords points="771,1278 859,1303 959,1278 1047,1294 1081,1265 1164,1307 1420,1278 1479,1307 1541,1286 1546,1135 1077,1123 980,1164 930,1127 775,1123"/>
                <Baseline points="794,1265 883,1265 973,1265 1062,1265 1152,1265 1242,1260 1331,1260 1421,1260 1510,1260 1552,1265"/>
                <TextEquiv>
                    <Unicode>Krieg erfunden.</Unicode>
                </TextEquiv>
            </TextLine>
            <TextLine id="tr_1_tl_6" custom="readingOrder {index:5;}">
                <Coords points="1009,1428 3271,1407 3309,1257 1621,1211 1483,1303 1009,1290"/>
                <Baseline points="1033,1409 1074,1415 1164,1415 1254,1415 1343,1409 1433,1409 1522,1409 1612,1415 1701,1409 1791,1409 1881,1403 1970,1403 2060,1403 2149,1403 2239,1397 2328,1403 2418,1397 2508,1397 2597,1397 2687,1397 2776,1391 2866,1391 2955,1391 3045,1391 3135,1391 3224,1391 3314,1391"/>
                <TextEquiv>
                    <Unicode>Geschichtliche Unkenntnis kommt ihnen zustatten.</Unicode>
                </TextEquiv>
            </TextLine>
            <TextLine id="tr_1_tl_7" custom="readingOrder {index:6;}">
                <Coords points="1022,1571 3979,1562 4017,1391 1026,1428"/>
                <Baseline points="1045,1564 1068,1564 1158,1564 1248,1570 1337,1564 1427,1564 1516,1564 1606,1558 1695,1558 1785,1558 1875,1558 1964,1558 2054,1558 2143,1558 2233,1558 2322,1552 2412,1552 2502,1552 2591,1552 2681,1552 2770,1552 2860,1552 2949,1546 3039,1540 3129,1540 3218,1540 3308,1540 3397,1534 3487,1534 3576,1528 3666,1528 3756,1528 3845,1522 3935,1522 4024,1510"/>
                <TextEquiv>
                    <Unicode>Trotzdem dürfte selbst dem grössten Ignoranten nicht unbekannt</Unicode>
                </TextEquiv>
            </TextLine>
            <TextLine id="tr_1_tl_8" custom="readingOrder {index:7;}">
                <Coords points="787,1755 3933,1768 3963,1554 792,1546"/>
                <Baseline points="812,1731 836,1725 925,1725 1015,1725 1104,1725 1194,1725 1283,1719 1373,1719 1463,1719 1552,1719 1642,1719 1731,1713 1821,1713 1910,1713 2000,1713 2090,1707 2179,1707 2269,1707 2358,1707 2448,1707 2537,1701 2627,1701 2717,1701 2806,1701 2896,1695 2985,1695 3075,1695 3164,1695 3254,1689 3344,1689 3433,1689 3523,1689 3612,1683 3702,1678 3791,1678 3881,1678 3971,1678"/>
                <TextEquiv>
                    <Unicode>sein, dass Kriege geführt wurden, so lange die Welt steht und dass</Unicode>
                </TextEquiv>
            </TextLine>
            <TextLine id="tr_1_tl_9" custom="readingOrder {index:8;}">
                <Coords points="783,1923 3636,1977 4009,1931 4013,1726 787,1751"/>
                <Baseline points="806,1881 883,1881 973,1881 1062,1881 1152,1881 1242,1875 1331,1875 1421,1869 1510,1869 1600,1869 1689,1869 1779,1869 1869,1869 1958,1869 2048,1863 2137,1863 2227,1863 2316,1863 2406,1857 2496,1857 2585,1857 2675,1857 2764,1857 2854,1851 2943,1851 3033,1851 3123,1851 3212,1845 3302,1845 3391,1845 3481,1845 3571,1839 3660,1839 3750,1839 3839,1833 3929,1833 4018,1833"/>
                <TextEquiv>
                    <Unicode>er - dies das Wesentliche - immer als Möglichkeit, wenn schon nicht</Unicode>
                </TextEquiv>
            </TextLine>
            <TextLine id="tr_1_tl_10" custom="readingOrder {index:9;}">
                <Coords points="783,2040 2329,2048 2425,2036 2429,1893 1139,1893 787,1952"/>
                <Baseline points="806,2036 830,2036 919,2036 1009,2036 1098,2030 1188,2030 1277,2030 1367,2030 1457,2024 1546,2024 1636,2024 1725,2024 1815,2024 1904,2018 1994,2018 2084,2018 2173,2012 2263,2018 2352,2012 2442,2012"/>
                <TextEquiv>
                    <Unicode>als Notwendigkeit in Betracht kam.</Unicode>
                </TextEquiv>
            </TextLine>
            <TextLine id="tr_1_tl_11" custom="readingOrder {index:10;}">
                <Coords points="1018,2187 3891,2166 3925,1981 1018,2044"/>
                <Baseline points="1039,2185 1068,2185 1158,2185 1248,2185 1337,2185 1427,2179 1516,2179 1606,2179 1695,2179 1785,2179 1875,2173 1964,2173 2054,2173 2143,2173 2233,2167 2322,2167 2412,2167 2502,2167 2591,2167 2681,2161 2770,2161 2860,2161 2949,2161 3039,2155 3129,2155 3218,2149 3308,2149 3397,2149 3487,2149 3576,2143 3666,2149 3756,2143 3845,2143 3935,2143"/>
                <TextEquiv>
                    <Unicode>Niemals galt es schon an sich als eine ungeheuere Schurkerei</Unicode>
                </TextEquiv>
            </TextLine>
            <TextLine id="tr_1_tl_12" custom="readingOrder {index:11;}">
                <Coords points="796,2354 4004,2379 4009,2174 800,2182"/>
                <Baseline points="818,2340 883,2346 973,2346 1062,2340 1152,2340 1242,2340 1331,2340 1421,2340 1510,2334 1600,2334 1689,2334 1779,2328 1869,2328 1958,2328 2048,2328 2137,2328 2227,2328 2316,2322 2406,2328 2496,2322 2585,2322 2675,2316 2764,2316 2854,2316 2943,2316 3033,2316 3123,2311 3212,2311 3302,2311 3391,2305 3481,2305 3571,2305 3660,2299 3750,2299 3839,2299 3929,2293 4018,2293"/>
                <TextEquiv>
                    <Unicode>einen Krieg anzufangen oder ihn gar zu erklären (wenn es auch wahr-</Unicode>
                </TextEquiv>
            </TextLine>
            <TextLine id="tr_1_tl_13" custom="readingOrder {index:12;}">
                <Coords points="796,2509 4084,2492 4118,2375 800,2354"/>
                <Baseline points="818,2496 901,2496 991,2496 1080,2490 1170,2490 1260,2490 1349,2490 1439,2490 1528,2490 1618,2484 1707,2484 1797,2484 1887,2484 1976,2478 2066,2478 2155,2478 2245,2478 2334,2478 2424,2478 2514,2478 2603,2478 2693,2472 2782,2472 2872,2472 2961,2466 3051,2466 3141,2460 3230,2460 3320,2460 3409,2460 3499,2460 3588,2460 3678,2454 3768,2454 3857,2454 3947,2448 4036,2448 4126,2454"/>
                <TextEquiv>
                    <Unicode>scheinlich immer eine var). Kriegerisch, kampfesfreudig, Heldenhaftig-</Unicode>
                </TextEquiv>
            </TextLine>
            <TextLine id="tr_1_tl_14" custom="readingOrder {index:13;}">
                <Coords points="783,2651 1889,2744 2505,2639 3837,2664 3841,2471 787,2555"/>
                <Baseline points="806,2645 895,2651 985,2645 1074,2645 1164,2645 1254,2645 1343,2645 1433,2645 1522,2639 1612,2639 1701,2639 1791,2639 1881,2639 1970,2633 2060,2633 2149,2633 2239,2633 2328,2627 2418,2633 2508,2627 2597,2627 2687,2627 2776,2627 2866,2627 2955,2621 3045,2621 3135,2615 3224,2615 3314,2615 3403,2615 3493,2615 3582,2615 3672,2609 3762,2609 3851,2603"/>
                <TextEquiv>
                    <Unicode>keit und andere Worte ähnlicher Bedeutung galten keineswegs als</Unicode>
                </TextEquiv>
            </TextLine>
            <TextLine id="tr_1_tl_15" custom="readingOrder {index:14;}">
                <Coords points="804,2882 4113,2844 4113,2681 3954,2639 1893,2744 808,2677"/>
                <Baseline points="830,2806 895,2800 985,2800 1074,2800 1164,2800 1254,2800 1343,2800 1433,2800 1522,2800 1612,2794 1701,2794 1791,2794 1881,2788 1970,2794 2060,2788 2149,2788 2239,2788 2328,2788 2418,2788 2508,2782 2597,2782 2687,2782 2776,2782 2866,2776 2955,2776 3045,2770 3135,2770 3224,2770 3314,2770 3403,2770 3493,2770 3582,2770 3672,2770 3762,2764 3851,2764 3941,2758 4030,2758 4120,2764"/>
                <TextEquiv>
                    <Unicode>Schmähungen, (wenn sie vielleicht auch immer dafür hätten gelten sol-</Unicode>
                </TextEquiv>
            </TextLine>
            <TextLine id="tr_1_tl_16" custom="readingOrder {index:15;}">
                <Coords points="787,2974 825,2982 884,2974 909,2991 930,2970 976,2982 1005,2974 1064,2982 1064,2869 980,2865 951,2886 934,2873 875,2886 850,2873 817,2907 787,2907"/>
                <Baseline points="812,2955 901,2961 991,2955 1074,2961"/>
                <TextEquiv>
                    <Unicode>len).</Unicode>
                </TextEquiv>
            </TextLine>
            <TextLine id="tr_1_tl_17" custom="readingOrder {index:16;}">
                <Coords points="1018,3121 4109,3104 4063,2882 1022,2903"/>
                <Baseline points="1045,3105 1074,3105 1164,3105 1254,3105 1343,3105 1433,3099 1522,3105 1612,3099 1701,3099 1791,3093 1881,3099 1970,3093 2060,3093 2149,3093 2239,3093 2328,3093 2418,3093 2508,3093 2597,3087 2687,3087 2776,3087 2866,3087 2955,3081 3045,3075 3135,3075 3224,3075 3314,3075 3403,3075 3493,3069 3582,3075 3672,3069 3762,3069 3851,3069 3941,3069 4030,3063 4120,3069"/>
                <TextEquiv>
                    <Unicode>Aber freuen wir uns immerhin, dass die Menschheit in ihrer unge-</Unicode>
                </TextEquiv>
            </TextLine>
        </TextRegion>
        <TextRegion id="tr_2" custom="readingOrder {index:1;}">
            <Coords points="812,3174 4174,3174 4174,4990 812,4990"/>
            <TextLine id="tr_2_tl_1" custom="readingOrder {index:0;}">
                <Coords points="796,3280 4017,3242 4021,3095 796,3146"/>
                <Baseline points="818,3266 889,3260 979,3266 1068,3260 1158,3260 1248,3260 1337,3260 1427,3260 1516,3254 1606,3248 1695,3254 1785,3248 1875,3254 1964,3254 2054,3254 2143,3248 2233,3248 2322,3248 2412,3248 2502,3248 2591,3248 2681,3242 2770,3242 2860,3242 2949,3236 3039,3236 3129,3236 3218,3236 3308,3236 3397,3230 3487,3230 3576,3230 3666,3224 3756,3224 3845,3224 3935,3224 4024,3230"/>
                <TextEquiv>
                    <Unicode>heueren Mehrzahl für den Augenblick (lange wird es ja nicht dauern)</Unicode>
                </TextEquiv>
            </TextLine>
            <TextLine id="tr_2_tl_2" custom="readingOrder {index:1;}">
                <Coords points="800,3431 3979,3460 4168,3397 4172,3188 800,3288"/>
                <Baseline points="824,3421 859,3421 949,3415 1039,3415 1128,3415 1218,3415 1307,3409 1397,3409 1486,3409 1576,3409 1666,3409 1755,3409 1845,3403 1934,3403 2024,3403 2113,3403 2203,3397 2293,3403 2382,3397 2472,3397 2561,3397 2651,3397 2740,3391 2830,3391 2920,3391 3009,3385 3099,3385 3188,3385 3278,3385 3367,3385 3457,3385 3547,3385 3636,3385 3726,3379 3815,3379 3905,3385 3994,3373 4084,3367 4174,3367"/>
                <TextEquiv>
                    <Unicode>zu einer richtigen Auffassung thisch vom Wesen des Kriegs und psycho-</Unicode>
                </TextEquiv>
            </TextLine>
            <TextLine id="tr_2_tl_3" custom="readingOrder {index:2;}">
                <Coords points="808,3619 2957,3548 3338,3707 3979,3632 3984,3477 813,3435"/>
                <Baseline points="836,3576 859,3571 949,3571 1039,3576 1128,3571 1218,3565 1307,3565 1397,3565 1486,3565 1576,3565 1666,3565 1755,3565 1845,3559 1934,3559 2024,3559 2113,3559 2203,3553 2293,3553 2382,3553 2472,3553 2561,3553 2651,3553 2740,3553 2830,3547 2920,3547 3009,3547 3099,3547 3188,3541 3278,3541 3367,3541 3457,3541 3547,3541 3636,3541 3726,3535 3815,3529 3905,3529 3994,3523"/>
                <TextEquiv>
                    <Unicode>logisch vom Wesen des Heldentums gekommen zu sein scheint. Keines-</Unicode>
                </TextEquiv>
            </TextLine>
            <TextLine id="tr_2_tl_4" custom="readingOrder {index:3;}">
                <Coords points="808,3749 2982,3724 2987,3552 1206,3577 808,3665"/>
                <Baseline points="830,3726 841,3732 931,3732 1021,3732 1110,3732 1200,3726 1289,3720 1379,3726 1469,3720 1558,3720 1648,3720 1737,3720 1827,3720 1916,3714 2006,3714 2096,3714 2185,3708 2275,3708 2364,3708 2454,3708 2543,3708 2633,3702 2723,3702 2812,3702 2902,3702 2991,3702"/>
                <TextEquiv>
                    <Unicode>falls bestand diese Auffassung im Jahre 1914.</Unicode>
                </TextEquiv>
            </TextLine>
            <TextLine id="tr_2_tl_5" custom="readingOrder {index:4;}">
                <Coords points="1026,3916 4000,3862 4000,3753 3414,3678 1030,3774"/>
                <Baseline points="1050,3893 1140,3881 1230,3881 1319,3875 1409,3881 1498,3875 1588,3875 1678,3875 1767,3875 1857,3869 1946,3869 2036,3869 2125,3869 2215,3863 2305,3863 2394,3857 2484,3863 2573,3857 2663,3857 2752,3863 2842,3857 2932,3857 3021,3851 3111,3851 3200,3851 3290,3851 3379,3845 3469,3845 3559,3845 3648,3845 3738,3839 3827,3839 3917,3839 4006,3833"/>
                <TextEquiv>
                    <Unicode>A priori darf und durfte die Welt also nicht einen Staatsmann</Unicode>
                </TextEquiv>
            </TextLine>
            <TextLine id="tr_2_tl_6" custom="readingOrder {index:5;}">
                <Coords points="808,4076 3586,4084 4030,4021 4030,3854 808,3954"/>
                <Baseline points="830,4042 907,4042 997,4036 1086,4036 1176,4036 1265,4036 1355,4036 1445,4030 1534,4030 1624,4030 1713,4030 1803,4030 1892,4024 1982,4024 2072,4024 2161,4018 2251,4018 2340,4018 2430,4018 2520,4018 2609,4018 2699,4012 2788,4012 2878,4012 2967,4012 3057,4006 3147,4006 3236,4006 3326,4006 3415,4006 3505,4000 3594,4000 3684,4000 3774,4000 3863,3994 3953,3994 4042,3989"/>
                <TextEquiv>
                    <Unicode>oder einen Regenten schon deswegen für einen ungeheueren Verbrecher</Unicode>
                </TextEquiv>
            </TextLine>
            <TextLine id="tr_2_tl_7" custom="readingOrder {index:6;}">
                <Coords points="808,4222 4122,4168 3845,4017 813,4071"/>
                <Baseline points="836,4198 907,4192 997,4192 1086,4192 1176,4192 1265,4192 1355,4192 1445,4192 1534,4192 1624,4186 1713,4186 1803,4180 1892,4180 1982,4180 2072,4180 2161,4174 2251,4168 2340,4168 2430,4174 2520,4174 2609,4174 2699,4174 2788,4168 2878,4168 2967,4168 3057,4162 3147,4162 3236,4168 3326,4162 3415,4162 3505,4162 3594,4162 3684,4156 3774,4156 3863,4156 3953,4156 4042,4156 4132,4144"/>
                <TextEquiv>
                    <Unicode>erklären, weil er in einem bestimmten Augenblick das tat, was bis da-</Unicode>
                </TextEquiv>
            </TextLine>
            <TextLine id="tr_2_tl_8" custom="readingOrder {index:7;}">
                <Coords points="787,4386 3607,4390 4063,4340 4067,4168 792,4231"/>
                <Baseline points="812,4353 853,4353 943,4353 1033,4347 1122,4347 1212,4347 1301,4347 1391,4341 1480,4341 1570,4335 1660,4335 1749,4335 1839,4335 1928,4329 2018,4329 2107,4329 2197,4329 2287,4329 2376,4329 2466,4329 2555,4329 2645,4323 2734,4323 2824,4323 2914,4323 3003,4323 3093,4317 3182,4317 3272,4317 3362,4311 3451,4311 3541,4311 3630,4311 3720,4311 3809,4305 3899,4305 3989,4305 4078,4317"/>
                <TextEquiv>
                    <Unicode>hin einige tausend Menschen getan hatten, die in der Geschichte als</Unicode>
                </TextEquiv>
            </TextLine>
            <TextLine id="tr_2_tl_9" custom="readingOrder {index:8;}">
                <Coords points="787,4557 4025,4495 4076,4331 787,4369"/>
                <Baseline points="812,4508 859,4502 949,4502 1039,4502 1128,4502 1218,4502 1307,4496 1397,4496 1486,4496 1576,4490 1666,4490 1755,4496 1845,4496 1934,4490 2024,4490 2113,4490 2203,4490 2293,4484 2382,4484 2472,4484 2561,4484 2651,4478 2740,4478 2830,4478 2920,4472 3009,4478 3099,4478 3188,4478 3278,4472 3367,4472 3457,4472 3547,4466 3636,4466 3726,4466 3815,4466 3905,4466 3994,4460 4084,4466"/>
                <TextEquiv>
                    <Unicode>Helden ihres Volkes, als istrioten als grosse Politiker fortleben;-</Unicode>
                </TextEquiv>
            </TextLine>
            <TextLine id="tr_2_tl_10" custom="readingOrder {index:9;}">
                <Coords points="792,4687 3142,4687 3142,4503 3045,4490 796,4566"/>
                <Baseline points="818,4663 824,4663 913,4657 1003,4657 1092,4657 1182,4657 1271,4651 1361,4651 1451,4651 1540,4651 1630,4651 1719,4651 1809,4651 1898,4645 1988,4645 2078,4645 2167,4645 2257,4645 2346,4639 2436,4639 2525,4639 2615,4639 2705,4633 2794,4627 2884,4627 2973,4627 3063,4633 3152,4633"/>
                <TextEquiv>
                    <Unicode>nämlich einen Krieg anzufangen oder zu erklären.</Unicode>
                </TextEquiv>
            </TextLine>
            <TextLine id="tr_2_tl_11" custom="readingOrder {index:10;}">
                <Coords points="980,4846 2115,4804 2400,4939 3569,4947 4159,4825 4159,4679 980,4696"/>
                <Baseline points="1003,4813 1033,4813 1122,4813 1212,4813 1301,4813 1391,4807 1480,4813 1570,4813 1660,4807 1749,4807 1839,4807 1928,4801 2018,4801 2107,4801 2197,4801 2287,4801 2376,4795 2466,4795 2555,4789 2645,4789 2734,4789 2824,4789 2914,4789 3003,4783 3093,4783 3182,4789 3272,4789 3362,4783 3451,4783 3541,4777 3630,4777 3720,4777 3809,4771 3899,4771 3989,4777 4078,4783 4168,4777"/>
                <TextEquiv>
                    <Unicode>Die Frage ist nun: hat Deutschland diesen Krieg erklärt oder ange-</Unicode>
                </TextEquiv>
            </TextLine>
            <TextLine id="tr_2_tl_12" custom="readingOrder {index:11;}">
                <Coords points="808,5081 884,5094 955,5081 1009,5098 1026,5081 1056,5094 1093,5077 1131,5094 1202,5068 1211,4830 1081,4825 1030,4859 1005,4846 859,4897 817,4892"/>
                <Baseline points="836,4974 853,4974 943,4980 1033,4974 1122,4968 1212,4968"/>
                <TextEquiv>
                    <Unicode>fangen?</Unicode>
                </TextEquiv>
            </TextLine>
        </TextRegion>
    </Page>
</PcGts>
