4616 5608
3543 210 3736 398 D
1199 377 1384 545 17 /
3580 398 3786 692 50)
847 482 1245 721 (Krieg)
843 671 3966 1027 gleichen logischen, man könnte sagen logisch-religiösen Gesetzen
851 906 3907 1157 stehen. Aber selbst die Frömmsten nehmen sich das Recht heraus,
851 1077 4054 1291 gelegentlich in einer Einzelheit, sozusagen anderer Ansicht zu sein
872 1233 4046 1451 als der liebe Gott. Sie deuten zum mindesten an, dass irgend etwas
2650 1363 2834 1451 G.C.F.P.
847 1346 4046 1585 hätte auch anders kommen können und dass dieses andere komm besser
859 1505 4188 1765 gewesen wäre. (Es verschlägt nichts, dass sie dann zur Sicherstellung
885 1694 4109 1929 etwa hinzus tzen: Unerforschlicher Ratschluss oder dergleichen.) Und
876 1832 4117 2038 hingegen die Unfrommen, die Aufrüher, die Empörer ertappen sich zu-
889 1987 4201 2201 weilen auf der Vermutung, (insbesondere dort, wo ein Ausgang ihre per-
872 2130 4151 2427 sönliche Meinung bestätigt) oder auf der Ahnung, dass der Weltenlauf
876 2297 4033 2549 nicht durchaus unsinnig ist, sondern dass irgendwo Gerechtigkeit,
897 2474 4276 2658 Vernunft, also ein Gott zu walten scheint. Wie aber soll man annehmen,
876 2578 4037 2826 dass Gott, vor dem alles gleich gross oder gleich klein ist, wohl
901 2742 4222 2993 für das Ganze, nicht aber für des Einzelne Interesse hat, dass er den
918 2897 4109 3174 Unsinn des Details duldet, während er doch für den Sinn des Ganzen
964 3073 4155 3333 besorgt ist? Das ist umso unvorstellbarer als nach dem Gesetz der
914 3232 4230 3438 Kausalität alles zu gleicher Zeit Ursache und Folge bedeutet und dass
918 3392 4130 3593 auch das scheinbar gerinfügigste Detail für das Ganze von der unge-
914 3509 4159 3744 heuersten Wichtigkeit sein kann, wie ja auch ein Staubkorn den Gang
914 3689 4276 3924 einer Riesenmaschine verlangsamen, ja vollkommen aufzuhaltene imstande
922 3886 1153 4063 ist.
