4344 5384
3418 537 4067 782 (Desemb. 1914
1019 542 1346 821 1o7
542 606 929 834 )(Krieg)
1152 744 1707 950 Pour Votre e
937 894 3736 1126 Es ist lächerlich, dass die Mitglieder der Schiedsgerichte
610 1066 3675 1311 immer wieder nur von den Regierungen ernannt werden.
748 1070 1247 1221 nicht kann
1414 1100 1582 1195 G.F.P.
980 1199 3800 1414 Es liegt fast immer im Wesen der Regierung, dass sie immer
757 1264 950 1406 G.H.F.P
619 1358 3658 1612 wieder Entscheidungen über Krieg und Frieden zu treffen glaubt.
774 1371 946 1509 G.C.F.P.
1002 1522 3809 1728 Wer den Krieg als Notwendigkeit ansieht, kann das nur auf
843 1569 1221 1685 a même mais
907 1715 1247 1818 G.H.F.P.
615 1625 3938 1943 Grund des Hegel'schen Satzes: xxxwas,Alles was ist, ist vernünftig;
1057 1810 3800 2055 Im Sinne der Kausalität ist ja natürlich jeder Krieg eine
2192 1986 3082 2162 an, die mich hätten
1642 2003 2046 2184 G.C.H.F.FF.P
1290 2020 1453 2124 G.C.F.P.
615 1990 1818 2291 Notwendigkeit gewesen.
1057 2124 3994 2347 Es geht aber nicht an, auf der einen Seite den Krieg als eine
628 2330 3886 2541 grossartige, ungeheuerliche, alles Edle im Menschen, wie alles Böse
628 2386 4058 2670 zu herrlicher Entwicklung bringende, gewissermassen göttliche Notwendig
632 2605 4045 2820 keit zu preisen, zu erklären, dass ein langer Friede die Völker schlaff
649 2773 4105 2970 und feig macht, dass der Krieg reinigt und läuert, - und auf der anderen
649 2880 3903 3177 Seite diejenigen, die den Krieg entfesseln, zu verfluchen und dafür
666 3065 3865 3310 verantwortlich zu machen, dass sie der göttlichen Notwendigkeit ge-
843 3095 1204 3198 a ee e m mai
1294 3246 1621 3340 G.H.F.P
662 3220 2945 3529 wissermassen rechtzeitig zur Hand gewesen sind.
1083 3340 3830 3581 Wenn der Krieg etwas Herrliches ist, muss ich darauf ver-
1122 3555 1401 3650 G.H.F.P
658 3482 3568 3852 zichten, Poincaré, Isvolsky und Grey für Schurken zu halten.
3258 3650 3564 3813 Cnt: V
812 3723 1092 3877 nicht
