4616 5608
3450 414 3670 617 1
772 582 1164 850 (Krieg)
3321 656 3877 970 (Mär-z 1916)
992 884 3704 1151 Und Ihr Alle, die jetzt seufzen und stöhnen und fluchen
746 1104 4067 1315 und nach den Schuldigen suchen und die schuldigen hängen wollen -seid
746 1289 3946 1466 Ihr nicht Alle schuldig, da Ihr doch Eure ganze Existenz, die Er-
733 1427 3782 1639 ziehung Eurer Kinder, das Leben des Alltags, Eure ganze Weltan-
737 1591 4166 1794 schauung darauf gegründet habt, dass der Krieg etwas Erlaubtes, ja etwas
759 1747 3933 1932 Vernünftiges, ja etwas Notwendiges ja - man glaubt es heute nicht
746 1898 3838 2066 mehr und doch war es so, und man konnte es tausendmal/ hören und
729 2044 3799 2225 lesen, dass er etwas Schönes, Hohes und Läuterndes wäre?- habet
733 2174 4006 2450 Ihr nicht aus der Geschichte der Welt eine Geschlehte der Schlachten
720 2316 3437 2523 gemacht, des Kampfes, statt eine Geschichte des Geistes?
1000 2475 3830 2726 Und Eure Könige (?), von denen nun jeder die Verantwortung
716 2639 4036 2859 abwälzen möchte, dass er auch nur die geringste Schuld an dem Furcht-
707 2838 3963 3019 baren trage, gehen sie nicht alle trotzdem im Gewand des Krieges um-
703 2971 4084 3187 her und haben auch im tiefsten Frieden so getan, statt in der Gwandung
707 3122 1337 3355 des Bürgers?
979 3256 3946 3463 Und alle die Offiziere von Beruf, die jetzt auch ein Ende des
694 3459 3886 3640 Mordens wünschen, haben sie nicht ihre Exeistenz darauf aufgebaut,
699 3605 3942 3804 xxx dass von Zeit zu Zeit ein solches Morden anbefohlen werde, ja,
699 3752 4075 3920 haben sie sich nicht darnach gesehnt und nicht etwa um des Vaterlandes
699 3886 3847 4080 willen, sondern zu Gunsten ihrer Karriere, aus Abenteuerlust aus
690 4054 1276 4235 Langeweile?
1009 4136 4015 4412 Und die Diplomaten, von denen nun jeder unschuldig sein möchte,
668 4351 4075 4554 haben sie in ihrem Beratungen nicht immer wieder erwogen, ob in diesem
681 4528 4144 4757 oder jenem Falle die Ehre der Nation oder die guten Geschäfte der Nation
656 4666 3976 4895 Überhaupt noch durch friedliche Verhandlungen aufrecht erhalten oder
681 4847 3868 5011 weitergeführt werden könnten, und ob es nicht unerlässlich sei zur
651 4964 3920 5188 Wahrung des Prestige oder zur Erweiterung der Grenzen oder sur Ver-
