4616 5624
3205 528 3741 876 (Mai 1915)
698 619 1064 798 (Krieg)
828 916 1666 1147 Kriegund Kritik.
841 1033 3994 1286 Das Verhältnis der Dichter zum Weltkrieg ist oft genug besprochen
724 1269 1094 1461 worden.
859 1308 3946 1583 Wie gewöhnlich aber kommen die, die der Kritik am meisten Anlass
711 1509 3379 1775 zu Bedenken geben könnten, am besten weg, die Kritiker.
859 1622 4011 1879 Unter den Dichtern schweigen immerhin einige, unter den Kritikern
1182 1866 1400 2045 chte
711 1862 1099 2088 keiner.
863 1945 4024 2180 Sie beziehen sich auf den Weltkrieg, und sie beziehen sieh auf die
741 2145 2503 2350 Beziehung der Dichter zum Weltkrieg.
924 2289 4024 2490 Sie passen von amtswegen sorgfältig auf, wie die Dichter sich an-
741 2415 3889 2681 lässlich des Weltkrieges benehmen und können nicht umhin, sich zu
750 2655 1168 2843 äussern.
950 2708 4098 2947 Sie finden es bemerkenswert, dass manche Dichter dichten und dass
759 2865 4111 3117 manche schweingen. Auch das Schweigen veranlasst sie nicht, selbst das
767 3013 4155 3301 Maul zu halten, nein, sie kritisieren auch das Schweigen; sie loben es
759 3253 4064 3423 zuweilen, wobei sie durchblicken lassen, dass der Dichter, der lange
772 3331 4159 3588 nicht so klug und so politisch und so überlegen sei, wie der Kritiker,
789 3566 2442 3763 am Ende nichts Besseres tun könne,
903 3628 4077 3893 Aber auch das Privatieben des Dichters ist von ihrer Kritik nicht
794 3793 4303 4085 gefeit. Richard Dehmel geht ins Feld, er wird photographiert, er schreibt
794 3981 4234 4207 einen Brief an seine Kinder, der veröffentlicht wird. Man kann das mehr
794 4164 4277 4364 oder minder geschmackvoll finden. (Ich persönlich wüsste nichts dagegen
807 4260 4138 4547 einzuwenden.) Der Kritiker bemängelt es. Erdient in der Photographie,
811 4430 4064 4696 in den veröffentlichten Brief eine Eitelkeit, die der Zeit, die des
807 4617 4094 4883 Dichters nicht würdig ist. Denn der Kritiker ist nie eitel, er lässt
807 4805 4190 5023 sich nie photographieren, und veröffentlicht stets nur Artikel, durch
807 4975 2803 5210 die er die Sache der Menschheit fördert.
950 5171 4238 5372 (Gut. Der Dichter schreibt einen Brief an seine Kinder. Er ist immer
