4344 5384
3570 266 3786 427 P.D.
3490 427 3650 600 69
718 473 1082 777 (Krieg)
3169 515 3870 714 (Oktober 1914)
718 841 3946 1090 ungerecht zu werden. Ich will nicht sagen, dass wir glühende Kohlen
735 1035 3900 1297 auf ihr Haupt sammeln sollen, darauf kommt es wenig an, sie würden
727 1162 3874 1386 es nicht begreifen, sie würden uns darum verhöhnen, Sie wurden es
689 1280 3976 1589 vielleicht nie erfahren. Aber lassen wir uns durch die gerichte Ver-
739 1458 4064 1686 bitterung gegen ihre Irrtümer und Bosheiten, zu denen Ihre Vaterlands-
777 1529 1111 1627 G.C.F.P.
748 1652 4031 1918 liebe sie verleitet, die Freude an ihren xælenten und an den Er-
748 1770 3963 2036 zeugnissen ihrer Talente nicht vergällen. "Das Leben der Biene? von
739 1935 3955 2163 Maeterlinck bleibt ein wunderschönes Buch, wenn wir auch gegen die
756 2100 4018 2303 darin enthaltenen Tatsachen misstrauischer werden dürften, sowie die
752 2248 4052 2450 Elberfelder Pferde nun auch weniger Verehrer finden werden; - und die
756 2391 3887 2611 Monna Vanna ist nicht von heute auf morgen ein schlechteres Stück
765 2552 3312 2869 geworden - schon darum, weil das schwer möglich wäre!
1098 2827 4001 3067 Im Verstehen gehen ich so weit als möglich. Ich entschliesse
765 2987 4124 3219 mich sogar, den tückischen Bürgersmann zu begreifen, der den deutschen
777 3165 3971 3372 Offizier, seinen Tischgast, erschossen hat. Er hat dadurch das geg-
782 3279 4052 3545 nerische Herr um einen vielleicht gefährlichen Feind vermindert. Der
782 3469 4035 3688 jungen Dame gegenüber, die hilflosen Verwundeten die Augen
1255 3507 1529 3617 de la riviere de
786 3583 4162 3845 aussticht, versagt freilich mein Verständnis. Doch sollen wir auch hier
794 3781 4191 3988 bedenken, dass es neben dieser einen oder neben dem angeblichen Dutzend
799 3921 4077 4145 solcher Weiber gewiss hunderte, auch in Belgien, gibt, die in diesem
794 4060 4098 4301 Fall geradezu entsetzt waren wie wir. Und so verge ich es zu gestehen,
807 4238 4048 4462 es ist nicht ausschliesslich Siegesjubel, den ich bei der Nachricht
799 4381 4128 4622 empfinde, dass ein Schiff mit 170 englischen Matrosen in den Grund ge-
799 4546 4022 4774 bohrt worden ist. Diese 170 hätten auf Geheiss ebenso gern oder un-
811 4690 4010 4926 gegen Russland gekämpft. Und jener grosse Handelsmann im Norden wäre
820 4842 3967 5142 gewiss kein geringerer Schufté, wenn er ausz Geschäftsrücksichten,
