4600 5656
2889 472 3086 708 P.
1469 472 1884 778 "    $4.00
1228 507 1429 756 P7
612 463 1036 817 (Kries)
3493 542 3799 717 33)
3152 603 3702 839 (1916)
621 756 4035 984 Es wird sich darum handeln, dass unter den Millionen, die jetzt ihr Le-
638 931 4043 1097 ben für andere Ideale aufs Spiel setzen, so für nationalistische, abso-
638 1058 4026 1281 lutistssche, kapitalistische, bestenfalls für die Verteidigung des Va-
651 1268 4070 1408 terlands sich später einige Wenige finden, die gewillt sein werden, das
634 1386 3820 1556 Leben für etwas, was sogar noch höher ist als die Verteiligung des
651 1539 3895 1748 Vaterlandes, für die Befreiung der Menschheit aufs Spiel zu setzen.
1687 1735 2452 1923 x - - -..
2649 1722 3414 1923 finden, so weit
1670 1867 1832 2011 G.H.F.P.
3222 1871 3589 2072 (19161)
651 1871 1019 2068 (Krieg)
2684 1845 3169 2076 von Deutno
638 1936 4022 2216 Die Motive alles Geschehens stecken tief in der menschlichen Natur. Was
634 2181 4008 2330 wir gewöhnlich als Ursache anerkenne, sind beinahe immer Vorwände, die
634 2299 4026 2540 ausgenützt werden. Kein Franzose würde einfach durch die Ueberzeugung,
634 2439 4022 2649 dass Elsass eigentlich zu Frankreich gehört, kein Russe, durch die Ue-
638 2662 4109 2811 berzeugung, dass Russland den Weg durch die Dardanellen frei haben muss,
634 2771 3908 3007 kein Engländer durch die Erwägung, dass Deutschland ein gefährlicher
634 2977 3890 3108 Handelskonkurrent - keiner von diesen würde unmittelbar durch diese
625 3095 4000 3265 Erwägungen und Ueberzeugungen sich dazu verstehen, sich einen kleinen
634 3226 4017 3475 Fingen abschneiden zu lassen, viel weniger sein Augenlicht, sein Leben,
634 3366 3987 3554 sein Hab und Gut, das Leben seiner Kinder hinzuopfern. Gewissermassen
634 3558 4070 3707 wird der Krieg als Abstraktum im Sinne einer Idee geführt. In eine in-
629 3694 4039 3886 dividuelle Gefahr begibt sich der Einzelne stets nur aus individuellen
621 3882 4135 4061 Motiven, aus Abenteurerlust. aus Ehrgeiz, allermeistens aber unter einen
634 4008 2575 4214 gewissen Zwang und aus Herdentrieb.
