4648 5560
3109 420 3834 749 (Januar 1915)
783 491 1136 770 (Krieg)
3163 733 3359 978 No 11
949 791 2073 1078 Primär ist er niemals.
945 928 4104 1245 Wo ist innerhalb dieses Aufbaus, dieser Aufstellung der Platz für
791 1086 4088 1382 die Presse? für die öffentliche Meinung? Sie ist das Unfassbare, das
803 1253 3900 1540 nirgend und überall Befindliche, ein geheimnisvolles Gemisch von
799 1407 3984 1640 Echsem und Verlogenem, von Ursprünglichem und künstlich Gemachtem,
816 1569 4079 1815 zugleich bedeutungsvoll und unwesentlich, etwas, wovon Entschlüsse
795 1707 4146 1990 manchmal abhängig gemacht werden müssen und was andere Male übersehen
824 1827 3584 2185 und verlacht wird, gefährlich und gleichgültig zugleich.
1020 2081 2235 2331 Wo also ist der Hass -?
