4648 5528
3354 432 4003 752 (Jänmar 1915)
718 493 1124 808 (Krieg)
839 752 3933 1068 Es wiederholen sich die Anekdoten von den Feinden, die einander
718 908 4037 1154 in den Schützengräben gegenüberliegen, einander in den Schiesspausen
731 1063 4020 1323 Zeichen geben, sich in der neutralen Mitte begegnen, Zigaretten und
735 1202 4111 1496 Nahrungsmittel austauschen, einander die Hände drücken (einmal sollen
735 1327 4063 1677 sich zwei weinend um den Hans gefallen sein) und dann in ihre Gräben
739 1474 4150 1798 zurückkehren, um sich gegenseitig totzuschiessen, ohne Hass. Sie haben
765 1768 1707 2019 sich kennengelernt.
938 1824 4150 2105 Hinter ihnen steht die Artillerie. Die Kanonen schiessen auf Unbe-
765 1915 4249 2278 kannte, Unsichtbared,* ins Leere gewissermassen, in eine undifferenzier-
791 2252 1729 2460 te Masse, ohne Hass.
994 2200 4063 2555 Wieder hinter ihnen die Stäbe in den Hauptquartieren. Ihnen ist
804 2369 4111 2727 das Ganze vor allem ein mathematisches problem. Immer mehr schwindet
808 2559 4089 2892 der Begriff des Einzelmenschen; es handelt sich um ein Spiel mit Fi-
808 2740 4154 3078 guren, die zufällig Menschen sind... Auch hier nicht Hass von Mensch
813 3004 1465 3190 zu Mensch...
1068 3060 4093 3363 Noch weiter hinter ihnen die Diplomaten. Hier werden Geschäfte
839 3194 4253 3544 gemacht mit Geld, Macht, Ruhm, Fragen der Karriere. Selten unter ihnen
843 3363 4124 3670 ein Staatsmann, der ins Weite blickt. Auch hier kein Hass. Und noch
860 3506 4184 3795 weiter hinten der Hof, die Regierungen. Man ist miteinander verschwä-
860 3670 4227 3972 gert. Vorgestern hat man einander umarmt. Es gab Trinksprüche, Freund-
864 3804 4189 4154 schaftsversicherungen, gestern noch hat man sich gegenseitig beschwo-
860 3942 4236 4249 ren und versprochen, alles für die Erhaltung des Friedens zu tun. Und
864 4171 4314 4426 heute soll der Hass da sein? Eifersucht, dieselbe, die auch vorgestern,
882 4253 4314 4616 gestern da war; und übermorgen nach dem Friedensschluss, nach den Trink-
895 4469 3052 4807 sprüchen und Umarmungen wieder da sein wird.
1176 4552 4176 4910 Dort, wo der Krieg, eine ernste Sache ist, wo es um Leben und
908 4802 4042 5044 Tod geht, gibt es keinen Hass, Je mehr er zum unverantwortlichen
903 4954 3761 5222 Spiel wird, umso eher findet er Entwicklungsmöglichkeiten.
