4600 5624
3551 547 3725 709 51)
3361 663 3671 916 (1917)
837 663 1247 845 (Krieg)
837 820 1533 1135 Sie geht durch
874 891 4044 1276 Der Rass gegen die Leute, die sich an Krieg bereichern und von
862 1177 4090 1463 ihm leben, hat die Abneigung gegen diejenigen allzusehr in den Hin-
883 1318 3903 1587 tergrund treten lassen, die ihre Existenzen auf die Möglichkeit
870 1471 4090 1716 die Erwartung, das ununterbrochene Inbetrachtziehen des Krieges ge-
866 1620 4119 1923 gründet haben, die Militärs und die Diplomaten. Durch sie wird auch
883 1798 3108 2105 der Friede ewig mit Kriegsgedanken vergiftet.
1716 2233 2350 2557 ..........
932 2586 1309 2884 (Krieg)
1173 2689 4048 3066 Ich kannte eine Dame, die von den Mittelmächten zur Entente
945 2950 3986 3220 abschwenkte, weil ein Herr am Nebentisch rauchte und sie einmal
945 3017 4222 3452 gehört hatte, dass Engländer in Gegenwart von Damen niemals rauchen
2341 3419 2706 3576 - - -
3684 3419 4019 3593 (1918)
982 3456 1363 3754 (Krieg)
1268 3597 4036 3870 Nicht auf die Grenzregulierungen (?) kommt es an, sondern
982 3746 4048 4065 darauf, dass eine Zeit kommt, in der es vollkommen gleichgültig
999 3874 4310 4189 ist, wo die Grenzen verlaufen, wo Grenzen nur mehr eine administrati-
990 4053 4322 4318 ve(?) Bedeutung haben ganz in der gleichen Weise, wie heute etwa eine
1011 4210 4339 4484 Grenzlinie zwischen zwei italienischen Städten, der vor M Jahrhunder-
1011 4322 4322 4670 ten im Kampf miteinander gelegen sind, nicht mehr die Bedeutung hat,
1007 4504 4318 4836 dass die Bürger dieses Städte einander lassen und totschlagen dürfen
1007 4736 3274 4968 und sich manchmal einbilden, es tun zu müssen.
