4616 5544
3477 290 3672 543 14)
752 407 1186 715 (Krieg)
3196 484 3740 738 (März 1915)
942 620 2916 919 Notwendigkeit, zwei Dogmen zu bekämpfen.
946 801 3731 1059 1. Das Dogma von der Schicksalsnotwendigkeit des Krieges.
910 1014 4075 1218 2. Das Dogma von dem läuternden Einfluss des Krieges.
720 1164 4156 1340 Schweerigkeiten. Man hat gegen sich Gedankenträgheit der Menschen,
702 1286 4188 1526 tausendjährige Tradition, angebliche Lehren der Geschichte, scheinbare
2046 1408 2255 1512 die
788 1449 4229 1689 Organisationen der Welt und allgemein menschlichen Eigenschaften: Dumm-
810 1634 2205 1816 heit und Phantasielosigkeit.
2848 1607 3052 1793 G.H.F.P
982 1657 3636 1956 Die Gefährlichkeit dieser letzteren wird unterschätzt.
697 1784 4029 2151 Die Mächtigen lassen es sich angelegen sein, diese Eigenschaft
738 2083 1634 2282 zu unterstützen.
2621 2096 3052 2259 ber Seel
1068 2241 3052 2413 Statt Bilder gibt man den Menschen Worte.
3196 2237 3676 2463 au früh
679 2241 910 2477 will
1073 2400 3006 2581 Statt Mehrzahl gibt man ihnen Abstrakte.
3124 2413 3482 2563 M:D:
697 2400 1041 2594 gangen,
697 2463 4093 2726 Alte Gewohnheit der Menschen, sich aus dem vollkommen Unerträg-
697 2585 4283 2879 lichen und wohl auch Unfassbarem der Vielheit in die Kühle des Begriffs
684 2780 4319 3083 zu flüchten. Das ist nicht immer eine Erhöhung ins Symbolische, sondern
806 3015 2123 3219 eine Flucht ins Abstrakte.
942 3142 3907 3355 Der alte Kunstbegriff der Poltik vom Einzelnen abzusehen,
729 3183 4057 3527 mit Massen zu rechnen, im Gegensatz zum Künstler, der die Masse in
697 3504 2386 3690 die Einzelnen auflöst. Seite
1109 3486 4315 3839 Dieser Irrum, vielmehr diese bewusste Täuschung ist zu zerstreuen.
1168 3731 4269 3989 Ein Unternehmen, das nur dann gelungen kann, wenn die Vernünfti-
3033 3862 3192 3962 lbt,
684 3957 3178 4115 gen sämtlicher Staaten untereinander einig sind.
679 3948 4161 4278 Das heisst also, wenn die Nacht der Vernünftigen so gross ge-
860 4165 4333 4441 worden ist, dass sie gegen die Macht der Dummen, der Schurken, der Mäch-
869 4355 4333 4577 tigen (die durchaus nicht immer eins von beiden sein müssen, sondern oft
679 4505 4274 4790 nur an den angeborenen Fehlern Ihrer Abstammung oder ihres Metiers lei-
847 4700 2051 4953 den) aufzukommen vermag.
652 4894 1743 5152 ger, als es diesmal ke
