4344 5368
1363 224 1558 453 G.C.F.P
3010 254 3260 491 G.C.P.
716 339 1118 593 (Krieg)
3074 381 3793 660 (Oktober 1914)
707 500 3929 800 einfach verschwiegen wird, Nun wäre es natürlich kurssichtigd, diese
703 745 4060 970 Veranlassung in all ihrer Ungeheuerlichkeit als das einzig wesentliche
694 923 3870 1130 Moment oder selbst nur als ein hervorragend wichtigsein der Vorge-
703 1122 4090 1283 schichte dieses Krieges hinzustellen, wie es denn hiesse, das Wesen der
711 1257 4009 1423 Politik, der Geschichte zu misskennen, wenn man sich vorstellte, dass
694 1418 3984 1583 jemals der Wille oder die Willkür eines Einzelnen Krieg oder Frieden
711 1533 4115 1736 in der Welt machen konnte. Immerhin bleibt der Mord an österreichischen
694 1685 4014 1884 Tronfolger der letzte Anstoss zu dem, was wir erleben. Und wir können
694 1867 3912 2058 annehmen, dass, wenn ein Attentat auf den Zaren glücken sollte, die
699 2003 3768 2189 Grossfürsten auch noch ein paar Tage nachher davon reden verden.
787 2134 3916 2375 Was heisst für eine Zeit reiff sein? Ihr nichts schuldig bleiben
699 2324 2540 2477 und doch sich selbst in ihr bewahren.
2671 2329 2875 2494 G.H.F.
898 2464 3823 2659 Man sieht heute so viele, die sich ausgeben, verschwenden, in
699 2638 3895 2824 einer fiebrischen und grossenteils nutzlosen Tätigkeit Kräfte ver-
699 2794 3899 2955 brauchen, die sie nicht nur für sich selbst, für ihre Familie, son-
682 2959 3874 3112 dern auch in einem weiteren Sinn, wenn auch vielleicht auf einem
686 3069 3887 3252 nicht ganz klar zutage liegenden Umwege für das Vaterland nutzbar
694 3230 1507 3451 machen könnten.
