4504 5464
1871 189 2082 443 1/1
3480 370 3673 529 58)
693 374 1080 602 (Krieg)
3312 495 3622 718 (1916)
718 606 3019 860 Ein Völkerrecht-? Lasst und den Traun begraben.
3523 697 3738 890 eant
697 822 3308 1028 Und träumen wir ihn neu, bis wir ein Volksrecht haben.
705 972 3437 1187 Denn Traum im Wahn des Kriegs sind Volks-wie Völkerrechte
705 1131 2933 1325 Und unser nur die Wahl: Verräter oder Knechte.
688 1308 2237 1536 Drum sagt: was wollt Ihr sein!-
2181 1471 2344 1634 P.S
1690 1480 2121 1669 a kriegen
1682 1617 2443 1742 === =====
3884 1583 4056 1789 G.F.P.
1226 1613 3282 1811 den Machthabern gemacht. Es sollte von denen
3045 1759 3802 1953 den Witwen, den
718 1708 1088 1991 (Krieg)
1518 1781 2525 2017 dem Krieg heimgekehrt
1166 1807 1368 2026 P.S
1665 1940 2172 2112 n Dichtern.
1351 1996 1523 2116 G.H.F.P.
705 1961 4108 2232 Niemals ist wirklich fürmeine Idee Krieg geführt worden, weder für eine
710 2215 4125 2366 nationale, noch für eine religiöse. (Dies lässt sich nicht nur in diesem
723 2361 4129 2568 Krieg nachweisen). Aber die Ideen werden immer vorgeschützt, als Banner
727 2508 4099 2688 vorangetragen, sozusagen als Fahnen der Seele. Man kann natürlich jede
723 2641 4177 2856 Phasse zu einer Idee ernennen. Dies gehört zu den Hauptaufgaben
826 2830 4052 3041 des Pölitoders, der das Gleichgewicht auch dadurch wiederherstellt,
731 2989 2710 3174 dass er aus jeder Idee eine Phraso macht.
2232 3149 2555 3239 — — — —
3721 3149 3936 3295 G.C.H.F.P
2348 3149 3230 3351 al unbewusst, dem am
2060 3174 2280 3329 G.C.H.F.P.
800 3179 1209 3364 ein der
3333 3269 4013 3467 (Januar 1915)
731 3329 1110 3531 (Krieg)
929 3428 4090 3656 Welches ist das Charakteristikum für den Krieg? Der Tod? Jeder er-
736 3592 4099 3755 fährt ihn, auch wer nie im Krieg gewesen ist. Heroismus? Dafür gibt es
748 3751 4086 3910 innerhalb der menschlichen Kultur unzählige bessere Gelegenheiten. Lei-
740 3897 3815 4060 den? Armut? Brutalität? In allen ihren verschiedenen Formen? Nur
744 4026 3970 4241 quantitativ ist hier das Ergebnis des Kriegs dem der friedlichen E-
727 4202 1854 4443 pochen voranzustellen.
968 4254 4151 4538 Das Einzige, was dem Krieg allein eignet, ist die Wunde, die sinn-
723 4491 4146 4693 lose Wunde im körperlichen, und die Feindseligkeit, die sinnlose Feind-
740 4628 4090 4869 seligkeit, d.h.die Feindseligkkeit zvischen Menschen, die einander als
736 4800 3596 5058 Individuen ohne Hass, vielleicht in Liebe gegenüberständen.
