4504 5464
604 161 2025 421 revenir l'exposé d'autre 1er à 2e 1/2;
2381 213 2542 430 1m
3472 339 3680 587 64)
721 452 1078 678 (Krieg)
3181 474 3884 791 (Oktober 1914)
678 808 3893 1073 Gestehen wir ein, dass wir dem Militarismus nicht oder falsch
704 1030 3858 1208 verstanden haben, sei es nun aus einer banalen Ueberschätzung der
700 1195 3910 1377 Menschheit oder aus Mangel an historischem Sinn. Wie notwendig die
708 1338 3845 1529 Opfer waren, die das Bürgertum oft widerstrebend, ja eben nur ge-
700 1477 3889 1668 zwungen schon in Friedenszeiten den Militarismus dargebracht hat,
700 1634 4019 1816 dieser Kriegsausbruch, der von uns vielleicht noch hinauszuschieben,
700 1812 4063 1960 keineswegs aufzuhalten gewesen wäre, er hat es uns gelehrt. Denn dies
695 1942 4106 2159 ist das Wesentliche: wir hätten diesen Krieg nichtauf zwei, vielleicht
717 2103 4028 2312 drei Jahre verschieben können, dass er unausweichlich war, weiss heu-
704 2233 4019 2446 te jedermann. Niemals, so lange die Welt steht, und vielleicht macht
682 2425 3971 2603 das das besondere Charakteristikum dieses Krieges aus, ist ein dro-
708 2564 4063 2763 hender Ueberfall mit solcher Frechheit und Schaulosigkeit vorher ver-
721 2720 3863 2889 kündigt und bis auf den Termin angesagt gewesen. Deutschland und
747 2881 3937 3059 Oesterreich hatten sich natürlich auch für den Krieg gerüstet, aber
708 2950 4206 3220 niemals für etwas anderes, als für einen Verteidigungskrieg. Frankreich,
704 3168 3841 3359 Russland, England haben den Angriff vorbereitet, das kam niemals
795 3350 4119 3528 geleugnet werden, hiefür liegen Dokumente vor, sowohl diplomatischer
747 3467 3776 3663 als journalistischer und solche weltgeschichtlicher Natur.
756 3637 4084 3824 Manches, was uns teuer war in den gueten Zeiten, da unsere Lieben
717 3776 4167 3976 nicht draussen im Felde standen, da unsere Besitztümer noch in/ Sicher-
695 3915 4115 4102 heit ruhten, und wir selbst unbehindert über die Grenzen wandern durf-
747 4084 4002 4267 ten, es scheint uns nun wertlos, nichtig, ja in verzweifelten Augen-
739 4249 3924 4441 blicken lächerlich geworden. Wir wenden uns mit ähnlichen Gefühlen
730 4423 3932 4584 davon ab, wie vir eben in jenen guten, sicheren, ach nur scheinbar
730 4567 4084 4740 sichere Zeiten uns von mancherlei abgekehrt haben, was wir leichtfer-
734 4701 4045 4879 tig ungerecht Militarismus oder gar Soldatenspielerei genannt haben.
969 4884 4084 5101 recht, sage ich. Aber ich setze gleich hinzu, dass wir auch dies-
