4488 5480
744 451 1143 735 (Kries)
3289 430 3946 731 (1915)
825 645 3663 911 Man spricht von dem läuternden Einfluss des Kriegs auf den
748 855 3942 1066 Einzelnen in dem Sinn, dass nämlich der Krieg Eigenschaften zu Tage
959 993 1169 1092 G.C.F.P.
748 1053 3181 1234 fördern soll, die sonst verborgen geblieben wären.
3972 1002 4135 1225 e
1075 1139 1268 1238 G.F.P.
851 1152 1023 1234 G.C.F.P
855 1191 3886 1388 Solche Eigenschaften spielen in der Seelenökonomie keine Rolle.
739 1298 4011 1548 Es ist ganz gleichgültig, ob d er Buchbinder X., der Schuster Y. der
752 1466 4062 1694 Bankbeamte Z. seine Brust den feindlichen Kugeln mutig darbietet. Wenn
752 1625 4019 1805 er heimkehrt, wird er ganz der Gleiche sein, der er gewesen ist, und
769 1767 1045 1861 G.H.F.D.H:
757 1814 4157 1973 wird alle jene Eigenschaften, die keinen Zusammenhang mit den Erlebnis-
1015 1900 1320 2008 Lassen
752 1930 4054 2093 sen des Kriegs haben, die guten wie die schlechten, weiter betätigen.
907 2063 1105 2162 G.H.F.P
855 2093 4123 2296 Der wirlliche Held findet in Alltagsdasein hundertfache Gelegenheit,
864 2218 1057 2313 G.C.F.P.
752 2291 1642 2463 sich zu betätigen.
3706 2235 3925 2403 G.C.F.P.
2326 2300 2502 2446 G.H.F.P
855 2360 4118 2566 Man soll die Bedeutung beruflicher Kühnheit von Gelegenheitstugenden
812 2519 1019 2618 G.H.F.P.
739 2536 4118 2730 nicht überschätzen. Jeder Arzt z.B.setzt im Laufe seiner Existen sich
765 2730 4071 2915 tausendfachen Lebensgefahren aus., Trotzdem gibt es unter Aeraten per-
1797 2824 1965 2915 G.H.F.P
752 2880 4088 3082 zentuell ich mehr edle und nicht mehr mutige Menschen als unter den
757 2975 4105 3190 Advokaten beispielsweise. Berufstugenden haben für dei Entwicklung der
761 3160 4037 3379 Menschheit nichts zu bedeuten, xxx fast so wenig wie Berufslaster. Es
752 3323 4071 3508 gibt eine berufliche Schamlosigkeit der Dirnen, eine bernfliche Fröm-
765 3495 4062 3680 migkeit der Geistlichen, eine berufliche Kühnheit der Soldaten. Dass
752 3615 4213 3826 auch die Gelegenheit alle diese Tugenden zur Erscheinung oder mindestens
752 3804 4165 4006 zur Entwicklung bringen kann, ebenso wie alle Laster, weist darauf hin,
757 3942 4153 4135 dass die Keine entweder erst von Sturm der Ereignisse in die Seelen ge-
769 4088 3976 4320 tragen wurden, oder dass in ihnen eben alle Tugenden und Laster im
757 4260 2781 4454 Keime schon von Geburt an vorhanden sind.
