4632 5640
807 414 1114 643 KvLeiß
3501 440 3687 661 20)
656 591 1045 786 (Krieg)
3277 591 3609 738 (1915)
652 712 4024 997 Wir beklagen kindischer Weise die Leute, die während des Krieges ster-
656 902 4110 1123 ben, weil sie von dem Ende nichts erfahren werden. Als wenn irgend einer
656 1071 4123 1300 das Ende erleben würde! Haben die Leute im Jahre 73 geehnt, dass sie noch
665 1187 4102 1408 nicht das Ende des 70/7liger Krieges erlebt hatten? Man wird erinnert
665 1330 3951 1606 an den Vorschlag eines Gemeinderats, der irgend eine Aenderung werst
669 1541 3899 1736 durchgeführt wissen wollte, wenn alle alten Leute gestroben wären.
2081 1667 2569 1848 er Sache,
997 1692 1347 1891 o  M.
1304 1839 3018 2034 Wenn ärz¬
1338 1977 1990 2185 ja personifix
686 2034 1075 2245 (Krieg)
682 2116 4024 2405 Der Satz von Clausewitz, dass Krieg nichts anderes sein als die Poltik
678 2327 4063 2642 mit andern Mitteln ist geistreich, also halbwahr, also gefährlich, also
699 2508 1084 2698 Unsinn.
686 2586 3955 2824 Ebenso auch der Satz, dass der Krieg eine Notwendigkeit sei und man
691 2750 3985 3014 am sich daher nicht gegen ihn auflehnen dürfe. Auch Fest und Cholera
699 2936 3925 3147 sind Notwendigkeiten. Erst dass wir uns gegen angebliche Notwandig-
691 3096 3959 3286 keiten auflehnen, macht uns ja zu Menschen. Und jedenfalls ist auch
712 3182 4063 3476 das Zurwehrsetzen Notwendigkeit. Glaueben wir nicht an den freien Wil-
699 3381 3942 3601 len, so ist die Welt ein Unsinn; und wir haben allen Grund, an den
717 3523 3981 3743 freien Willen zu glauben, denn da er die Welt zu schaffen vermochte,
712 3739 3087 3959 kann er auch nicht aus der Welt geschwunden sein.
1015 3890 1213 4041 Pinda
1913 3864 2241 4058 - - - -
721 4028 1105 4253 (Krieg)
712 4149 4007 4391 Der einzige unbezweifelbare Besitz des Menschen ist sein Leben. Alle
717 4283 4097 4529 seine anderen Besitztümer sind zum mindesten zeitweise in irgend einem
704 4482 4028 4702 Sinne bezweifelbar: Geld, Ruhm und Macht. Die allgemeine Wehrpflicht
3139 4615 3562 4723 ziehungen
717 4641 4045 4862 aber ist die ungeheuerste Vergewaltigung an dem einzigen unbezweifel-
730 4831 4063 5000 baren Besitz der Menschen und überdies zu Gunsten einer im Ganzen und
721 4913 4158 5267 oft im Besonderes höchst diskutablen Idee wie Dymastie, Vaterland, Staa
