4616 5592
3427 360 3691 624 161
3206 498 3969 780 ( Februar 1915)
689 568 1066 806 (Krieg)
693 706 4060 1096 Das Schwierigste bei der Betrachtung der Schuldfrage hinsichtlich der
706 988 4168 1235 Entstehung eines Krieges ist immer: die Weltlage in den richtigen Rahmer
706 1135 4164 1399 zu spannen, zu wissen bis zu welchem Kettenglied der Kausalität man vor-
715 1300 4151 1568 dringen darf ohne sich ins Grenzenlose zu verirren. Historisch betrach-
719 1460 4151 1694 tet existiert kein Staat, der völlig ohne Schuld wäre, das ist bei die-
728 1581 4038 1867 sem Kriege genau so wie bei jedem anderen. Nichts desto weniger muss
728 1785 4021 2023 man an irgend einem Punkte einsetzen, um zu einem klaren Bild zu ge-
732 1906 4129 2184 langen. Für künftige Friedensverhandlungen aber wird es notwendig sein
754 2054 4099 2327 die Schuldfrage vollkommen auszuschalten. Denn xx ist sie einmal ange-
758 2236 4129 2487 brochen, so würde man notwendig immer weiter zurückgehen müssen, nicht
754 2379 4055 2630 nur bis zu den Fehlern österreichischer und deutscher Politik in den
741 2530 4220 2799 letzten Jahrzehnten, sondern auch auf die Missverhältnisse z.B. zwischen
763 2669 4216 2920 Oesterreich und Russland im Krinkrieg, auf die Verhandlungen des Wiener
767 2842 4008 3106 Kongresses, ja selbst bis auf die Teilung Polensn,an der Katharina,
771 3015 4203 3232 Friedrich der Grosse und Maria Therese gleich schuldig waren und in der
771 3124 4246 3423 man, wenn man will, aucheine der Ursachen der Rivalität zwischen Oester-
784 3297 4107 3574 reich und Russland finden kann. Geht man noch weiter zurück, so wird
789 3440 4233 3713 man finden, dass die Revanchegelüste Frankreichs nicht zu rechtfertigen
789 3605 4116 3908 sind, da ja Elsass und Lothringen erst von Ludwig XIV. dem Deutschen
806 3774 4042 4034 Reich entrissen wurden, geht man weiter und noch weiter zurück, so
802 3925 4190 4194 kommt man auf xxxxEx die Zeitn wo Frankreich und Deutschland überhaupt
810 4073 4116 4341 noch eines waren und die Staaten, die heute existieren, xxxxn weder
810 4246 4203 4519 iedell noch politische Rxxxken vorgebildet waren. Man könnte sagen:
819 4389 4216 4670 Alles politische Geschehen ist Gehuld. Denn ganz natürlich beruht alle
797 4510 4281 4831 polttische Entwicklung auf den Recht des Sträkeren. Das sogenannte Völ-
810 4701 4229 4969 kerrecht bedeutet nichts als einen Versuch gegenüber di sein seit Jahr-
806 4844 4294 5186 tausenden immer geübten Recht des Stärkeren ein sitzisches auszuspielen,
