4632 5608
896 580 1271 805 (Krieg)
3256 572 3777 888 (März 1916)
900 919 3970 1152 besserung des Handels zum Schwert zu greifen? Sogar die Schieds-
896 1125 3970 1302 gerichte, von denen sie sprachen, sollten nicht richten und ent-
892 1286 3986 1452 scheiden, sondern es sollte vorbehalten bleiben, ob eine Nation,
908 1429 3923 1618 ein Volk, ein Staat sichdem Urteil eines solchen Schiesgerichts
3911 1559 4163 1748 G.C.F.P.
844 1575 3824 1764 zu fügen willens sei oder nicht.
825 1736 3982 1906 hare. War dies alles vorher im Lauf der Welt begründet, war dies
868 1886 3994 2056 alles sinnvoll und erwägungswert, kurz, war der Krieg etwas Ver-
868 2052 4033 2226 nünftiges, so lang er als Möglichkeit betrachtet wurde, wie kann,
872 2198 3808 2376 wie darf er als Wirklichkeit Unsinn und Wahnseinn scheinen?—
848 2368 2995 2541 leidigen im wahren Sinn des Wortes (nicht die
833 2533 2608 2691 aussterben. In Wirklichkeit sind wir
2190 2656 2364 2833 G.C.H.F.P.
825 2640 2131 2829 uns Hunderttausend, die ein
844 2814 1957 2987 kümmern uns die zwanzig
825 2972 1752 3161 nun die achntausend
