4312 5352
605 539 1912 810 (Krieg)ste wichtigste Lehre
3010 580 3803 806 (November 1914)
777 785 3766 964 Dieser Krieg ist unerhört durch den Heldenmut, mit dem er von
622 935 3737 1131 den Armeen, durch die Bosheit, mit der er von den Völkern, insbe-
626 1073 3987 1269 sondere von einigen Regierungen und von den Journalisten geführt wird.
873 1252 3812 1415 Die Hochachtung zwischen den Heeren wächst, die Verbitterung
610 1390 2004 1570 zwischen den Völkern steigt.
731 1541 3858 1691 Man kann sich ganz gut vorstellen, dass sich eines Tages (wie
618 1678 3904 1883 es in Einzelnen schon geschieht) die feindlichen Truppen mit Rührung
635 1850 3858 2050 und Begeisterung gegenseitig begrüssen, dass die Führer einander in
618 1987 3741 2200 Ehrfurcht salutieren, und dass über all dies hinweg, weit hinter
639 2146 3858 2346 ihnen, in einer doppelt verächtlichen Sicherheit,die Diplomaten und
3486 2296 3661 2459 G.F.P.
618 2325 2852 2480 Bürger einander weiter beschimpfen wie bisher.
3148 2580 3879 2822 (Dezember 1914)
618 2601 998 2831 (Krieg)
898 2739 3758 2985 Keine Repressalien! Man möge sich nicht ins Unrecht setzen.
626 2918 3858 3085 Immer wieder werden nur die Unschuldigen getroffen, Und nachher ird
635 3073 3891 3265 sich natürlich nicht mehr genau unterscheiden lassen, wer angefangen
622 3236 3858 3453 hat. Würden die Deutschen und die Oesterreicher ihre ruhige und vor
626 3419 3883 3557 nehme Haltung gegenüber den Angehörigen feindlicher Staaten, die zu-
622 3553 3812 3753 fällig in ihrer Mitte leben, beibehalten, so würde das für die zu-
626 3712 3778 3866 künftigen Friedensverhandlungen und insbesondere für die späteren
605 3837 3657 4112 Beziehungen zwischen den Staaten von unschätsbaren Werte sein.
2355 4112 2568 4321 G.H.
