4616 5560
3690 303 3993 422 1,1,
3323 294 3558 593 12)
751 397 1131 627 (Krieg)
845 614 3963 947 So sonderbar es klint, bei dem künftigen Friedenskongress drüfte
789 879 4181 1088 von Politik in rückschauendem Sinn nicht gesprochen werden. Die Schuld-
768 1028 3938 1246 frage darf nicht aufgerollt werden, denn bis wohin müsste man die
789 1212 4104 1399 Geschichte nach rückwärts verfolgen, um zu einem vollkommen gerechten
768 1361 4108 1549 Urteil zu gelangen. Es wäre natürlich kurzsichtig nur von den letzten
866 1387 1207 1489 a M.M.
776 1485 4074 1715 Ursachen des Krieges zu sprechen. Und doch würde es wieder ins Leere
794 1660 4091 1945 führen, wollte man Ursache an Ursache reihen, endlich bis zur vahren
806 1826 4215 2090 Quelle des Uebels sich durchforschen wollen. Man kann sich nicht anders
794 1980 4177 2261 helfen als durch eine vollkommene, auch die nächste Gegenwart miteinbe
789 2120 4032 2419 ziehende Amnestie. Man müsste ernsthaft versuchen, eine neue Epoche
806 2265 4104 2573 einzuleiten. Und so wenig man im bürgerlichen Leben dem Verurteilten
811 2445 4164 2718 nach Abbüssung xxx die Strafe vorhalten darf, darf es gestattet sein,
802 2594 4236 2888 im politische-historischen Dasein dem Schuldigen seine Schuld vorzuhal-
1169 2777 1348 2867 Amstel.
823 2794 2858 3033 ten, ob sie nun abgebüsst ward oder nicht.
3532 2799 3780 2939 G.C.H.F.P.K.
1003 2918 4113 3157 Wir werden keinen Staat finden, der ganz im Unrecht, keinen, der
815 3050 4198 3306 ganz im Rechte war. Im Ganzen wird man nur sagen dürfen, dass für den-
836 3153 4258 3481 jenigen, der einerseits angegriffen wurde, andererseits mehr aufs Spiel
836 3375 4104 3618 gesetzt hatte, die Wahrscheinlichkeit einer geringfü gigeren Schuld
840 3520 4177 3797 und Verantwortung bedeutender ist, als für Andere, die angegriffen ha-
840 3724 2829 3980 ben, und deren Risiko ein geringeres war.
2991 3707 3554 3899 eine und xxx
1037 3840 4241 4096 Aber es ist ein Unterschied zwischen Bedrohung, Angriff und Ueber-
840 4006 4160 4232 falls und es ist ein Unterschied zwischen Vorsicht, Verteidigung und
840 4236 1604 4428 Präventivkrieg.
1096 4292 4164 4556 Da es hier Uebergänge gibt, wo nicht das Urteil allein, sondern
853 4416 4083 4659 auch das Gefühl notwendig mitspricht, wird sich eine vollkommen in
866 4590 4288 4868 logisch, politisch und historischem Sinne unabezweifelbare Entscheidung
853 4812 2099 5064 nicht aussprechen lassen.
