4632 5560
3596 548 3790 776 24)
681 591 1056 888 (Krieg)
2565 720 3173 992 est verletzt
1427 811 1746 1035 andere
914 836 4005 1168 Dringt der Friedensgedanke nicht in allen europäischen Staaten
668 1108 4048 1306 zugleich und völlig durch, so bedeutet er nur eine Gefahr. Akseptieren
681 1268 4091 1483 z.B.neuen Staaten die Friedensidee, und ist das Ganze so weit geregelt,
694 1418 4070 1647 dass diese unter keiner Bedingung Krieg zu führen geneigt sind, so hat
690 1574 4035 1793 der eine Staat, der Krieg führen will (oder besser gesagt, die Regie
698 1724 3902 1953 rung, die so mächtig ist, dass sie ihr Volk in einen Angriffskrieg
681 1867 4070 2121 hetzen kann, denn das Volk will niemals einen Krieg) gewonnenen Spiel,
711 2022 4143 2246 so wie ein Bewaffneter gegen neuen Unbewaffnete im Vorteil ist und sie
707 2156 3923 2449 natürlich dazu zwingen wird, gleichfalls zu den Waffen zu greifen.
716 2281 4040 2539 Also die Verständigung zwischen allen Staaten ist unerlässlich.
729 2470 4087 2742 Dass das durch Friedenskongresse nicht erreicht werden kann, be-
703 2630 4169 2837 sonders wenn Könige in diesen Kongressen sitzen, brauchte nicht erst er-
720 2789 4091 3014 wiesen zu werden. Eher könnte man an ein Friedensparlament denken, das
716 2919 3984 3143 natürlich ununterbrochen tagen müsste. Sofort erhebt sich die Frage:
3764 3048 3936 3139 ist
716 3100 4091 3315 Wo soll es tagen? In welcher Sprache soll verhandelt werden? Wie es
711 3229 4061 3453 möglich, dass Angehörige irgend eines Staates, die in ein solches Par-
716 3419 4091 3639 lament gewählt würden, sich gewissermassen auf Lebenszeit expatriieren
737 3570 4057 3764 u.s.w. Für diese Parlamentarier dürfte der Krieg so wenig in Betracht
716 3690 3979 3915 kommen, als etwa in einem der bisherigen Parlaments in Streitfällen
729 3854 4165 4070 ein Duell zwischen den Parteiführern als Ausweg nur in Erwägung gezogen
746 4001 4199 4247 werden dürfte. Ebenso xxx wie in den innerstaatlichen Parlamenten, müsste
746 4169 4044 4415 durch Abstimmung alles entschieden werden und die überstimmte Partei
733 4385 1789 4600 müsste f sich fügen.
836 4432 3859 4712 Die Fragen, um die es sich handeln kann, zerfallen in drei
729 4570 4087 4911 Gruppen! Grenz-Handels-Ehrenfragen. Also Fragen des dynastischen Ehr-
729 4846 2617 5066 geizes, der Konkurrenz, des Prestiges.
1056 4928 4186 5242 Die Ehre eines Staates kann aber, wie die des Einzelnen, niemals
