4648 5592
3204 372 3730 718 (Mai 1915)
573 560 931 790 (Krieg)
731 679 3939 1021 Ein ungeheures Missverhältnis besteht zwischen der Empfindung, die
598 833 4025 1213 den Soldaten bewegt, und dem Ausdruck, der Geste, die er ihr notgedrun-
628 1017 4042 1376 gen geben muss. Er lädt ein Gewehr, drückt ab, hat gewiss nicht das Be-
641 1149 4076 1495 wusstsein, dass er nicht nur ein Menschenleben zerstört (oder als Artil-
615 1299 4050 1649 lerist hundert), Dutzende von Beziehungen vernichtet u.s.v., sondern er
628 1453 3978 1816 hat jedenfalls eine Empfindung, die dem Sportlichen vielmehr verwandt
641 1624 3918 1987 ist, als dem Nenschlichen oder gar Philosophischen. Auch hier kommt
675 1824 4072 2145 es darauf an, wie in allem, was mit Politik nur entfernt zusammenhängt,
671 1897 4050 2269 die Leute im Unklaren zu lassen. Die ganze Weltgeschichte ist eine In-
688 2106 4085 2410 trige der Mächtigen gegenüber dem Bewusstsein und der Plantasie des Ein-
675 2320 2452 2653 zet zelnen, oder vielmehr der Masse.
765 2636 1081 2833 Kasser
931 2803 1098 2978 G.H.F.P.
773 3414 1034 3610 nicht
