4536 5368
796 423 1206 669 (Krieg)
3551 398 3953 745 (1916)
796 593 4029 872 Das Individuun als solches will nie den Krieg. Es will die Tat (im
800 855 4173 1033 guten oder übeln Sinne), die Gefahr, das Abenteuer, den Ruhm, die Ehre
800 995 4139 1206 und benütst den Krieg als Mittel und zwar als das unverantwortlichste
804 1134 4101 1312 Mittel zu seinem Zweck. Denn all dies, Tat und Abenteuer, Gefahr und
796 1295 4084 1494 Ehre ist auch auf andere Weise zu bekommen, xxx bedarf es dazu eines
800 1469 3995 1646 grösseren geistigen Aufwands und vor allen einer gewissen Selbst-
804 1608 4008 1778 ständigkeit des Denkens. Vor allem des Entschlusses.
1088 1744 4110 1960 das Individuum als Staatsbürger will zuweilen Krieg, dann aber
796 1934 4186 2104 nur als Verteidigungsmassregel. Und da dem Bürger jedes Staats gelehrt
800 2065 4203 2239 wird, dass sein Krieg ein Verteidigungskrieg sek, so will er imd Allge-
3780 2239 3953 2358 G.C.F.P.
800 2226 3725 2404 meinen den Krieg so lang er eben dauert.
804 2353 4093 2535 Das Individuum als wehrpflichtiger Soldat will niemals den
787 2518 4021 2683 Krieg, denn wollte er ihn, so bedürfte es ja nicht der Wehrpflicht.
1579 2671 2425 2895 an sie vielleicht
1003 2861 1291 3132 Aber
2044 2857 2785 3179 asrhta, dans d
1321 3094 1579 3306 G.C.H.F.F:D:H:F:H.H:H
1655 3157 2840 3331 Wir xxx Augenblick (lange
783 3251 2556 3483 zu einer richtigen Auffassung thisch
817 3394 2573 3644 möglich von Wesen des Heldentums geko-
2607 3445 2891 3648 G.H.F.P.
885 3589 1972 3797 alls bestand diese Auffe
1473 3754 1786 3949 darf xxx
914 4503 1198 4673 dich in
