4392 5416
657 524 1009 691 (Krieg)
3160 438 3882 713 (Oktober 1914)
824 683 3830 1039 In der Versöhnung, die ja doch wischen den Fürsten und Regie-
648 936 3959 1207 rungen mit dem üblichen Pathos geschlossen werden wird, soll kein Bo-
640 1146 3899 1365 densatz von chezt von Volk zu Volk zurückbleiben, wie immer es enden
653 1344 945 1546 möge.
846 1554 4045 1808 Es gibt næxx neutrale Staaten, sogenannte neutrie Staaken, und es
674 1739 4122 1971 mag unter diesen einen oder den anderen geben, der in diesen ungeheueren
674 1885 3972 2134 Krieg noch eingreifen wird, ohne dass wir in diesem Augenblick zu sa-
674 2048 3963 2310 gen vermöchten, in welchem Sinn. Es ist also ebensogut nöglich, dass
674 2224 4045 2409 unsere Soldaten noch im Laufe dieses Krieges Seite an Seite mit diesen
670 2366 4053 2593 jetzt neutralen fechten werden, als es möglich ist, dass sie gegen ihn
678 2503 4079 2744 kämpfen werden. Und diese Soldaten des jetzt noch neutralen Staates ha-
678 2701 4049 2898 ben in diesem Augenblick nach keine Ahnung, ob sie morgen verpflichtet
936 2804 3899 3066 sein werden, die Unsern tödlich zu hassen oder brüderlich zu
678 2920 4015 3207 lieben. Ihre Regierung wird es ihnen zu diktieren haben. Aber so unge-
2435 3113 2615 3229 viel
678 3130 3993 3366 heuer ist die Macht der Politik, umso ungehouerer wenigstens in Ihren
700 3285 3946 3508 praktischen Wirkungen als nationale und und sonstige Sympathien und
691 3431 3933 3654 Antipathien, dass wir schon heute sagen können: die Soldaten dieses
691 3633 4019 3826 jetzt noch neutralen Staates werden entweder, sie alle, unsere treuen
700 3718 4036 3985 Mitkämpfer oder unsere blutigen Gegner sein. Nicht einer unter diesen
687 3894 3997 4131 Hunderttausenden wird einem eigenen Gefühl folgen und im Widerspruch
704 4096 4040 4281 mit seiner Regierung sich für oder gegen uns entscheiden. Sollte aber
721 4255 4049 4478 einer von diesen zum Kampf verpflichteten Soldaten innerlich zu einem
730 4371 3972 4564 anderen Resultate gelangen, als seine Regierung oder sein Fürst und
704 4530 4045 4757 nach diesem Resultate handeln, das möglicherweise ein viel vernünfti-
721 4659 4113 4938 geres sein kann, als dasjenige, zu dem sein Fürst gelangt ist, so wird
721 4856 2508 5135 er es wahrscheinlich mit dem Leben zu
