5387 4632
2515 474 2848 592 Votre très fait de l'â¬
1544 491 1899 626 V.J.C.
1707 694 3308 896 Lieber Herr Fischer, allen Neue wieder
2009 872 3321 1026 einfälligen Getrieben, in es verantwortungsreichen
1857 954 3321 1110 gegen abhängig von der Moder von der Gunst.
1707 1062 3326 1249 ohr fünfzigster Geburtstag scheint uns mehr als ein
1579 1187 3339 1363 Ablosses privates Fest zu bedeuten; und Sie selbst
1564 1299 3326 1476 werden beim Rückblick auf Ihr Leben Ihre öffentliche
1586 1405 3330 1564 Tätigkeit mit besonderer Ergriffenheit betrachten. Sie haben
1575 1518 3317 1665 in einer Zeit, wo man in Deutschland von mitlebender
1575 1630 3330 1802 literatur wenig wissen wollte, vielem Neven, Interessanten
1586 1760 3319 1907 und Bedeutenden, das jetzt gefestigt und bewährt ist, an-
1573 1874 3315 2044 fänglich aber noch in der Gärung lag und zum Streit heraus¬
1562 1991 3330 2154 forderte, mutig und zuversichtlich, als gerechter Mittler, die
1586 2110 3346 2264 Öffentlichkeit erschlossen, Charakter und Organisation, nicht
1586 2220 3343 2354 der Zufall, haben eine Gemeinde von Gleichstrebenden um
1606 2302 3330 2480 Sie gebildet. Wir kennen die Schwierigkeiten Ihrer
1586 2429 3348 2590 Aufgabe. Denn Ihre Schöpfung, die einen ganzen
1590 2537 3332 2698 Komplex von Tätigen der verschiedensten Kategorieen ver-
1592 2650 3348 2835 einigt, ist auf dem schwierigen Grenzgebiet aufgeführt, wo
1586 2782 3343 2934 die Künste und Wissenschaften mit den ökonomischen
1599 2870 3357 3061 Mächten zusammenstossen. Sie haben erfahren, dass das
1586 2984 3350 3156 Geistige keine isolierte Macht ist, kein Schrankenloses
1586 3139 3348 3284 und Unbedingtes, sondern dass es auf allen Seiten von den
1599 3229 3352 3379 wirtschaftlichen Gewalten bedroht, gehemmt und gebunden
1603 3328 3350 3513 wird. Es war Ihre Aufgabe, Ihro Natur, Ihr Wille,
4165 659 4564 811 B.H.F.P
4187 766 4909 945 procembre M. Juristere.
4817 866 5218 1044 ....
4196 929 4482 1073 pradico
4834 1018 5088 1123 G.C.F.P.
4264 1046 4456 1198 G.C.F.P.
4398 1165 4716 1286 G.C.H.F.P.
5086 2539 5277 2667 sse.
4227 2550 4484 2711 Doops.
5103 2683 5304 2793 838°.9
4238 2663 4956 2826 jusqu'a l'arresta
5103 2819 5301 2934 834.8
4224 2843 4568 2960 PTAorco
4242 2903 5286 3088 Drane or "iuaa soe'.
5112 3050 5284 3224 320:
4242 3050 5050 3220 Draczaos: Tvacepriay
