5387 4632
2605 391 3437 548 Berlin, 3. Dezember 09
4337 622 4588 813 G.H.F.P.P
5052 732 5310 899 G.H.F.P.
4340 772 4952 930 G.C.R.S. R. P.D.
1752 819 2762 1027 Herrn Dr. Arthur Schnitzler
4357 893 4548 1057 r o0
2725 910 2906 1113 Wien
4868 1023 5022 1134 G.H.F.P.
4407 1037 4568 1204 G.C.H.F.P.P
4594 1170 5029 1271 G.C.K.H.F.S.
1628 1294 2357 1481 Sehr geehrter Herr,
1866 1321 4230 1612 Am 24. Dezember dieses Jahres begeht unser Verleger, Herr Fischer,
1645 1498 4297 1705 seinen 50. Geburtstag, es wird zu diesem Tage eine Adresse an ihn geplant,
1648 1618 4310 1862 die zu unterzeichnen wir auch Sie, geehrter Herr, bitten. Den Wortlaut der
1655 1735 4193 2000 Adresse überreichen wir hiermit; desgleichen in hergerichtetem Couvert
1672 1903 4250 2127 das Kärtchen, auf das der Name zu schreiben ist und das- der Adresse bei-
1682 2026 4370 2227 gefügt werden soll. Die Adresse wird von Herrn E. R. Weiss entworfen und un¬
1675 2120 4347 2347 ter seiner Leitung ausgeführt werden; die Kosten sollen von den Unterzeich-
1695 2280 4247 2494 ner der Adresse aufgebracht werden und werde nur wenige Mark für jeden
1679 2478 2548 2672 unterzeichner betragen.
1916 2481 4387 2759 Mit der Bitte um möglichst schleunige Gebersendung Ihrer Unterschrift
4434 2535 4661 2695 G.F.P.
4440 2658 5012 2832 M.L. Antwara
3130 2702 3738 2856 hochachtungsvoll
5123 2792 5327 2963 834.6
4420 2802 4604 3003 200
3213 2832 3595 2976 das Comité
4487 2899 5330 3090 et „Paa soe’.
3324 2979 3521 3126 i. A.
4434 3039 5303 3223 naos russpryat 320
2317 3043 4220 3324 Richard Dehmel Gerhart Hauptmann Jakob Wassermann
