5394 4328
406 738 1397 869 ach, und hast nicht Kraft genug,
412 842 1630 948 ein Haus auf der festen Erde zu bauen,
416 932 1672 1031 für dich und die Deinen ein sichres Gett,
410 1032 1726 1117 kannst dir nicht einen Galken selber hauen,
406 1119 1768 1231 nicht ein Tischlein zu zimmern dich getrauen,
395 1202 896 1310 nicht ein Grett,
424 1293 1375 1391 hockst wie ein unbeholfnes Tier
412 1381 1427 1483 unter den fremden Fichten hier —
424 1472 1751 1560 so erklangen die Sterne — da flucht'ich dir.
418 1558 1824 1660 Bis der Morgen graute, bis Menschen kamen,
406 1649 1466 1749 hilfreich kamen, Mann für Mann,
393 1737 1558 1851 mich herzlich bei den Händen nahmen,
401 1828 1464 1936 und holde Frauen lachten mich an:
389 1913 1759 2032 Sieh doch, da steht das Haus schon errichtet;
395 2011 1786 2100 während du schweiftest von Traum zu Traum,
399 2086 1763 2188 ward Stein auf Stein zur Mauer geschichtet,
401 2181 1576 2285 der dunkle Hain zum Garten gelichtet,
401 2273 1256 2369 dir zum heimatlichen Raum.
410 2365 1828 2458 Nach freudiger Menschheit ging dein Trachten;
406 2450 1452 2548 weik du sie träumtest, hebt sie nun;
401 2535 1385 2631 du halfest ihr sich göttlich achten,
401 2629 1493 2735 empfang als Schöpferlohn ihr Tun;
401 2708 1531 2826 katz dir aus unsern schwachen Händen
395 2797 1433 2916 den Segen vieler starken spenden!
2787 755 3982 867 So sprachen strahtend zwei der Frauen,
2782 851 3791 975 mich aber wehte ein Gangen an:
2789 950 3818 1050 verflogen war das Morgengrauen,
2780 1034 3816 1156 und über dem sonneblanken Tann
2801 1121 3284 1229 fern im Glauen
2807 1219 3982 1329 sah ich starr dich mit zitternden Klauen
2782 1308 3244 1408 schreckbeschwert
2780 1408 3881 1499 — Phönix — sprühend niederschauen
2770 1483 3321 1589 auf meinen Herd.
2793 1562 4334 1670 Wie Sankt Johannes zwischen den sieben Leuchtern
2789 1660 3810 1772 mit gen Goden gebeugtem Gesicht
2770 1747 3822 1857 barg ich unter den hohen Säumen
2780 1845 3941 1944 meinen Glick vor all dem Gnadenlicht;
2776 1932 4282 2019 in meinen Tränen flossen zu taumelnden Flammen
2762 2030 3970 2136 die Menschen rings mit euch zusammen,
2789 2103 3958 2209 ihr alten Fichten um dies neue Dach —
2762 2190 3889 2288 was rauscht ihr mir Erinnerung, ach!
2789 2283 4334 2389 Ich fühl's noch heute beim Schwanken eurer Zweige,
2756 2369 3870 2468 wie ich erschüttert den Nacken neige,
2758 2471 3970 2572 weik mir zum Dank die Kraft gebricht.
2795 2556 4149 2658 Ich kann ja nichts als immer wieder träumen
2762 2651 4140 2751 von seligem Aufflug zu den freien Räumen -
2758 2729 3995 2828 Phönix, Phönix. verlaß mich nicht! —
3431 2837 3733 2976 * * *
4091 3928 4430 4035 G.C.F.P.S.
