6692 4185
1121 475 2858 609 Sie, der sie - - Sie - (wütend auflachend) Sie,
1113 590 1886 718 Sie: "Es geschah" Sie!
768 677 2751 839 Sebastian: (interessiert aufhorchend) Eskhkenasi? Von welchem
1121 799 1920 927 Eschkenasi sind sie - -
768 888 2863 1006 Souffleur: (milde) Bestehen Sie noch immer darauf, dass Sie
1126 995 1756 1105 "Sebastian" heissen?
755 1121 2822 1204 Sebastian: (hat sich aufgerichtet; respektlos, in herzlicher Gemüt-
1113 1217 2667 1319 lichkeit, fraternisierend) Sind sie nicht bös,Herr
1108 1325 2733 1426 Dichter - und Herr Eschkenasi - wir sind Alle blaue
0 1395 107 1957 Touta-
1102 1403 1518 1515 Kürrassiere!
1750 1714 1941 1847 für
1750 1818 1938 1918 ===----
0 2194 104 2377 P.
0 2367 94 3736 läänistö, että tämätä:
6030 475 6309 596 1 1/2
4243 700 5680 826 Schlaflied für Mirjam.
4217 797 5732 873 . - - -. -. —. - - * - - „ - -, - -
4253 1118 5617 1228 Schlaf mein Kind- schlaf, es ist spät
4271 1223 5625 1335 Sieh, wie die Sonne zur Ruhe dort geht,
4266 1332 5533 1439 Hinter den Bergen stirbt sie im Rot.
4284 1432 5625 1544 Du- du weisst nichts von Sonne und Tod,
4274 1523 5763 1656 Wendest die Augen zum Licht und zum Schein;
4284 1635 5669 1745 Schlaf, es sind soviel Sonnen noch dein,
4274 1750 5703 1855 Schlaf mein Kind- nein Kind, schlaf ein!
4282 1925 5572 2053 Schlaf mein Kind- der Abendwind weht;
4274 2035 5750 2158 Weiss man, woher er kommt, wohin er geht?
4295 2134 5588 2262 Dunkel, verborgen die Wege hier sind,
4295 2252 5826 2356 Dir, und auch mir, und uns allen mein Kind!
4292 2349 5580 2469 Blinde- so gehn wir und gehen allein,
4290 2443 5630 2576 Keiner kann Keinem Gefährte hier sein-
4290 2558 5729 2686 Schlaf mein Kind- nein Kind, schlaf ein!
4295 2754 5792 2892 Schlaf mein Kind und horch nicht auf mich
4308 2866 6079 2973 Sinn hat’s für mich nur, und Schall ist's für dich;
4303 2960 5700 3098 Schall nur, wie Windeswehn, Wassergerinn,
4308 3062 5656 3190 Worte- vielleicht eines Lebens Gewinn
4308 3161 5695 3297 Was ich gewonnen, gräbt mit mir man ein,
4303 3284 5638 3412 Keiner kann Keinem ein Erbe hier sein-
4303 3381 5740 3537 Schlaf mein Kind- nein Kind, schlaf ein
5029 3532 5787 3673 Richard Beer-Hofmann.
