5340 4088
2560 404 3514 622 nicht eene Steige.
2461 553 3438 756 =pannig seiner
1936 613 2219 784 lt. 11
1408 685 3614 932 sonstigen Art zu denken war, sondern
1474 822 3602 1004 ein rollstandiges Anders-sein
1463 952 3602 1169 Reden, at hilosonhuer, meerstim
1480 1144 3624 1336 sem leb tag verkasst und lächer¬
1444 1257 3619 1480 lich erschienen war. Niedersahrer
1474 1433 3583 1628 ben mag nur kann ich das Alles
1521 1540 3526 1744 nicht, nur min – da es ja wieder
1504 1700 3619 1876 gut geht, hätte es ja auch nicht
1510 1834 3369 1969 riel Sinn, es festzirhalten.
1515 1936 3473 2109 Ich bin von Sterzen tron, dass
1515 2032 3600 2247 so- und nicht anders-ausgieng.
1460 2175 3556 2368 können ist nichts zu berichten.
1455 2288 3583 2533 als da wir eine schlechte Woche
1466 2423 3468 2678 mit Schriften verbrachten, der
1458 2585 3462 2797 fast zwölf Jahre mit uns lebte.
1449 2720 3473 2888 mir nun im Garten der Villa
1458 2876 2607 3086 begrasen wurde.
1776 3033 2260 3215 somme.
