5127 4119
793 947 2483 1208 mich sehr, dass Sily heiratet und
790 1130 2489 1353 Du damit zufrieden bist und
784 1335 2525 1578 ihren Mann gern best. Das hat
775 1469 2550 1726 man mir ersiehlt und zwar von
799 1645 2465 1920 glaubwürdiger stelle, so dass ich
817 1844 2585 2029 ls au nehme und Dir doch darüber
797 1971 2527 2259 schreiben darf. Weissh Du, es ist sehr
810 2181 2605 2440 gut, wenn man sehr jung beiratet.
786 2333 2532 2543 as bleibt einem unendlich viel
793 2518 2436 2768 erspart. Ich weiss zwar nicht,
824 2670 2454 2929 Wenn Sily heiratet, jedenfalls
2661 929 4420 1199 Ober sog' ihr schon heute viel Liebes
2650 1132 4336 1326 von mir. Und Dir wenig' ich
2659 1295 4425 1536 einer, auch ohne Telegenheit nur
2675 1518 4048 1665 viel Schönes und Frobes
2692 1668 4344 1875 kommst Du nicht wieder noch
2686 1835 3023 2007 Berlin
3132 1936 3626 2174 Sinnigst.
3552 2027 4291 2409 Deine hujem
2672 2371 3559 2590 Viele herzliche Grüsse und
2625 2529 3643 2721 Wünsche von Meinem Mann
2666 2659 4344 2925 Der Brief ist um für Dich, denn Diegegenüber bin ich
2657 2842 4260 3030 doch nie erwachsen so gemäre mich daher die zu sagen,
2668 2951 3492 3170 Wie lieb ich Dich habe.
