6681 4065
814 285 2661 456 Souffleur: Lassen Sie mich ausreden!
833 432 2045 545 Oberstin: (höhnisch) Wir - Sie? Haha!
833 530 2761 635 Souffleur: Wenn sie ein Fensterkreuz fest ins Auge fassen,und
1186 643 2822 748 dann den Plick von ihm abwenden,so werden Sie - wenn
1159 746 2756 835 Sie genau beobachten - noch einen Augenblick lang,
1178 841 2693 970 vor sich in der Luft, das Bild des Fensterkreuzes
1167 935 2738 1028 sehen. Ich sage: “Das Bild“! Aber wissen wir,ob es
1167 1051 2788 1151 mehr oder weniger Pild ist, als das Fensterkreuz, das
1173 1133 2835 1262 wir vorhin sahen - nicht? - - Sagen Sie doch: “Jo“! -
1178 1249 2838 1352 Von der Leiblichkeit,die gestern auf der Probe Schau-
1173 1344 2788 1457 spieler den Worten des Dichters liehen,schwehen die
1173 1460 2798 1549 Formen noch durcheinander in diesem Raum,und haben -
1173 1541 2403 1665 eine Weile - eine Art von Leiblichkeit.
833 1642 2730 1758 Sebastian: Herr Souffleur,melde gehorsamst,dass doch seither
1173 1763 2748 1868 die gestrige Abendvorstellung - ganz ausverkauft -
1173 1847 1470 1974 hier war!
819 1960 2783 2084 Souffleur: (nach einer Pause) Sie haben recht - aber ich fange
1178 2058 2783 2153 an zu zweifeln, ob Sie wirklich "Sebastian" heissen!
827 2184 2825 2274 Sebastian: Melde gehorsamst: So soll ich le - - (abbrechend zu
1178 2256 2732 2366 Max) Fürchten sie nichts,Herr Leutnant - auch wir
1173 2345 2846 2461 haben einander zugeschworen, auch wir sind totgeweiht!
1178 2461 2761 2582 Wie kommt es, Unteroffizier, dass ich gar niemanden
833 2472 1080 2593 Oberst:
1188 2556 2256 2682 vom Regiment erblicke?
2400 2553 2685 2664 denn
833 2659 2822 2772 Oberstin: (höhnisch) Weil Du mit dem Rücken gegen den Kasern -
2266 2759 2661 2877 tross, das he
841 2769 1009 2893 berat
1157 2767 1565 2888 hof stehst!
1165 2867 2793 2980 Aber es sollten doch Kürrassiere unseres Regimentes
833 2872 1099 3001 Oberst:
1215 2972 2819 3086 vorbeigehen und grüssen, und ich sollte "Gute Nacht"
1173 3059 2751 3186 wünschen - - - wo sind dem Alle- - Unteroffizier!
819 3173 2798 3296 Sebastian: Melde gehorsamst: Das ganze Regiment ist nach Hause
1159 3265 2864 3402 gefahren um Abschied zu nehmen, und wir haben einander
4443 282 5950 466 zugeschworen, dass keiner zurückkommt. Wir sind
4084 379 4313 495 Oberst
4456 427 5188 564 Alle blaue Kürrassiere.
4097 495 6213 680 Katharina: (gerührt zu Sebastian) Geben Sie mir Ihre Hand,Sebastian
4113 619 6063 759 Sehastian: (gibt die Hand nicht)
4108 730 5259 856 Katharina: Abschied nehmen ist süss!
4113 804 5976 978 Sebastian: Melde gehorsamst,es kann auch eine Woche dauern!
4111 920 5760 1033 Katharina: Ich dachte, Du seist ein lustiger Bursche?
4119 1017 5992 1180 Sehastian: Zu Befehl! Auch lustig bin ich, aber dann sag ich
4453 1136 5238 1273 nicht "Abschied nehmen".
4472 1217 6060 1362 (komnt nach vorne,bückt sich zum Souffleurkasten)
4111 1252 4332 1352 Marie:
4464 1331 6055 1457 Ich danke Ihnen,Herr Souffleur - jetzt versteh ich
4464 1433 6118 1581 mein Dasein! (sie wendet sich und tritt der Oberstin
4466 1544 4962 1673 auf ihr Kleid).
4126 1599 6105 1742 Oberstin: (wütend) Jetzt treten Sie mir noch die Schleppe ab!
4480 1726 6179 1866 Das ist zu viel! Sie - Sie - Hyäne des Schlachtfeldes!
4477 1826 5923 1955 (sanft) Was habe ich Ihnen getan, Frau Oberst?
4119 1858 4345 1968 Maria:
4134 1947 6037 2087 Oberstin: Sie fragen noch? Mein Mann erschiesst mich, und an
4485 2037 6013 2171 meiner Leiche hängen sie sich an den Hals meines
5984 2111 6213 2248 weihten.
4477 2158 4819 2285 Geliebten?
4134 2227 5997 2385 Albrecht: (zu Max) Das sind Deine Zusammenhänge, Max!
4480 2335 6134 2472 Und mein Schicksal vergessen Sie? Ich habe mich
4134 2382 4369 2506 Marie:
4490 2440 6137 2582 ihm hingegeben,und aus meinen Armen ist er gegangen,
4498 2556 6053 2688 sich umbringen für eine Andere? Was bin denn
4498 2659 5178 2804 dann ich ihm gewesen?
4503 2709 6066 2872 (hebt den Kopf wie ein altes Schlachtross,das he-
4145 2696 4406 2904 Oberst:
4498 2833 6190 2975 kannte signale hört) Was sind das für Töne!! Herr
4524 2951 6200 3086 Leutnant! ###chiesäenlassen. (bitter höhnend) Es wird
4493 3028 6229 3191 Zu Befehl Herr Oberst!
4140 3057 4329 3178 Max:
4508 3162 5765 3283 Ich komme um eine Kleinigkeit zu holen.
4158 3191 4398 3302 Oberst:
4508 3231 6163 3412 Herr Oberst? ein Alter Mann von neunundsiehig Jahre
4145 3281 4327 3420 Max:
