6692 4185
2612 306 2782 457 1211
2228 419 2579 552 Väkkeen:
1126 439 2775 667 Die letzte Rede des Arztes haben doch Sie souff-
2707 635 2862 760 andern
1126 665 1342 798 liert!
790 738 2411 861 Souffleur: Ja mein Lieber - ebenso wie Ihre Reden!
803 823 2777 988 Sebastian: (winnert auf, der Arzt unterstützt ihn und fühlt ihm
1144 968 1485 1096 den Puls).
1157 1024 2842 1172 Wieso? Ja so! Natürlich! Aber hören sie auf, Sie sehen
810 1089 1079 1182 Dichter:
1157 1131 2546 1282 doch, der Mann stirbt bereits an Ihren Drehs!
820 1249 2110 1375 Souffleur: An meinen? Doch auch an Ihren!
903 1342 2772 1500 Dichter: Ja, ja! Aber nach dem Nachtmahl ist mir das zu an -
1154 1430 2747 1581 strengend. (Er will sich auf die Barriere setzen).
815 1520 2820 1661 Souffleur: (aufschreiend) Nicht auf die Barriere! Das ist keine,
1169 1633 2742 1794 das ist der letzte Akt: grün und stark gestrichen!
1172 1756 2316 1877 Auf den wird sich die Kritik setzen!
1174 1841 2699 1992 Keine Witze jetzt! Sagen sie übrigens: Es ist ja
813 1889 1111 2030 Dichter:
1162 1952 2730 2072 sehr ehrenvoll für mich, aber - haben sie wirklich
1159 2037 2787 2168 nichts anderes zu tun als sich meine Figuren herzu-
1174 2147 2822 2308 nehmen, und mit ihnen Schindluder zu treiben? Fischer
1192 2243 2795 2393 würde sagen: “Ein ausgeruhter Kopp!“ Bei Ihnen kann
1177 2361 2800 2509 man sich ja nicht einmal revanchieren. Ris zu Ihrer
1172 2459 2835 2602 Generalprobe bin ich bestenfalls so alt wie der alte
1184 2566 2712 2692 Moser! Warum verschwenden Sie so viel Geist - -
1209 2669 2587 2797 (um Sebastian bemüht) Ein Glas Wasser,bitte.
840 2694 1029 2825 Arzt;
1207 2775 2752 2893 (fortfahrend) - - da sehen sie - so viel Geist an
858 2810 1124 2925 Dichter:
1194 2860 2719 3003 fertige Figuren, die ihn wirklich nicht brauchen?
1197 2943 2918 3088 Geben Sie Ihren davon - ich meine den noch unfertigen!
1194 3068 2832 3204 Bei einer Pentalogie kann man nie davon genug haben!
1202 3174 2810 3332 Uebrigens,mir fällt ein: Sie könnten eine Familien-
1207 3269 2840 3432 fideikomisstiftung aus der Pentkalogie machen.Immer
1209 3369 2930 3505 der älteste Sohn hat daran zu schreiben, und wenn einer
1209 3467 2805 3595 Ihrer Nachkommen sie wirklich fertig macht, so wird
4446 449 6209 600 er enterbt - weil er aus der Art geschlagen ist! Wissen
4458 557 6174 690 Sie: wenn Sie schon das Stück kritisieren wollen,
4446 662 6207 785 gestalten sie nicht an meinen Gestalten herum - sondern
4458 748 6187 901 schreiben Sie ein Essay für die “Rundschau“ - das wird
4468 858 5943 998 wenigstens klarer und deutlicher sein.
4124 976 6024 1096 Souffleur: Deutlicher vielleicht - aber das war nicht meine
4466 1079 4737 1202 Absicht!
4476 1149 6114 1295 Hetzen Sie doch nicht den Satz zu Tode - er ist sehr
4152 1214 4413 1317 Dichter:
4142 1362 6079 1490 Souffleur: Eigentlich, lieber Arthur, ist es recht unfreundlich
4488 1468 6121 1618 von Ihnen, mir das von der Pentalogie - wenn auch im
4488 1558 6172 1693 Scherze -so vor allen den Leuten zu sagen! Sie hätten
4488 1671 6172 1806 mir das auch unter vier Augen sagen können - das wäre
4498 1801 5261 1902 liebenswürdiger gewesen.
4498 1872 6164 2017 Liebenswürdiger vielleicht! Aber das war nicht meine
4152 1917 4440 2052 Dichter:
4508 2027 4774 2120 Absicht!
4160 2062 6139 2228 Souffleur: Hetzen Sie doch den Satz nicht zu Tode! Er ist sehr
4503 2258 6116 2408 Uebrigens,das, was Sie den Arzt da sagen lassen, von
4175 2343 4438 2449 Dichter:
4523 2383 6169 2491 der Kausalität - ist recht couragiert von Ihnen. Sie
4518 2464 6209 2624 spielen den Krieg in Feindesland! Sie - als Vertei-
4523 2579 6011 2727 diger der Kausalität! Wissen sie, was sie sind?"
4182 2694 6199 2822 Souffleur: Meiner Bescheiden neue Tieber Arthur, ist es wohl zuzutrau-
4528 2802 5487 2933 en, dass ich weiss, was ich bin!
4526 2893 6151 3016 Sie sind: "Grachi de seditione quaerentes"! Bomben-
4195 2943 4458 3048 Dichter:
4536 3008 6094 3143 werfer, die über Knallbonbons sich beklagen! Sie
4541 3096 6237 3231 verlangen Kausalität in einem prama! Ich krieg ordent-
4536 3186 6184 3367 lich eine Wut, wenn ich mir das vorstelle! (er bricht
4538 3307 6109 3442 erbittert ein stück von seiner Virginia, die nicht
4538 3389 6156 3570 brennt, ab) Ausgerechnet Sie machenmir Vorwürfe!
