6681 4065
961 282 2493 482 stian: Melde gehorsamst, Herr Souffleur, Sebastian!
2563 407 2783 536 Sonnen
1148 448 1682 578 Anfangen!
829 472 1055 575 stimne:
821 549 2817 653 Der Arzt: Herr Souffleur, ich kann Fräulein Marie nicht Unrecht
1161 658 1708 777 geben - - -
1166 749 1881 876 Das haben wir gemerkt!
811 762 1057 876 Oberst:
811 837 2897 954 Der Arzt: - - es ist doch für uns alle - sozusagen - eine Lebens-
1161 948 2252 1091 frage,zu wissen,wieso wir da sind?
814 1062 1169 1166 Der Adkunkt
1208 1060 2490 1262 (gleichzeitig) Fräulein Marie hat Recht.
814 1171 995 1314 süsselm
1161 1262 2050 1373 Gut, ich will versuchen - - "
814 1293 1065 1381 Stimme:
821 1347 2786 1480 Der Oberst: Der nichter ist unser Schöpfer! Sie, mein Herr, sind
1161 1467 1627 1581 der Versucher!
814 1518 1013 1612 Saufflin
1161 1547 2814 1674 Graben Sie nicht,Herr Oberst! Ich will versuchen es
814 1594 1062 1682 Stimme:
1161 1656 2171 1791 Ihnen zu sagen. Geben Sie Acht!
806 1772 2835 1873 Der alte Moser (hebt den Kopf): Acht? Nein, neunundsiehig Jahre
1161 1873 1661 1985 bin ich alt - -
832 1975 2762 2073 Der Arzt: Sie irren sich, Herr Moser, sie sind jetzt gar nicht
1161 2068 2234 2197 mehr alt; Sie sind ganz jung tot.
827 2195 2112 2285 Der alte Moser: Ich will nicht tot sein.
827 2262 2775 2366 Der Arzt: Herr Moser! Ich bin Ihr Arz t - Sie müssen tot sein!
1179 2363 2775 2495 Sie sind dazu verpflichtet. Nicht nur sich selbst
1179 2488 1689 2607 gegenüber - - -
827 2571 1070 2677 stimme:
832 2552 2819 2744 Souffleur: Passen cie auf, Sie werden mich nicht verstehen! Wis-
1174 2697 2881 2817 sen Sie, wie lange die kleinen Teilchen im Resonnanzbo-
1179 2827 2718 2972 den einer Violine nicht zur Ruhe kommen und noch
1179 2915 2770 3071 fortschwingen,wenn für unser Ohr, der Bogenstrich,
1171 3011 2547 3172 der sie erschütterte,längst verklungen ist?
821 3099 2744 3301 Albrecht: Wir reiten morgen in den Tod, Herr Souffleur - und
1166 3221 1899 3369 Sie-prüfen uns Physik?
4138 285 5745 469 Souffleur: Es war nur eine rhetorische Frage - - -
4514 399 6131 557 (Der Hintergrund wird durchsichtig; im hellen Sonnen-
4491 505 6131 650 licht erblickt man ein Dorf, lieblich an Hängen gela-
4156 544 4358 679 souffit
4485 622 5983 754 gert. Eine tiefsinnige Stimme sagt:
5582 718 6030 837 jugenblick lang
4491 741 5001 863 Rhetorisch! Ja!
4159 801 6149 956 Eine Frauenstimme (wiederholt in kurzen Atemstössen,ekstatisch)
4501 928 5359 1062 Rhetorisch! Ja, das ist er!
4504 1034 5478 1161 (Die Landschaft entschwindet).
4514 1138 5436 1267 War das Grimau,Herr Adjunkt?
4169 1174 4348 1283 Arzt:
4527 1226 5613 1347 Nein,lieber Doktor: Grinzing!
4175 1272 4452 1373 Adjunkt:
4167 1322 6141 1469 Souffleur: Nun sehen sie: Von allen Worten,die Sie gestern auf
4522 1430 6082 1563 der Generalprobe sprachen, schwingt noch die Luft;
4535 1544 6260 1656 sie hallen noch von den Mauern und den gemalten Leinen-
4537 1627 6198 1767 wänden wieder, und wer feine Ohren hat,kann sie hören.
4524 1726 6149 1868 Aber Herr Souffleur, das würde ja nur erklären, wieso
4182 1783 4382 1886 Arzt:
4532 1837 6102 1975 unsere Stimmen da sind; aber woher nehmen Sie denn
4535 1975 5017 2073 unsere Leiber?
4182 2034 6105 2156 Souff leur: Ich könnte sagen: “Von die zwei Gulden!“ Aber Sie
4553 2148 6157 2260 würden mich nicht verstehen, und es würde, überdies,
4550 2247 5659 2368 vielleicht mein Inkognito lüften.
4206 2327 6190 2485 Der alte Moser: (hebt den Kopf) Nicht lüften! sind Sie toll, ich
4545 2423 6185 2578 kam den Tod davon haben. (er legt sich wieder hin).
4211 2501 4400 2594 Oberst
4584 2565 6159 2664 (energisch) Herr Moser,ich ordiniere Ihnen tot zu
4206 2596 4392 2726 Arzt:
4553 2628 6281 2767 sein. Wenn Sie meine Verordnungen nicht befolgen, stehe
4208 2697 4447 2799 Oberst
4563 2762 5061 2884 ich für nichts!
4221 2824 6216 2985 Souffleur: Ihre Leiber also, Herr Arzt? Nun denn: Wenn Sie einen
4563 2926 6201 3081 Gegenstand,zum Beispiel das Fensterkreuz dort - - -
4563 3050 6123 3190 Hier ist keines, Herr Souffleur! Sonst bleibt der
4229 3104 4395 3200 Max:
4568 3143 6180 3309 Herr Oberst beim Hereinspringen hängen! nach Hause
4229 3190 4382 3314 Sehaa
5556 3231 6255 3384 und wir haben einander
4568 3275 4916 3420 gefahren un
