6692 4185
2343 449 2652 551 zur Recher
1149 447 2841 664 dann ist mein Vater daran schuld, weil er meine Mutter
1161 636 2798 748 geheiratet hat,und so fort,bis auf Adam und Eva!Muss
1174 735 2846 842 ich alter Mann von neunundsiebzig Jahren Ihnen sagen,
1161 814 2808 924 dass man sich nicht auf Kausalitäten einlassen soll,
1161 929 2376 1057 weil sonst eine Konfusion herauskommt!
2494 955 2843 1082 hat, wie der
827 1011 2244 1166 Souffleur: Es giebt keine Kausalitäten!
2721 1034 2920 1182 eines:
845 1108 2154 1266 Der alte Moser: Lassen sie mich ausreden!
1435 1207 2718 1368 In der Erste, dem ich das gestattet hätte!
824 1230 1345 1360 Souffleur: Sie
1174 1322 2711 1465 Es gibt keine Ursachen, und keine Wirkungen! Eine
1174 1406 2787 1583 Wirkung ist eine Ursache,die noch lebt,sonst könnte
1174 1521 1881 1651 sie nicht mehr wirken!
827 1623 2422 1743 Sebastian: (selig fri###sirend): N och ein Dreh!
768 1720 2818 1848 Der alte Moser: Das versteh' ichnicht! Aber,zum Teufel,merken Sie
1192 1838 2864 1942 denn nicht, dass Sie Alle meinem Davonlaufen Ihr Leben
1184 1919 2693 2101 verdanken? Glauben Sie, mein Heldentod hätte den
1189 2032 1858 2157 Dichter interessiert?
845 2080 2264 2274 Sebastian: (jubilierend) N och ein Dreh!
1200 2246 2798 2356 Ihr Davonlaufen, ist doch überhaupt eine witzige Er-
850 2279 1092 2389 Oberst:
1202 2356 2826 2489 findung von mir! Ich kann darauf stolz sein,
1202 2433 2800 2558 dass Sie davongelaufen sind, aber doch nicht Sie.
858 2542 2427 2695 Sebastian: (dem Wahnsinn nah): Noch ein Dreh!
1202 2685 2897 2828 Nun,Herr Oberst,wenn sie sich aber gar so viel einbil-
847 2706 1052 2810 Arzt:
1197 2772 2892 2884 den auf das Elend, das Siemit Ihrer witzigen Erfindung
1197 2902 2907 2997 angerichtet haben, so muss ich Ihnen schon sagen: wir
1197 2997 2874 3127 haben keinen Grund Ihnen dankbar zu sein. Ertrinkende
1197 3106 2823 3231 sind keine Menschen für ein Prama. Und in dem Stück
1197 3193 2882 3334 sind fast alle am Ersaufen.Katharina und der Herr Mo-
1207 3270 2900 3408 ser und die beiden Herrn Leutrants und sie auch, Herr
1202 3385 2920 3551 Oberst. Für das, was einer tut, der weiss, dass er morgen
4469 459 6169 577 sterben soll, kann man ihn nicht mehr zur Rechenschaft
4467 554 6195 684 ziehen; das ist kein Lebender mehr. Der hat nicht mehr
4475 664 6098 796 freien Willen, den kommandiert nur seine Todesangst,
4485 743 6180 901 und wo es nicht freien Willen gibt - gibt es kein Dra-
4485 962 6164 1087 Schade, dass Ihre Weisheit so kurzen Atem hat, wie der
4135 993 4388 1126 Oberst:
4487 1031 6246 1220 Herr Moser. Es g ab keines - aber es gibt eines:
4487 1164 5399 1297 Sie selbst spielen ja darin!
4145 1263 5861 1399 Sebastian: (entrüstet) D en Dreh mach' ichnicht mit!
4500 1355 6116 1493 So werde ich Ihnen nach der Vorstellung sagen - -
4155 1435 4339 1521 Arzt:
4500 1457 6203 1634 Das können sie nicht! Sie sind nur i n der vorstel-
4163 1537 4406 1669 Oherst:
4503 1585 4694 1754 lung!
4158 1651 5125 1810 Sebastian: (schreit) Aufhören!
4518 1769 6129 1891 So werde ich Ihnen sagen, dass Tod und Leben Voraus-
4158 1838 4360 1917 Arzt:
4520 1861 6083 2009 setzungen sind - nicht Stoffe. Tod und Leben sind
4518 1960 6192 2116 unverantwortlich und stehen niemandem Rede; und dass
4528 2060 6210 2198 einer Dichter ist, heisst nur, dass er manchmal - nicht
4520 2159 6174 2307 zu oft - nach ihnen fragen darf.Fragen! Ohne Antwort
4526 2249 6146 2412 zu bekommen! Und schön muss er fragen - sehr schön!
4528 2379 6195 2547 Sie wollen mich wohl belehren, Herr Doktor? Schweigen
4181 2438 4426 2545 Oberst:
4526 2496 4944 2619 Sie endlich!
4536 2550 6192 2729 Herr Oberst haben Ihrem Regiment zu befehlen - nicht
4181 2621 4378 2731 Arzt:
4541 2777 6233 2902 Sie irren, mein Lieber! Auch Ihnen! Sie sind - wie ich
4194 2808 4454 2943 Oberst:
4559 2884 6169 3040 selbst - von meinen Gnaden! (er springt ins Zimmer,
4554 2971 5935 3109 die Maske fällt ab - der Dichter steht da).
4207 3076 6146 3249 Sebastian: (wimmernd in die Knie sinkend) K e n Dreh mehr!
4554 3168 6197 3323 Keiner mehr! Wenn ich schon nicht mehr mit kann!
4204 3293 6215 3443 Dichter: (nach vorne kommend, zündet sich eine Virginia an, und
4566 3372 6157 3584 sagt zum Souffleur, in den Kasten hinunter, scharf):
