6681 4065
1076 270 2592 488 Meine Frau hat sich gestern bei Ihnen vergessen!
737 368 988 511 Oberst:
1081 456 1768 580 Herr Oberst scherzen.
734 488 896 602 Max:
1086 506 2210 668 (stark) Sie hat sich vergessen.
745 588 988 705 Oberst:
747 639 2706 806 Sebastian: Melde gehorsamst,Herr Oberst,da liegt sie noch. (er
1089 761 1701 904 will sie aufheben).
1089 848 2616 994 Lassen Sie! (zu Max) Ich will, dass man sie
755 885 999 983 Oberst:
1105 962 1839 1100 später bei Ihnen finde!
1110 1052 1972 1195 (will auf Max zueilen) Max!
739 1065 975 1219 Marie:
768 1147 2724 1304 per alte Moser: (hält sie am russ fest) Geh nicht weg von mir,
1108 1243 2820 1383 Marie! Ich hab Dich gequält; ich bin ein alter kranker
1092 1317 2467 1468 Mam von neunundsiehig Jahren! Vergib mir!
1126 1450 1871 1574 (sanft) Ich vergebe Dir!
755 1471 986 1587 Marie:
766 1476 2679 1664 Oberstin: (wild) Sie vergibt I h n e n, Sie vereibt Sie,
1118 1619 2796 1791 sie vergibt in allen Fällen! Ein sanftes Mädchen, Ihre
1113 1715 2743 1874 Tochter! Und Sie, Herr Rittmeister, sollten sich auch
1110 1836 2748 1990 schämen! Hören Sie auf mich zu zwicken! Sonst steh
1126 1972 1391 2088 ich auf!
1142 2025 2404 2186 Irene!? Welcher Rittmeister zwickt Dich?
779 2112 1031 2202 Oberst:
1137 2101 2875 2274 Herr Oberst, wir sind beide vor Regiment der Geweihten.
798 2210 949 2313 Max:
798 2263 1630 2409 Oberstin: Der Herr Moser!
1137 2313 2597 2478 Wher wiesst Du Irene, dass er Rittmeister ist?
803 2388 1031 2507 Oberst:
808 2457 2382 2602 Sebastian: Melde gehorsamst: Am Zwick,Herr Oberst!
803 2544 2449 2708 Katharina: Stecken Sie mir die Locken auf,Sebastian!
808 2679 2046 2817 sehastian: (fängt an,sie zu frisieren).
1147 2730 2780 2894 Herr Rittmeister, Sie werden diesen Mord (auf Irene
814 2796 1068 2939 Oberst:
1147 2883 2846 2992 weisend) auf sich nehmen und sich morgen Früh stand -
1171 2957 2843 3098 rechtlich erschiessenlassen, (bitter höhnend) Es wird
1166 3029 2867 3265 Ihnen nicht schwer fallen, Sie sind ja das Sterben ge-
1161 3196 1386 3310 wöhnt!
819 3209 2947 3440 Der alte Moser: Ich bin ein alter Mann von neunundsiebzig Jahren -
4190 257 4362 416 1,1
4455 260 6084 501 Und erst Rittmeister?
4110 421 4365 514 Oberst:
4108 453 6066 620 Katharina: Noch diese Locke,sehastian.!
5846 546 6068 668 sagen
4468 564 5705 700 Wo haben Sie gedient,Herr Rittmeister?
4129 610 4380 731 Oberst:
5750 636 6039 747 ssen soll,
4131 665 5676 811 Der alte Moser: Wir sind alle blaue Kürrassiere!
4473 758 6068 904 Oh,über die verschlungenen Schicksalswege! So sind
4137 824 4378 967 Oberst:
4478 864 5994 991 Sie der Rittmeister Moser, den ich erfunden habe?
4129 975 5470 1102 Katharina: Noch eine Locke hier,sebastian!
4145 1052 5872 1211 Sebastian: (eine Locke aufsteckend) N o c h ein Dreh!
4516 1161 6201 1298 Da wären Sie ja an allem Schuld, was uns heute trifft!
4158 1230 4394 1328 Oberst:
4158 1288 4524 1418 Rittmeister,
4153 1328 5737 1455 Der alte Moser: Wenn sie mich aber erfunden haben!
4516 1397 6201 1564 (bitter) Das hat Sie nicht gehindert wirklich zu sein.
4158 1484 4407 1587 Oberst:
4502 1505 6132 1662 Jetzt,erkennen wir es,Herr Moser! Sie sind an allem
4153 1579 4343 1699 Arzt:
4508 1635 6071 1760 schuld! Und an Ihrem eigenen Tod trifft Ihre arme
4500 1736 6190 1868 Tochter kein Verschulden. Sie selbst haben sich umge-
4500 1823 6188 1988 bracht. Wären Sie damals, anstatt feige davonzulaufen
4500 1929 6145 2062 den Heldentod gestorben - Sie hätten nie geheiratet,
4539 2030 6220 2194 hätten nie eine Tochter (die Sie notgedrungen vergif-
4513 2139 6148 2274 ten musste) gehabt - und wären heute,- mit Ausnahme
4500 2229 5928 2377 kleiner Altersbeschwerden frisch und gesund!
4182 2335 6095 2480 Sebastian: (eine neue Locke aufsteckend, sehr begeistert) Noch
4524 2470 4860 2608 ein Dreh!
4190 2496 6079 2740 Oberstin: Um Ihretwillen,sie alter Feigling,muss mein Mann
4577 2679 4844 2814 sterben!
4542 2700 6299 2928 Um Ihretwillen,Herr Rittmeister,ist ein ganzes Regiment
4192 2782 4463 2931 Oberst:
4553 2891 4910 3016 totgeweiht!
4203 2896 5750 3103 Der Arzt: sie sind an allem schuld, Herr Moser!
4206 2997 6172 3196 Der alte Moser: Jetzt ist’s zu viel und vor allem, Herr Doktor,
4555 3116 6140 3305 sagen sie nicht Herr Moser, sondern Rittmeister zu
4558 3214 6156 3411 mir. Mein Davonlaufen ist an allem schuld? Ja,
