5112 4151
2711 105 3787 346 3. November 1910
1463 236 3758 492 lieber Artkur! her - den ich gestern
1469 413 3581 649 sah, bittet um Folgendes: Eine
1472 602 3813 884 Frau Moller (etwas Suob), Schülerin
1501 780 3816 1073 von ihm, voll einen Autor en abend
1521 1004 3816 1274 zu Gunsten des Vereines, Mutter¬
1492 1166 3729 1504 schutz machin. Möchte dass
1527 1373 3546 1670 Sic - gegen von Ihnen + is
1533 1562 3677 1841 bestimmendes Honorar lesen.
1542 1792 3834 2088 Ausser Ihnen nur „würdige
1530 1931 3473 2295 Entourage”. Salter soll
1536 2199 3770 2487 principiell nichts dagegen
1510 2374 3828 2644 haben. Im Kl. muss kweren.
1521 2557 3810 2851 Taal. Leo fragt bei Ihnen an
1547 2731 3744 2981 [illegible] - u Frau M. deu
2022 2891 2600 3045 eventuell
1553 2923 3840 3205 Besuch zu ersparen. Erbittet
1521 3101 3659 3412 unsch Ihnen zu sagen, dass
1527 3287 3773 3586 er, gar nichts bei der Sache
1556 3502 3680 3778 zu tun hat, sie sich um
