5127 4183
1870 986 2852 1216 Bk Leuzon 273
2927 980 3627 1225 Berlin 8.6.27 C
1823 1186 2624 1389 Siebster Arthur.
2586 1323 3480 1527 So wie ich wieder
1845 1480 3461 1642 in Wien und Du warst nicht da
1834 1644 3546 1817 und wenn Du in Berlin leit, was
1832 1810 3461 1989 ich Dich auch nur höchstens die
1851 1955 3446 2209 Ruckfahrt von Michaelis und das
1855 2094 3448 2324 send höchstens 15 Uitirten. Was
1853 2254 3380 2516 soll man da machen? Und ich
1855 2445 3500 2709 liette Dir oft viel zu sagen und will
1845 2601 3521 2939 is Dir balt jetzt schreiben. Ich freue
