5159 4184
1296 288 1924 565 But BH
3075 466 3263 638 Kirchenalle
1266 519 1858 674 Am Ausgang des Hauptbahnhofes
1289 605 1478 698 ....
1481 760 3475 982 Hotel Reichshof.: Hamburg
2248 942 2708 1048 Direktion: Emil Langer
3283 932 3531 1051 Fernsprecher
2010 982 2956 1151 Mehr als 300 Zimmer und Salons
3204 992 3667 1151 Alster 870, 2836, 2837
1451 985 1719 1108 Framm-Adresse:
1448 1094 1766 1233 shof Hamburg
2261 1101 2668 1243 50 Badezimmer
1689 1213 3276 1326 Im Frühstücks-Saal: Grosses und Abendessen nach der Karte
1594 1270 3382 1461 Kachel-Waschtische mit fliessendem kalten und warmen Wasser in allen Zimmern
1395 1425 2080 1574 Fernsprecher in allen Zimmern
1296 1527 2182 1680 auto-Unterstand für 20 Automobile
3048 1451 3776 1726 12. Oktoberfaite 6
1342 1643 2146 1802 Rasier- und Frisier-Salon im Hause
1286 1802 2695 1947 Verehrter, Vieher Doktor Schnitzler!
1207 1868 3852 2056 Wie sehr es mik Wunsch und Bedürfniss gewesen wäre, mich
1200 2014 3706 2195 von Ihnen zu verabschieden, so wäre es mir doch schliesslich
1217 2113 3736 2281 zeitlich unmöglich. Trotz aller Vorbereitungen wäre meine
1240 2248 2367 2384 Abreise doch überstürzt.
1240 2341 3720 2490 Ich hätte Sie, hêter Herr Oolltor, wie auch ganz besonders gerne
1240 2466 2417 2605 Eilz noch einmal gesehen.
1233 2523 3891 2708 Nach ein paar Tagen Berlin und drei Kalten und verzeyneten
1237 2638 3845 2863 Tagen in Hamburg, Jahre ich morgen mit der "Thuringis"
1250 2807 1944 2949 nach New-York.
1237 2761 3865 3042 Drölz Tage Serfahrt – wie sehr habe ich mit dies-seit Jahren -
1273 2999 3858 3184 gewünscht und jetzt wird es Erfüllung – wie ein Traum¬
1299 3101 2688 3286 zaubertraft und ungleichlich-
1316 3181 3677 3376 Ich habe leider nicht die Adresse Venedig) von Eilg.
1273 3220 3911 3515 Es ist doch nicht unterdreiden, wenn ich Sie, lieber Herr Detter
