3640 4280
1110 367 1850 544 3.  Raiersee. -
364 507 1362 726 Hall – (H. Eingang
1236 605 1721 779 (Leute.)
367 684 782 844 sortier.
406 765 1810 956 Ein Herr. kais ich eine beere Leben¬
524 818 2777 1096 So there -! Ununglant... hem Vollericht Retor
546 866 1480 1020 me there. We live us.
1931 944 2312 1071 Fuhrer
552 1020 1875 1194 soit... in habe bestellt.-
384 1096 2329 1373 Teilvall. - Sehr Briefe -! Sie wieder erst verlot
558 1205 2368 1424 hv est cœur touttei - Rar vidt alschete als
647 1466 908 1575 & Ayse
628 1499 2511 1721 Dr. Lall; et c'est bantigt.  Cupad Hesty aussi
426 1508 1328 1693 Dr Raubpuln rester.
471 1693 2405 1981 Dr. R. (hiebte) au dernier c ou de Porties
577 1906 2214 2158 sulva: - Il habe soehe den 4 Altfertes
546 2004 2676 2256 Iudie forchenakte ist mir weni Frau sehr wulle.
546 2147 2382 2382 Wahreur der Abte schick ist né auf die Berge.
558 2323 1760 2519 Auperde mrd ne magrei
563 2559 1124 2707 Drie Tuhrei -
600 2587 2228 2819 I. habl. 40 sind jeder Fuhrer
715 2732 2399 2951 Also sind die tento langst da.
594 2831 2133 3102 In Rthl. J -1 cts vor 1 Hunde -
656 3038 2618 3282 hiner - Fältret. - auch sehr einrchleider
687 3293 2368 3467 Dr. R. - erkennst sich... Er ist er
712 3402 1875 3590 Sandefund - Mr Fr
709 3517 2346 3722 Er kan nicht wehr auf die Guts
692 3660 1948 3809 fri sein homen tragt
675 3719 2433 3929 Aber n ande Abenleur he ist jenigt
