3656 4280
531 391 1596 613 Mauer.. Kelly.-
522 519 2542 774 Er liebt vie; regt es ihr über nicht.
540 680 2157 856 Mochte auf den Land leben...
589 801 2378 1050 konnte sie es it entschliessen -? -
573 943 2806 1283 brie Friedi huit, leerthle ihre Ärger.-
1371 1171 2321 1329 him it with auf. -
592 1192 3003 1477 Gegen Otto etc.
707 1356 3152 1614 Zielln geht mede.- Manarjert ist der, wie wenn
2036 1465 2485 1626 austapt.
737 1708 2136 1884 harer reist mitsjec -
765 1750 3052 2027 Tredtut. 14 fahr wit. Große Turé.-
728 2030 2105 2230 Ich, wiede was bin: -
798 2157 2770 2381 nen. Soll ich dir las sagen.-
792 2284 3192 2509 Ich kommen die hals meine Frau nicht vertragen.
798 2457 2864 2673 Mu ist.. als wli. Narnsitz. ick fand
777 2655 3019 2897 wei sie die geliebte von deesen E. gewesen
792 2840 2812 3128 war... den so.. einertraglich.. Ci
825 3028 2922 3286 wird ihn besser werden. Ich xxx
807 3231 2036 3531 is ist kankhaft
837 3601 2030 3829 Edele huit clarr
971 3722 2764 3968 versi di -ut hal mil ent¬
