<?xml version="1.0" encoding="UTF-8" standalone="yes"?>
<PcGts xmlns="http://schema.primaresearch.org/PAGE/gts/pagecontent/2013-07-15" xmlns:xsi="http://www.w3.org/2001/XMLSchema-instance" xsi:schemaLocation="http://schema.primaresearch.org/PAGE/gts/pagecontent/2013-07-15 http://schema.primaresearch.org/PAGE/gts/pagecontent/2013-07-15/pagecontent.xsd">
    <Metadata>
        <Creator>prov=READ-COOP:name=TrHtr:version=2.1.0:model_id=51170:date=29_07_2023_07:42</Creator>
        <Created>2023-05-10T12:28:25.908+02:00</Created>
        <LastChange>2023-07-29T07:42:13.989+02:00</LastChange>
        <TranskribusMetadata docId="1428200" pageId="55402787" pageNr="20" tsid="131400628" status="IN_PROGRESS" userId="64420" imgUrl="https://files.transkribus.eu/Get?id=IRVNFYTXBEZVVPNQSCWGWWPO&amp;fileType=view" xmlUrl="https://files.transkribus.eu/Get?id=GTDWSHLNXMZUBCAVASWAFWWI" imageId="44677609"/>
    </Metadata>
    <Page imageFilename="1428200_0020.jpg" imageWidth="6664" imageHeight="4328">
        <ReadingOrder>
            <OrderedGroup id="ro_1711796209806" caption="Regions reading order">
                <RegionRefIndexed index="0" regionRef="tr_2"/>
                <RegionRefIndexed index="1" regionRef="tr_1"/>
            </OrderedGroup>
        </ReadingOrder>
        <TextRegion id="tr_2" custom="readingOrder {index:0;}">
            <Coords points="1146,457 3247,457 3247,4027 1146,4027"/>
            <TextLine id="tr_2_tl_1" custom="readingOrder {index:0;}">
                <Coords points="1213,569 1833,514 2696,606 2836,529 3084,537 3086,443 1808,388 1520,474 1216,454"/>
                <Baseline points="1229,543 1301,537 1390,531 1480,525 1570,525 1659,525 1749,525 1838,519 1928,531 2017,525 2107,525 2196,525 2286,525 2375,519 2465,513 2555,513 2644,507 2734,513 2823,507 2913,507 3002,507 3092,507"/>
                <TextEquiv>
                    <Unicode>sie in Stemptlangkeit versant.</Unicode>
                </TextEquiv>
            </TextLine>
            <TextLine id="tr_2_tl_2" custom="readingOrder {index:1;}">
                <Coords points="1178,687 1581,667 1805,744 1925,684 2356,739 3167,675 3167,601 2882,566 2152,569 2003,641 1348,552 1178,601"/>
                <Baseline points="1193,662 1205,668 1295,668 1384,668 1474,662 1564,662 1653,668 1743,662 1832,662 1922,668 2011,662 2101,656 2190,662 2280,662 2369,662 2459,650 2549,650 2638,656 2728,650 2817,650 2907,650 2996,656 3086,662 3175,656"/>
                <TextEquiv>
                    <Unicode>And is in a jany Schoellrs... jaas Veneel.</Unicode>
                </TextEquiv>
            </TextLine>
            <TextLine id="tr_2_tl_3" custom="readingOrder {index:2;}">
                <Coords points="1129,862 3081,825 2655,710 1129,739"/>
                <Baseline points="1146,817 1205,817 1295,817 1384,817 1474,817 1564,817 1653,817 1743,817 1832,817 1922,817 2011,817 2101,811 2190,811 2280,817 2369,817 2459,817 2549,823 2638,817 2728,817 2817,811 2907,811 2996,817 3086,811"/>
                <TextEquiv>
                    <Unicode>lung... Er wollte sich unterlegen, u</Unicode>
                </TextEquiv>
            </TextLine>
            <TextLine id="tr_2_tl_4" custom="readingOrder {index:3;}">
                <Coords points="1155,1009 1601,991 1937,1060 2374,986 2604,1049 3052,994 3055,842 2351,948 1888,945 1701,876 1158,943"/>
                <Baseline points="1170,990 1181,990 1271,990 1361,990 1450,990 1540,990 1629,990 1719,990 1808,990 1898,990 1987,990 2077,984 2166,984 2256,984 2346,984 2435,979 2525,979 2614,979 2704,973 2793,973 2883,973 2972,979 3062,979"/>
                <TextEquiv>
                    <Unicode>das wicht aussicht. Und da¬</Unicode>
                </TextEquiv>
            </TextLine>
            <TextLine id="tr_2_tl_5" custom="readingOrder {index:4;}">
                <Coords points="1213,1227 2808,1167 3193,1224 3193,1101 3043,1055 2696,1046 2402,1138 2310,1081 1966,1121 1730,1032 1497,1124 1216,1037"/>
                <Baseline points="1229,1164 1319,1170 1408,1176 1498,1181 1587,1181 1677,1176 1767,1170 1856,1176 1946,1170 2035,1170 2125,1164 2214,1164 2304,1164 2393,1164 2483,1164 2572,1164 2662,1158 2752,1164 2841,1164 2931,1170 3020,1170 3110,1176 3199,1176 3205,1170"/>
                <TextEquiv>
                    <Unicode>begepuele er eeuen verlempt canuspiel.</Unicode>
                </TextEquiv>
            </TextLine>
            <TextLine id="tr_2_tl_6" custom="readingOrder {index:5;}">
                <Coords points="1164,1397 3130,1371 3130,1305 2779,1239 1727,1313 1428,1241 1164,1302"/>
                <Baseline points="1181,1349 1253,1349 1343,1349 1432,1349 1522,1349 1611,1349 1701,1343 1790,1343 1880,1337 1969,1337 2059,1337 2149,1337 2238,1337 2328,1337 2417,1337 2507,1337 2596,1331 2686,1331 2775,1331 2865,1331 2954,1331 3044,1337 3134,1331"/>
                <TextEquiv>
                    <Unicode>en thehant au de jugemps a bien</Unicode>
                </TextEquiv>
            </TextLine>
            <TextLine id="tr_2_tl_7" custom="readingOrder {index:6;}">
                <Coords points="1195,1549 2923,1540 3092,1509 3095,1411 2299,1460 1986,1374 1831,1457 1195,1474"/>
                <Baseline points="1211,1522 1217,1516 1307,1522 1396,1516 1486,1510 1575,1510 1665,1510 1755,1510 1844,1510 1934,1510 2023,1510 2113,1504 2202,1504 2292,1504 2381,1504 2471,1492 2560,1492 2650,1486 2740,1492 2829,1486 2919,1480 3008,1480 3098,1480"/>
                <TextEquiv>
                    <Unicode>widerbare tren nachligell... d.</Unicode>
                </TextEquiv>
            </TextLine>
            <TextLine id="tr_2_tl_8" custom="readingOrder {index:7;}">
                <Coords points="1253,1736 2951,1704 3063,1664 3066,1543 2520,1589 2196,1526 1963,1627 1856,1566 1256,1638"/>
                <Baseline points="1271,1695 1277,1701 1367,1701 1456,1695 1546,1695 1635,1695 1725,1689 1814,1683 1904,1689 1993,1689 2083,1683 2172,1683 2262,1683 2352,1677 2441,1671 2531,1671 2620,1665 2710,1659 2799,1665 2889,1659 2978,1653 3068,1647"/>
                <TextEquiv>
                    <Unicode>habe ich u ein serellschaft mit</Unicode>
                </TextEquiv>
            </TextLine>
            <TextLine id="tr_2_tl_9" custom="readingOrder {index:8;}">
                <Coords points="1239,1914 1796,1888 1940,1940 2098,1868 2974,1862 3009,1756 1241,1839"/>
                <Baseline points="1253,1880 1313,1880 1402,1880 1492,1874 1581,1880 1671,1874 1761,1874 1850,1874 1940,1868 2029,1868 2119,1862 2208,1856 2298,1850 2387,1844 2477,1844 2566,1838 2656,1832 2746,1826 2835,1826 2925,1820 3014,1814"/>
                <TextEquiv>
                    <Unicode>ein wollore. ich durch lieb</Unicode>
                </TextEquiv>
            </TextLine>
            <TextLine id="tr_2_tl_10" custom="readingOrder {index:9;}">
                <Coords points="1282,2055 2164,2118 2561,2017 2770,2072 3084,2037 3086,1931 2667,1865 2394,1960 2115,1911 1963,1997 1583,1957 1285,2009"/>
                <Baseline points="1301,2029 1390,2035 1480,2035 1570,2035 1659,2035 1749,2035 1838,2029 1928,2035 2017,2035 2107,2035 2196,2023 2286,2023 2375,2017 2465,2017 2555,2011 2644,2011 2734,2005 2823,2005 2913,2005 3002,1999 3092,1999"/>
                <TextEquiv>
                    <Unicode>nicht rede will. Und da gale</Unicode>
                </TextEquiv>
            </TextLine>
            <TextLine id="tr_2_tl_11" custom="readingOrder {index:10;}">
                <Coords points="1322,2221 2879,2262 3046,2224 3049,2124 2716,2170 2492,2092 2385,2175 2152,2204 1957,2115 1845,2175 1325,2147"/>
                <Baseline points="1337,2202 1355,2208 1444,2214 1534,2220 1623,2232 1713,2226 1802,2232 1892,2232 1981,2226 2071,2226 2161,2226 2250,2220 2340,2214 2429,2208 2519,2202 2608,2196 2698,2190 2787,2190 2877,2190 2966,2184 3056,2184"/>
                <TextEquiv>
                    <Unicode>Weiter „ u Herren“ und es zur -</Unicode>
                </TextEquiv>
            </TextLine>
            <TextLine id="tr_2_tl_12" custom="readingOrder {index:11;}">
                <Coords points="1325,2443 3098,2397 3101,2267 2693,2239 2428,2331 1328,2351"/>
                <Baseline points="1343,2387 1402,2399 1492,2411 1581,2417 1671,2417 1761,2417 1850,2417 1940,2411 2029,2411 2119,2405 2208,2405 2298,2399 2387,2393 2477,2387 2566,2381 2656,2381 2746,2375 2835,2369 2925,2369 3014,2369 3104,2363"/>
                <TextEquiv>
                    <Unicode>Coll xxx auf diesen Ball leute</Unicode>
                </TextEquiv>
            </TextLine>
            <TextLine id="tr_2_tl_13" custom="readingOrder {index:12;}">
                <Coords points="1362,2629 2891,2584 3055,2503 2957,2454 2701,2523 2012,2552 1747,2492 1365,2540"/>
                <Baseline points="1378,2578 1450,2590 1540,2596 1629,2602 1719,2602 1808,2596 1898,2596 1987,2596 2077,2584 2166,2578 2256,2578 2346,2572 2435,2566 2525,2560 2614,2555 2704,2549 2793,2543 2883,2537 2972,2531 3062,2519"/>
                <TextEquiv>
                    <Unicode>be in geschöpf heure..</Unicode>
                </TextEquiv>
            </TextLine>
            <TextLine id="tr_2_tl_14" custom="readingOrder {index:13;}">
                <Coords points="1377,2819 2219,2811 2506,2727 3118,2782 3127,2629 3000,2664 2808,2569 2035,2733 1943,2681 1650,2747 1382,2716"/>
                <Baseline points="1396,2769 1426,2775 1516,2781 1605,2787 1695,2787 1784,2781 1874,2775 1964,2769 2053,2763 2143,2757 2232,2752 2322,2746 2411,2734 2501,2728 2590,2716 2680,2716 2769,2710 2859,2710 2949,2704 3038,2698 3128,2686"/>
                <TextEquiv>
                    <Unicode>we oeil haben er sich. Man kund</Unicode>
                </TextEquiv>
            </TextLine>
            <TextLine id="tr_2_tl_15" custom="readingOrder {index:14;}">
                <Coords points="1379,2954 2221,2986 2713,2897 2874,2951 3043,2897 3046,2825 2888,2785 2664,2854 2161,2828 1793,2914 1382,2900"/>
                <Baseline points="1396,2943 1438,2949 1528,2954 1617,2954 1707,2949 1796,2949 1886,2949 1975,2943 2065,2937 2155,2931 2244,2925 2334,2919 2423,2919 2513,2913 2602,2907 2692,2895 2781,2889 2871,2889 2960,2883 3050,2877"/>
                <TextEquiv>
                    <Unicode>wie wir vor ihr sagen....</Unicode>
                </TextEquiv>
            </TextLine>
            <TextLine id="tr_2_tl_16" custom="readingOrder {index:15;}">
                <Coords points="1365,3190 1782,3138 1943,3187 2572,3081 3069,3098 3078,2986 2721,2937 2652,2992 2305,2989 2216,3055 1374,3084"/>
                <Baseline points="1384,3151 1468,3151 1558,3146 1647,3140 1737,3140 1826,3134 1916,3128 2005,3122 2095,3116 2184,3104 2274,3098 2363,3092 2453,3086 2543,3080 2632,3068 2722,3062 2811,3056 2901,3050 2990,3050 3080,3044"/>
                <TextEquiv>
                    <Unicode>ne schina. Weil hé, in</Unicode>
                </TextEquiv>
            </TextLine>
            <TextLine id="tr_2_tl_17" custom="readingOrder {index:16;}">
                <Coords points="1359,3382 2897,3259 3236,3339 3242,3170 3115,3227 2486,3167 2342,3253 1954,3173 1670,3265 1362,3265"/>
                <Baseline points="1378,3325 1456,3325 1546,3325 1635,3319 1725,3313 1814,3307 1904,3301 1993,3289 2083,3283 2172,3283 2262,3283 2352,3277 2441,3277 2531,3271 2620,3265 2710,3259 2799,3259 2889,3253 2978,3259 3068,3265 3157,3265 3247,3265"/>
                <TextEquiv>
                    <Unicode>glos in Trasimristam namentel</Unicode>
                </TextEquiv>
            </TextLine>
            <TextLine id="tr_2_tl_18" custom="readingOrder {index:17;}">
                <Coords points="1285,3555 1638,3558 1951,3469 2790,3509 3003,3471 3009,3380 2098,3345 1951,3414 1629,3374 1480,3466 1290,3426"/>
                <Baseline points="1301,3534 1313,3534 1402,3522 1492,3516 1581,3510 1671,3498 1761,3486 1850,3480 1940,3468 2029,3468 2119,3468 2208,3462 2298,3462 2387,3456 2477,3456 2566,3450 2656,3444 2746,3444 2835,3438 2925,3438 3014,3438"/>
                <TextEquiv>
                    <Unicode>Mr. :  Le Heimel. beveletet en</Unicode>
                </TextEquiv>
            </TextLine>
            <TextLine id="tr_2_tl_19" custom="readingOrder {index:18;}">
                <Coords points="1285,3701 2851,3647 3063,3607 3069,3494 2377,3466 1897,3612 1290,3569"/>
                <Baseline points="1301,3677 1373,3677 1462,3665 1552,3665 1641,3659 1731,3653 1820,3653 1910,3647 1999,3635 2089,3635 2178,3635 2268,3629 2358,3623 2447,3623 2537,3617 2626,3617 2716,3611 2805,3605 2895,3593 2984,3587 3074,3587"/>
                <TextEquiv>
                    <Unicode>Schlacht. - re beveutet dies</Unicode>
                </TextEquiv>
            </TextLine>
            <TextLine id="tr_2_tl_20" custom="readingOrder {index:19;}">
                <Coords points="1310,3877 1474,3888 1555,3836 1960,3871 2293,3813 2463,3848 2463,3776 2319,3744 2152,3793 1684,3730 1313,3762"/>
                <Baseline points="1325,3850 1396,3850 1486,3844 1575,3838 1665,3832 1755,3832 1844,3832 1934,3832 2023,3826 2113,3820 2202,3820 2292,3814 2381,3814 2471,3808"/>
                <TextEquiv>
                    <Unicode>Der Lebstmerer</Unicode>
                </TextEquiv>
            </TextLine>
            <TextLine id="tr_2_tl_21" custom="readingOrder {index:20;}">
                <Coords points="1402,4107 1891,4089 2196,3983 3112,4020 3115,3920 2877,3834 2733,3931 2515,3845 2132,3937 1963,3891 1822,3946 1408,3923"/>
                <Baseline points="1420,4017 1504,4017 1593,4011 1683,4005 1772,3999 1862,3993 1952,3993 2041,3987 2131,3987 2220,3981 2310,3981 2399,3981 2489,3981 2578,3981 2668,3981 2757,3981 2847,3981 2937,3981 3026,3975 3116,3981"/>
                <TextEquiv>
                    <Unicode>The Friend was in Schumble..</Unicode>
                </TextEquiv>
            </TextLine>
        </TextRegion>
        <TextRegion id="tr_1" custom="readingOrder {index:1;}">
            <Coords points="3504,218 6011,218 6011,4051 3504,4051"/>
            <TextLine id="tr_1_tl_1" custom="readingOrder {index:0;}">
                <Coords points="5773,336 5805,328 5845,348 5874,342 5903,359 5952,333 6000,348 6006,190 5966,184 5885,198 5877,190 5776,190"/>
                <Baseline points="5790,274 5832,274 5921,274 6011,268"/>
                <TextEquiv>
                    <Unicode>2o</Unicode>
                </TextEquiv>
            </TextLine>
            <TextLine id="tr_1_tl_2" custom="readingOrder {index:1;}">
                <Coords points="3517,586 3997,523 4538,598 4676,529 5469,583 5615,552 5618,448 4627,382 4193,486 3520,440"/>
                <Baseline points="3534,555 3563,555 3653,543 3742,537 3832,537 3922,531 4011,525 4101,525 4190,519 4280,525 4369,519 4459,519 4548,519 4638,513 4727,519 4817,519 4907,519 4996,513 5086,513 5175,513 5265,519 5354,507 5444,507 5533,507 5623,501"/>
                <TextEquiv>
                    <Unicode>Je.dans cr ar en wohl... abéi es pon die touss</Unicode>
                </TextEquiv>
            </TextLine>
            <TextLine id="tr_1_tl_3" custom="readingOrder {index:2;}">
                <Coords points="3512,767 4109,701 4247,762 4607,707 4862,762 5543,667 5543,575 5408,563 4926,632 4219,555 3874,655 3515,612"/>
                <Baseline points="3528,704 3581,698 3671,698 3760,698 3850,698 3939,692 4029,692 4119,686 4208,686 4298,686 4387,686 4477,686 4566,680 4656,686 4745,686 4835,686 4924,686 5014,680 5104,674 5193,668 5283,662 5372,656 5462,656 5551,644"/>
                <TextEquiv>
                    <Unicode>zueusen... Als desbergens nach Hain¬</Unicode>
                </TextEquiv>
            </TextLine>
            <TextLine id="tr_1_tl_4" custom="readingOrder {index:3;}">
                <Coords points="3506,899 5015,928 5199,831 5776,862 5816,741 4957,787 4719,724 4084,845 3894,741 3509,767"/>
                <Baseline points="3522,871 3581,877 3671,871 3760,871 3850,871 3939,871 4029,871 4119,865 4208,865 4298,865 4387,865 4477,865 4566,865 4656,865 4745,865 4835,865 4924,859 5014,847 5104,835 5193,829 5283,823 5372,823 5462,817 5551,817 5641,811 5730,811 5820,811"/>
                <TextEquiv>
                    <Unicode>den Zellen: wo vaturbesucht lass. wäre</Unicode>
                </TextEquiv>
            </TextLine>
            <TextLine id="tr_1_tl_5" custom="readingOrder {index:4;}">
                <Coords points="3489,1101 3819,1144 4224,1063 5385,1052 5388,908 4992,986 4696,888 4061,1020 3492,960"/>
                <Baseline points="3504,1068 3510,1062 3599,1068 3689,1068 3778,1068 3868,1074 3957,1068 4047,1062 4136,1062 4226,1050 4316,1050 4405,1050 4495,1050 4584,1050 4674,1044 4763,1038 4853,1038 4942,1032 5032,1026 5121,1026 5211,1026 5301,1020 5390,1014"/>
                <TextEquiv>
                    <Unicode>lebte.. nur ernachte... Escas em</Unicode>
                </TextEquiv>
            </TextLine>
            <TextLine id="tr_1_tl_6" custom="readingOrder {index:5;}">
                <Coords points="3506,1308 4132,1276 4449,1328 4618,1253 5216,1227 5219,1121 4382,1213 3512,1141"/>
                <Baseline points="3522,1265 3611,1271 3701,1271 3790,1271 3880,1271 3969,1271 4059,1265 4148,1265 4238,1259 4328,1253 4417,1247 4507,1253 4596,1247 4686,1247 4775,1241 4865,1235 4954,1229 5044,1223 5133,1217 5223,1211"/>
                <TextEquiv>
                    <Unicode>Selicheil.. obue gleicher.. Und</Unicode>
                </TextEquiv>
            </TextLine>
            <TextLine id="tr_1_tl_7" custom="readingOrder {index:6;}">
                <Coords points="3601,1445 3658,1457 3687,1483 3739,1448 3756,1460 3834,1454 3905,1491 3989,1489 3986,1382 3926,1400 3831,1333 3788,1345 3716,1308 3630,1356 3598,1356"/>
                <Baseline points="3617,1408 3707,1414 3796,1414 3886,1420 3975,1420 3993,1420"/>
                <TextEquiv>
                    <Unicode>Billig</Unicode>
                </TextEquiv>
            </TextLine>
            <TextLine id="tr_1_tl_8" custom="readingOrder {index:7;}">
                <Coords points="3520,1667 5641,1609 5644,1535 4819,1423 4469,1558 3523,1517"/>
                <Baseline points="3540,1629 3587,1617 3677,1611 3766,1611 3856,1605 3945,1611 4035,1611 4125,1599 4214,1593 4304,1593 4393,1587 4483,1593 4572,1593 4662,1587 4751,1581 4841,1575 4930,1575 5020,1570 5110,1575 5199,1570 5289,1570 5378,1575 5468,1581 5557,1581 5647,1581"/>
                <TextEquiv>
                    <Unicode>Nein, nicht er ganz...  A ersählte is senn,</Unicode>
                </TextEquiv>
            </TextLine>
            <TextLine id="tr_1_tl_9" custom="readingOrder {index:8;}">
                <Coords points="3520,1905 4288,1842 4549,1920 4759,1799 5345,1799 5423,1767 5429,1635 5156,1713 4811,1652 4641,1730 4397,1698 4107,1793 3532,1690"/>
                <Baseline points="3540,1832 3545,1832 3635,1832 3725,1832 3814,1820 3904,1826 3993,1820 4083,1814 4172,1808 4262,1814 4351,1808 4441,1802 4530,1796 4620,1790 4710,1784 4799,1778 4889,1772 4978,1767 5068,1761 5157,1761 5247,1761 5336,1755 5426,1755"/>
                <TextEquiv>
                    <Unicode>Geliebte... und... sie wollte nicht</Unicode>
                </TextEquiv>
            </TextLine>
            <TextLine id="tr_1_tl_10" custom="readingOrder {index:9;}">
                <Coords points="3500,2052 3951,2066 4199,2017 4239,2058 4354,2063 4609,2026 4612,1946 4313,1992 4132,1917 3963,2000 3770,1948 3673,1994 3572,1963 3500,1989"/>
                <Baseline points="3516,2023 3545,2023 3635,2029 3725,2035 3814,2029 3904,2029 3993,2023 4083,2017 4172,2017 4262,2017 4351,2011 4441,2005 4530,1999 4620,1993"/>
                <TextEquiv>
                    <Unicode>auch von ihm mässen.</Unicode>
                </TextEquiv>
            </TextLine>
            <TextLine id="tr_1_tl_11" custom="readingOrder {index:10;}">
                <Coords points="3647,2247 4894,2152 5046,2207 5158,2158 5161,2075 4903,2003 4500,2127 4247,2078 4112,2147 3957,2138 3894,2075 3653,2106"/>
                <Baseline points="3665,2196 3731,2190 3820,2190 3910,2190 3999,2178 4089,2178 4178,2172 4268,2166 4357,2161 4447,2155 4536,2149 4626,2149 4716,2143 4805,2143 4895,2143 4984,2137 5074,2131 5163,2125"/>
                <TextEquiv>
                    <Unicode>I warum hat er es errahlt</Unicode>
                </TextEquiv>
            </TextLine>
            <TextLine id="tr_1_tl_12" custom="readingOrder {index:11;}">
                <Coords points="3572,2382 4664,2325 5121,2423 5727,2336 5736,2187 5130,2150 4773,2276 4339,2201 3575,2285"/>
                <Baseline points="3587,2346 3677,2352 3766,2352 3856,2352 3945,2346 4035,2340 4125,2334 4214,2328 4304,2328 4393,2328 4483,2328 4572,2322 4662,2322 4751,2322 4841,2310 4930,2310 5020,2304 5110,2298 5199,2292 5289,2286 5378,2280 5468,2274 5557,2268 5647,2262 5736,2262"/>
                <TextEquiv>
                    <Unicode>weil da verschweigen feisgenesen</Unicode>
                </TextEquiv>
            </TextLine>
            <TextLine id="tr_1_tl_13" custom="readingOrder {index:12;}">
                <Coords points="3506,2569 4722,2586 5078,2474 5454,2463 5457,2405 3509,2489"/>
                <Baseline points="3522,2537 3581,2537 3671,2537 3760,2531 3850,2531 3939,2531 4029,2525 4119,2519 4208,2513 4298,2513 4387,2507 4477,2507 4566,2507 4656,2501 4745,2495 4835,2495 4924,2483 5014,2477 5104,2471 5193,2471 5283,2465 5372,2447 5462,2441"/>
                <TextEquiv>
                    <Unicode>was und.. né.. jayle che davon...</Unicode>
                </TextEquiv>
            </TextLine>
            <TextLine id="tr_1_tl_14" custom="readingOrder {index:13;}">
                <Coords points="3609,2767 3931,2825 4529,2733 4868,2776 5423,2652 5429,2543 3615,2655"/>
                <Baseline points="3629,2740 3641,2740 3731,2746 3820,2740 3910,2734 3999,2728 4089,2722 4178,2704 4268,2698 4357,2692 4447,2686 4536,2680 4626,2674 4716,2674 4805,2668 4895,2662 4984,2656 5074,2650 5163,2650 5253,2644 5342,2638 5432,2626"/>
                <TextEquiv>
                    <Unicode>Es hat nu viele geliebt.</Unicode>
                </TextEquiv>
            </TextLine>
            <TextLine id="tr_1_tl_15" custom="readingOrder {index:14;}">
                <Coords points="3713,2951 4299,2986 4736,2854 4951,2920 5270,2834 5679,2859 5739,2770 5572,2713 5296,2796 5049,2739 3722,2839"/>
                <Baseline points="3731,2913 3772,2913 3862,2907 3951,2901 4041,2895 4131,2883 4220,2877 4310,2871 4399,2871 4489,2865 4578,2859 4668,2853 4757,2847 4847,2841 4936,2835 5026,2829 5115,2823 5205,2823 5295,2817 5384,2817 5474,2811 5563,2811 5653,2811 5742,2805"/>
                <TextEquiv>
                    <Unicode>A hat sie geliebt, nie um auch.</Unicode>
                </TextEquiv>
            </TextLine>
            <TextLine id="tr_1_tl_16" custom="readingOrder {index:15;}">
                <Coords points="3601,3167 4055,3092 4523,3153 5110,3020 5368,3061 5520,3020 5523,2928 5368,2977 5130,2871 4796,2877 4541,2997 3612,2974"/>
                <Baseline points="3623,3098 3647,3092 3737,3092 3826,3092 3916,3086 4005,3080 4095,3074 4184,3068 4274,3062 4363,3056 4453,3056 4542,3056 4632,3050 4721,3044 4811,3038 4901,3032 4990,3026 5080,3020 5169,3020 5259,3020 5348,3014 5438,3008 5527,3002"/>
                <TextEquiv>
                    <Unicode>seine Frau hette u abreu des Schlims</Unicode>
                </TextEquiv>
            </TextLine>
            <TextLine id="tr_1_tl_17" custom="readingOrder {index:16;}">
                <Coords points="3538,3328 4380,3244 4825,3311 5224,3201 5500,3210 5503,3118 5420,3063 5305,3138 4957,3092 3543,3219"/>
                <Baseline points="3557,3283 3623,3283 3713,3277 3802,3265 3892,3265 3981,3259 4071,3253 4160,3247 4250,3241 4339,3235 4429,3229 4519,3223 4608,3223 4698,3217 4787,3217 4877,3205 4966,3199 5056,3193 5145,3187 5235,3187 5324,3187 5414,3181 5504,3175"/>
                <TextEquiv>
                    <Unicode>gistend sie ihm... ime ande jeliell.</Unicode>
                </TextEquiv>
            </TextLine>
            <TextLine id="tr_1_tl_18" custom="readingOrder {index:17;}">
                <Coords points="3604,3512 4845,3397 5529,3483 5589,3296 3609,3365"/>
                <Baseline points="3623,3432 3713,3444 3802,3438 3892,3438 3981,3438 4071,3438 4160,3432 4250,3426 4339,3426 4429,3414 4519,3414 4608,3414 4698,3408 4787,3402 4877,3396 4966,3390 5056,3384 5145,3384 5235,3378 5324,3372 5414,3372 5504,3366 5593,3360"/>
                <TextEquiv>
                    <Unicode>wa gleichlicher gewesen. als je mit</Unicode>
                </TextEquiv>
            </TextLine>
            <TextLine id="tr_1_tl_19" custom="readingOrder {index:18;}">
                <Coords points="3526,3653 3561,3650 3581,3673 3618,3681 3667,3655 3699,3670 3747,3641 3828,3624 3917,3635 3920,3558 3782,3598 3684,3520 3529,3535"/>
                <Baseline points="3545,3611 3635,3617 3725,3617 3814,3617 3904,3605 3928,3611"/>
                <TextEquiv>
                    <Unicode>den</Unicode>
                </TextEquiv>
            </TextLine>
            <TextLine id="tr_1_tl_20" custom="readingOrder {index:19;}">
                <Coords points="3673,3782 5713,3719 5719,3601 5314,3538 4526,3630 4138,3555 3877,3673 3676,3664"/>
                <Baseline points="3689,3754 3754,3748 3844,3754 3934,3748 4023,3737 4113,3737 4202,3731 4292,3725 4381,3725 4471,3713 4560,3713 4650,3707 4739,3701 4829,3701 4918,3695 5008,3695 5098,3689 5187,3689 5277,3689 5366,3683 5456,3683 5545,3683 5635,3683 5724,3677"/>
                <TextEquiv>
                    <Unicode>Wie gesland es it ser Aberterie...</Unicode>
                </TextEquiv>
            </TextLine>
            <TextLine id="tr_1_tl_21" custom="readingOrder {index:20;}">
                <Coords points="3621,3969 3793,3983 4003,3905 4084,3934 4273,3888 4446,3917 4776,3877 4779,3816 4535,3802 4440,3753 4262,3813 4089,3790 3857,3842 3719,3802 3627,3839"/>
                <Baseline points="3641,3910 3713,3904 3802,3904 3892,3904 3981,3898 4071,3898 4160,3892 4250,3880 4339,3874 4429,3874 4519,3868 4608,3862 4698,3862 4787,3856"/>
                <TextEquiv>
                    <Unicode>Injaglich clavor...</Unicode>
                </TextEquiv>
            </TextLine>
            <TextLine id="tr_1_tl_22" custom="readingOrder {index:21;}">
                <Coords points="3744,4098 4107,4066 4201,4121 4368,4032 4535,4063 4733,4023 4914,4098 4917,3931 4696,3954 4609,3908 4374,3926 4279,3885 4038,3983 3923,3917 3747,4003"/>
                <Baseline points="3760,4041 3850,4041 3939,4041 4029,4041 4119,4041 4208,4023 4298,4029 4387,4029 4477,4029 4566,4023 4656,4023 4745,4023 4835,4023 4924,4011"/>
                <TextEquiv>
                    <Unicode>sichte. J die tiele...</Unicode>
                </TextEquiv>
            </TextLine>
        </TextRegion>
    </Page>
</PcGts>
