6744 4392
1367 418 3298 726 Une ist ein letste borner
1295 695 1966 938 sekenie.
1360 887 2737 1103 as ist do - :...
1267 1045 2627 1319 I ri list je toll...
1325 1199 3261 1528 ne, furcht d'il acht.  Sol ht
1212 1394 3178 1695 the wichts... Aber man
1230 1634 3302 1952 will doch wecht der Hopf sein
1377 2106 2795 2380 Ich habe Verlei nicht terbene lesse
1678 2295 2521 2517 ich will zu ihm...
1480 2452 2572 2730 Ich habe hinein ich schlafe drin.
1493 2641 2483 2880 Ud me de s veut Holoen
5706 233 6285 517 6/9, Boren.
4076 356 4672 640 Trufte Cht.
3709 558 4911 867 Zimmer in der Villa -
3648 743 5066 986 Vulleicht ist Jahre über da¬
3678 870 5357 1185 Jedenfalls glaubt Agatt, dand
5665 918 6021 1185 Adele
3648 1004 5237 1332 well erst an tas der anf ist
3627 1134 5298 1466 Sie spricht mit erst jemanden du 22
3648 1308 5507 1606 Vielleicht jetzt ent Natter; der sich
3630 1552 4220 1750 entpippt.
5576 1514 6158 1805 Ern kam nicht.
3709 1716 4240 1843 Oder over-
3658 1692 5206 1963 Friedich hat dringeschlafen -
5381 1808 6069 2034 Sie und Frieden etc.
3706 1976 4391 2151 Ema kommt
3976 1973 4750 2182 noch nicht xxx
3733 2017 5096 2260 ne erwählt, dass Gustl
3744 2219 4747 2449 gene erschrikt -
3785 2288 5843 2538 Ein: Es.. ist. es auf ihr vorbei sere.
5662 2295 6528 2497 dri sind Lekindant
3747 2425 6418 2795 Gustl ist heute prit in t and navec ist. And
3744 2637 6490 3052 (2) Sie jetzt dann wieder - (nelleicht aus in der
3754 2695 4607 2898 trotteres fort...
5960 2815 6490 2969 Sarter. 1
3812 2894 5744 3247 Frai-Ayner kommt. (he had
3805 2993 6566 3384 hiit bemerkt..)  Eiin + uerst Augst, daas er
5812 3117 6549 3291 fragen kommt
3815 3202 6569 3579 Huile est Otto fort... auf 2 Jahre:- ich tot alleskneptn
3812 3432 5672 3696 Derne kunt ne, is traury
3836 3579 5757 3850 ne kan sich mit Geme in
3812 3829 4922 4031 jul ansprecher
