3656 4280
2808 137 3269 364 1143
473 429 1938 709 3.) Trafo. (Berersee).
588 606 1826 824 schen in der Hall. -
610 837 1409 995 nebenfizieren.
569 837 1869 1107 Les Portres.. Ankwende.
644 995 2516 1269 Einer, der neuere was ein frage dat
644 1207 2388 1412 Frau trahl und irgend ia, ei-
616 1340 2199 1636 (Arpad Hesty, etc. W.cobold.)
597 1443 3098 1738 Ant einer Partie begriffen: Boner, Killy.- und Friedrich.
1922 1580 2839 1760 in hellg. Bruder, James.
762 1679 2668 1925 Frei hahl sehr aufgeregt, wegen der Ge¬
715 1891 1396 2099 wetters...
765 1956 2774 2211 Pieter Raibkopules, der Verschre sovittet
784 2155 1866 2329 amtsenden Frauen.
812 2224 2951 2466 Endlich kmit hell, ihm ganz in Tvilette.
805 2395 2653 2603 das enthalend gleich anzessern u. s. w.
865 2594 2140 2821 Ee prête die Tüheer
924 2743 2217 2939 Frau Hahl erstaunt
930 2886 2808 3098 2 der Herrschaftung und schon ver¬
889 3045 2102 3241 eine stunde de.
986 3116 3185 3405 Nelly in Dr. Radokopeiler. Er doch nicht met
964 3356 2059 3611 sherge.. kein Herz.
1054 3517 3057 3735 Ia, es ist nicht is nicht sehr in verstand
1023 3701 1455 3900 fähig.
