3640 4280
2900 256 3205 450 13 b
430 384 1868 617 Abendsuver in der Hall...
437 607 979 759 Ball -?-
506 657 1596 926 Nilly und Friedhof. -
483 755 3129 1005 Troreitn. A karopulos. En tes une soilte de du feliet.
1865 873 2519 1041 des Königs & it
545 998 1222 1166 Frau Wahl:-
578 1116 1054 1300 ra hulv.
680 1241 2440 1514 Der Schliess ample sen en tems
788 1356 2391 1688 zu. Redepulis in Friedt - über
768 1599 1534 1786 de créité tout.
982 1612 2637 1934 2. die Seele ist ein Wertes Land
739 1849 1885 2056 souc. R. l a tode til
791 1905 2666 2194 me kunt oft Lilline.. tolt en
759 2203 1268 2348 wals sen -
965 2164 2492 2410 Regele ui a la ka alle règleich.
910 2276 2686 2512 pig. alt. Teiglung und Held. treutet
942 2414 2381 2611 Ich habe Tresung ist:... lebens ich
952 2483 2703 2696 iD a été... de Bett... et d est voir as ils vous
952 2634 2226 2880 bracht. i in gepasst ist hier
1225 2726 2890 2988 u. hat an Prohte der der folierten Kreiswirt
1093 2929 1504 3077 de schon 7.
985 2965 2804 3202 It is spesse very himself at... es ist +c
1028 3172 1872 3340 sinteinlich etc
1061 3353 2637 3612 Er het seve L i ersi tot viel
1143 3458 2827 3720 niedergesehen.- ersam̄ttert. Eine
1166 3645 1924 3878 vie zum Sache
