3656 4296
936 267 1176 453 X I
3000 290 3220 493 12.
446 480 1527 688 Maute and Tmertich
520 601 1794 842 Le vraable ou der Tine
512 760 2383 928 Ein Lichter ist de, der dichtet, nahmen
497 884 2047 1094 seine Frau Hochtmerer macht.
619 1134 1638 1336 Nilly Frierts
621 1129 2403 1497 I'm habe jelitte, hell, wissen Sie.
2020 1401 3156 1584 he saven   of the
606 1403 1844 1621 nahme du de deu loge.
693 1577 1760 1777 ahie the ia wilt fr
715 1725 1530 1921 Ses liebes veres
715 1767 1940 2047 I. cet hi vullebt u til
757 1871 2309 2171 konnte si meni te verde!
787 1970 2666 2331 Es ist eine Tollheit, utilisses.. Le
765 2250 1913 2480 wede wich te bewieren
832 2406 1891 2631 von den alles
839 2510 2547 2814 Nelly hat eine Uaurend oben...
864 2760 2341 2935 Sie wllen men geliebte seu.
901 2834 2896 3079 Ich werde es de wenn Brantigam beym
1005 3151 1161 3242 " "
814 3230 2705 3522 nete seyn. Eine de me de Rechne insulisirt.
851 3495 1534 3618 Hobseils crse paas.
802 3430 2799 3762 Trou Fulde könnte ont de tous un Geursen sein. -
955 3581 2356 3866 Ich bin nicht in der frischenakt.
