3672 4280
2912 286 3105 507 1.
383 395 2533 642 schlossen, weil der höner als seiner.
413 564 2448 805 Noch teut Ebend, in tal j alle
404 736 1842 971 Sachen in der Sloot...
455 904 1957 1167 konnt ich nicht mit die.
2635 1019 3271 1275 Diese heureuse
428 1131 1299 1321 Aber mitsuse
534 1158 2499 1471 Nein, ich mödte allen sein...
2774 1194 3220 1381 durch bln.
516 1324 2638 1631 Ma huute mede ein Weile fridl
2717 1360 3181 1550 unterhocke.
404 1682 977 1830 sen....
594 1670 2548 1978 In seit der dem lodt ist.
576 1824 2665 2189 I! es ist wexliit.. I recast di- est
540 1908 2982 2376 verv du telepéfice.. Ici lui ro herunter
585 2246 2638 2584 tstellen ein Tins zu seine. -
528 2596 2427 2912 Mone knul wil keviles..
681 2777 2551 3081 Nelly gerellt sich huys.
757 3027 2454 3350 Willy ind Stauride auch
874 3344 2578 3594 Flanderei. - Adèles Eticieux. -
838 3540 2050 3796 Meier and Frieded fort
817 3591 3006 3898 Vielleicht. Otto nieblt der dazu kiel. dass ein Schousp
877 3760 2602 4010 pliebthet. un opud être urheimlich no
