6888 4280
6214 197 6464 484 15
3679 321 5791 623 Also - and die einforbot li ciss m
3753 493 5767 783 der Welt. Ich hat ihn ein eher
3802 682 5754 999 Fenste deege gerehr...
3793 919 5733 1209 nacht. Ich wollt in Briei über
3793 1082 5868 1431 nachten.. fah weil den letze
3864 1234 5838 1674 fug heraus. ui si de fait
3830 1511 5671 1863 sehr auf de taus zu sein..
3886 1665 5936 2094 he ich get dert noch...
3892 1927 5680 2279 weil dort ont du mese.
4074 2183 5754 2492 ge. ertal dachen wirssen
3990 2359 5958 2677 Es ist avec monslut, das ies
3932 2519 6414 2852 and I beide lasse.... Anreereits.. John.
4058 2797 5178 3007 Jemis... (Otts.
4058 2828 5986 3158 Otto will mit Freihrspiele
4286 3034 5566 3281 Nilly bet out it espielt..
4040 3263 5233 3491 Adele, haver
4015 3367 6349 3679 Wie jetzt. Das hebt ich getriebe -
4040 3577 5575 3833 I. ma end verité
4604 3756 4983 3889 nelles-
