6088 4296
3483 467 5488 703 täglichen Zusammenseins kaum gedacht hatte.
3787 633 4569 729 ad L.M. ui les en ferle
3475 674 5534 846 Und wieder sah er sie in einer neuen Gestalt
3475 855 5459 974 vor sich, wie sie vor wenigen Tagen bei dem
3481 957 5683 1199 letzten Sonntagsausflug auf der Höhenwiese sich
4379 1114 4560 1199 entre
3475 1147 5683 1342 zu kurzer Rast hingelegt hatte; ihr Gatte neben
3463 1275 5584 1465 sie. Sie war ihm nach ihrer Art mit der einen
3457 1479 5642 1619 Hand in die Haare gefahren, es war mehr eine Ge-
3469 1593 5613 1756 wohnheit als Scherz oder Zärtlichkeit; mit der
3469 1759 5602 1955 andern Hand griff sie in das Gras und hatte
3463 1937 5558 2133 einen Halm in den Fingern, den siezwischen die
4274 2036 4478 2133 ant
3463 2101 5575 2238 Hippen nahm. (Wie gleichgültig waren diese Be-
3469 2255 5660 2378 wegungen gewesen,er wusste nicht,warum er jetzt
3475 2407 4332 2594 eben daran dachte.
3819 2544 5692 2754 Der Wagen fuhr aus dem Wald indie frei-
3460 2719 5427 2880 ere Strasse ein. Plötzlich lag der See da
3463 2845 5797 3052 glitzernd von tausend winzigen zerrissenen Sonnen
3516 3014 5672 3212 Vom Ufer gegenüber her, das im Dunst der Ueber-
3457 3180 5739 3376 helligkeit sich verschleierte,näherte sich spiel-
3451 3346 5753 3554 zeughaft das putzige Dampfschiff, dessen Schaukel-
