<?xml version="1.0" encoding="UTF-8" standalone="yes"?>
<PcGts xmlns="http://schema.primaresearch.org/PAGE/gts/pagecontent/2013-07-15" xmlns:xsi="http://www.w3.org/2001/XMLSchema-instance" xsi:schemaLocation="http://schema.primaresearch.org/PAGE/gts/pagecontent/2013-07-15 http://schema.primaresearch.org/PAGE/gts/pagecontent/2013-07-15/pagecontent.xsd">
    <Metadata>
        <Creator>prov=READ-COOP:name=TrHtr:version=2.1.0:model_id=51170:date=27_07_2023_23:03</Creator>
        <Created>2023-05-10T11:11:35.483+02:00</Created>
        <LastChange>2023-07-27T23:03:10.030+02:00</LastChange>
        <TranskribusMetadata docId="1428130" pageId="55383569" pageNr="18" tsid="131307539" status="IN_PROGRESS" userId="64420" imgUrl="https://files.transkribus.eu/Get?id=IBSUPSKIYFSSRPCOAYFDSUKP&amp;fileType=view" xmlUrl="https://files.transkribus.eu/Get?id=WQEHCKSUFOLCHSXMMTZMBCWV" imageId="44658633"/>
    </Metadata>
    <Page imageFilename="1428130_0018.jpg" imageWidth="6072" imageHeight="4280">
        <ReadingOrder>
            <OrderedGroup id="ro_1711824933892" caption="Regions reading order">
                <RegionRefIndexed index="0" regionRef="tr_1"/>
            </OrderedGroup>
        </ReadingOrder>
        <TextRegion id="tr_1" custom="readingOrder {index:0;}">
            <Coords points="2889,391 5772,391 5772,3633 2889,3633"/>
            <TextLine id="tr_1_tl_1" custom="readingOrder {index:0;}">
                <Coords points="2873,463 2906,472 2957,454 3105,511 3169,472 3190,478 3211,454 3281,457 3281,342 3248,333 3196,351 3169,336 3133,357 3075,348 3048,363 2972,311 2948,311 2906,348 2873,342"/>
                <Baseline points="2889,441 2978,441 3068,441 3157,441 3247,447 3289,441"/>
                <TextEquiv>
                    <Unicode>30.9.31</Unicode>
                </TextEquiv>
            </TextLine>
            <TextLine id="tr_1_tl_2" custom="readingOrder {index:1;}">
                <Coords points="5316,562 5358,571 5370,584 5379,575 5391,581 5409,575 5434,590 5473,593 5482,414 5467,414 5449,429 5434,426 5422,438 5409,426 5388,432 5361,426 5352,414 5322,414"/>
                <Baseline points="5336,513 5396,513 5485,507"/>
                <TextEquiv>
                    <Unicode>18</Unicode>
                </TextEquiv>
            </TextLine>
            <TextLine id="tr_1_tl_3" custom="readingOrder {index:2;}">
                <Coords points="3302,832 5361,783 5431,774 5434,593 4617,544 4055,623 3810,565 3305,656"/>
                <Baseline points="3318,770 3378,776 3468,770 3557,770 3647,770 3736,770 3826,770 3915,764 4005,764 4094,764 4184,764 4274,764 4363,764 4453,758 4542,758 4632,758 4721,758 4811,758 4900,758 4990,752 5079,752 5169,746 5258,752 5348,752 5438,752"/>
                <TextEquiv>
                    <Unicode>dessen Schaukelwellen sich das badende junge</Unicode>
                </TextEquiv>
            </TextLine>
            <TextLine id="tr_1_tl_4" custom="readingOrder {index:3;}">
                <Coords points="3308,952 3807,931 3979,998 4079,940 4487,934 4487,865 4384,835 4167,871 3308,859"/>
                <Baseline points="3324,919 3330,919 3420,925 3509,925 3599,925 3689,925 3778,919 3868,919 3957,919 4047,919 4136,913 4226,913 4315,913 4405,913 4494,907"/>
                <TextEquiv>
                    <Unicode>Volk immer entjegenfreute.</Unicode>
                </TextEquiv>
            </TextLine>
            <TextLine id="tr_1_tl_5" custom="readingOrder {index:4;}">
                <Coords points="3619,1092 5352,1110 5615,1073 5618,934 4554,916 3976,998 3622,940"/>
                <Baseline points="3635,1068 3653,1074 3742,1074 3832,1074 3921,1074 4011,1074 4100,1074 4190,1068 4280,1068 4369,1068 4459,1068 4548,1068 4638,1062 4727,1062 4817,1062 4906,1056 4996,1056 5085,1056 5175,1056 5264,1056 5354,1056 5444,1050 5533,1050 5623,1044"/>
                <TextEquiv>
                    <Unicode>Noch nie hatte es so unwirklich ausgesehen</Unicode>
                </TextEquiv>
            </TextLine>
            <TextLine id="tr_1_tl_6" custom="readingOrder {index:5;}">
                <Coords points="3302,1243 5621,1240 5624,1070 3988,1092 3740,1191 3302,1191"/>
                <Baseline points="3318,1235 3390,1241 3480,1241 3569,1241 3659,1241 3748,1241 3838,1235 3927,1235 4017,1235 4106,1229 4196,1229 4285,1229 4375,1229 4465,1229 4554,1229 4644,1229 4733,1223 4823,1223 4912,1223 5002,1217 5091,1217 5181,1217 5270,1217 5360,1217 5449,1211 5539,1211 5629,1205"/>
                <TextEquiv>
                    <Unicode>und unwirklich, traumhaft lagen auch die Villen da</Unicode>
                </TextEquiv>
            </TextLine>
            <TextLine id="tr_1_tl_7" custom="readingOrder {index:6;}">
                <Coords points="3314,1400 5564,1424 5585,1264 4563,1252 4221,1346 3314,1306"/>
                <Baseline points="3330,1396 3354,1396 3444,1396 3533,1396 3623,1396 3712,1396 3802,1396 3891,1396 3981,1390 4071,1390 4160,1390 4250,1390 4339,1384 4429,1384 4518,1384 4608,1378 4697,1378 4787,1378 4876,1378 4966,1378 5056,1372 5145,1372 5235,1372 5324,1372 5414,1372 5503,1372 5593,1372"/>
                <TextEquiv>
                    <Unicode>im Sonnenglanz und der Himmel war blass und fern</Unicode>
                </TextEquiv>
            </TextLine>
            <TextLine id="tr_1_tl_8" custom="readingOrder {index:7;}">
                <Coords points="3320,1606 5515,1578 5573,1467 3320,1506"/>
                <Baseline points="3336,1546 3342,1552 3432,1557 3521,1557 3611,1557 3700,1557 3790,1557 3880,1557 3969,1552 4059,1552 4148,1552 4238,1546 4327,1546 4417,1546 4506,1546 4596,1540 4685,1540 4775,1540 4864,1540 4954,1540 5044,1534 5133,1534 5223,1534 5312,1534 5402,1528 5491,1528 5581,1534"/>
                <TextEquiv>
                    <Unicode>wie noch nie. Die Strasse führte eine Weile dem</Unicode>
                </TextEquiv>
            </TextLine>
            <TextLine id="tr_1_tl_9" custom="readingOrder {index:8;}">
                <Coords points="3320,1769 5606,1739 5609,1584 3323,1645"/>
                <Baseline points="3336,1713 3378,1719 3468,1725 3557,1725 3647,1719 3736,1719 3826,1719 3915,1719 4005,1719 4094,1713 4184,1713 4274,1713 4363,1713 4453,1707 4542,1707 4632,1707 4721,1707 4811,1701 4900,1701 4990,1701 5079,1701 5169,1701 5258,1701 5348,1695 5438,1695 5527,1695 5617,1701"/>
                <TextEquiv>
                    <Unicode>See entlang, Die Landhäuser lagen hier spärlich,</Unicode>
                </TextEquiv>
            </TextLine>
            <TextLine id="tr_1_tl_10" custom="readingOrder {index:9;}">
                <Coords points="3326,1902 5473,1890 5597,1875 5597,1760 4390,1724 4149,1814 3326,1826"/>
                <Baseline points="3342,1880 3366,1880 3456,1880 3545,1880 3635,1880 3724,1874 3814,1874 3903,1874 3993,1874 4083,1874 4172,1868 4262,1868 4351,1868 4441,1862 4530,1862 4620,1862 4709,1862 4799,1856 4888,1856 4978,1856 5067,1856 5157,1856 5247,1856 5336,1850 5426,1850 5515,1850 5605,1850"/>
                <TextEquiv>
                    <Unicode>nur auf der einen Seite durch Zäune und Grün vom</Unicode>
                </TextEquiv>
            </TextLine>
            <TextLine id="tr_1_tl_11" custom="readingOrder {index:10;}">
                <Coords points="3344,2062 4732,2020 5246,2098 5676,2065 5679,1926 5095,1881 4720,1990 3344,1938"/>
                <Baseline points="3360,2017 3444,2035 3533,2035 3623,2035 3712,2035 3802,2035 3891,2035 3981,2029 4071,2029 4160,2029 4250,2029 4339,2029 4429,2029 4518,2029 4608,2023 4697,2017 4787,2017 4876,2017 4966,2017 5056,2017 5145,2017 5235,2017 5324,2017 5414,2011 5503,2011 5593,2011 5682,2005"/>
                <TextEquiv>
                    <Unicode>Staub der Strasse abgetrennt; der See lag frei mit</Unicode>
                </TextEquiv>
            </TextLine>
            <TextLine id="tr_1_tl_12" custom="readingOrder {index:11;}">
                <Coords points="3332,2277 3498,2213 5131,2225 5210,2207 5213,2098 4705,2056 4348,2162 3335,2114"/>
                <Baseline points="3348,2196 3426,2202 3515,2202 3605,2202 3695,2196 3784,2196 3874,2196 3963,2196 4053,2190 4142,2190 4232,2190 4321,2190 4411,2184 4500,2184 4590,2184 4679,2184 4769,2184 4859,2178 4948,2184 5038,2178 5127,2178 5217,2184"/>
                <TextEquiv>
                    <Unicode>kleinen und grösseren Badehäuschen am U</Unicode>
                </TextEquiv>
            </TextLine>
            <TextLine id="tr_1_tl_13" custom="readingOrder {index:12;}">
                <Coords points="3701,2368 5210,2386 5210,2301 5140,2274 3701,2304"/>
                <Baseline points="3718,2351 3784,2357 3874,2357 3963,2357 4053,2351 4142,2351 4232,2351 4321,2351 4411,2351 4500,2351 4590,2351 4679,2345 4769,2345 4859,2345 4948,2345 5038,2345 5127,2339 5217,2339"/>
                <TextEquiv>
                    <Unicode>Die beiden Sekundanten sprachen</Unicode>
                </TextEquiv>
            </TextLine>
            <TextLine id="tr_1_tl_14" custom="readingOrder {index:13;}">
                <Coords points="5301,2362 5724,2352 5766,2374 5766,2280 5724,2268 5688,2277 5597,2244 5530,2283 5301,2265"/>
                <Baseline points="5318,2339 5408,2339 5497,2339 5587,2339 5676,2339 5766,2339 5772,2339"/>
                <TextEquiv>
                    <Unicode>ichts mehr.</Unicode>
                </TextEquiv>
            </TextLine>
            <TextLine id="tr_1_tl_15" custom="readingOrder {index:14;}">
                <Coords points="3326,2570 5222,2513 5222,2449 5089,2440 3329,2446"/>
                <Baseline points="3342,2525 3348,2525 3438,2525 3527,2525 3617,2525 3706,2525 3796,2525 3886,2525 3975,2525 4065,2519 4154,2519 4244,2519 4333,2513 4423,2513 4512,2513 4602,2507 4691,2513 4781,2513 4870,2513 4960,2507 5050,2507 5139,2507 5229,2501"/>
                <TextEquiv>
                    <Unicode>Ihre Rollen hatten sie verteilt, für die</Unicode>
                </TextEquiv>
            </TextLine>
            <TextLine id="tr_1_tl_16" custom="readingOrder {index:15;}">
                <Coords points="5301,2540 5319,2537 5349,2552 5361,2543 5394,2549 5431,2528 5455,2540 5482,2519 5530,2525 5530,2392 5464,2386 5397,2416 5382,2410 5364,2425 5343,2422 5316,2446 5301,2446"/>
                <Baseline points="5318,2501 5408,2501 5497,2501 5539,2501"/>
                <TextEquiv>
                    <Unicode>dachste</Unicode>
                </TextEquiv>
            </TextLine>
            <TextLine id="tr_1_tl_17" custom="readingOrder {index:16;}">
                <Coords points="3332,2712 3495,2779 3686,2697 5582,2700 5524,2594 3332,2597"/>
                <Baseline points="3348,2680 3438,2686 3527,2686 3617,2692 3706,2686 3796,2686 3886,2686 3975,2686 4065,2680 4154,2680 4244,2680 4333,2680 4423,2680 4512,2674 4602,2674 4691,2674 4781,2674 4870,2674 4960,2674 5050,2668 5139,2668 5229,2668 5318,2668 5408,2668 5497,2668 5587,2668"/>
                <TextEquiv>
                    <Unicode>Stunde zum mindesten, so blieb ihnen jetzt nichts</Unicode>
                </TextEquiv>
            </TextLine>
            <TextLine id="tr_1_tl_18" custom="readingOrder {index:17;}">
                <Coords points="5301,2854 5370,2839 5409,2860 5518,2833 5564,2839 5600,2867 5627,2845 5751,2863 5754,2746 5700,2736 5673,2758 5633,2746 5603,2770 5543,2758 5518,2779 5455,2761 5388,2776 5301,2764"/>
                <Baseline points="5318,2823 5402,2823 5491,2829 5581,2823 5670,2823 5760,2811"/>
                <TextEquiv>
                    <Unicode>von Span¬</Unicode>
                </TextEquiv>
            </TextLine>
            <TextLine id="tr_1_tl_19" custom="readingOrder {index:18;}">
                <Coords points="3344,2857 3517,2939 3925,2936 4200,2851 5204,2860 5225,2764 3344,2803"/>
                <Baseline points="3360,2847 3438,2853 3527,2853 3617,2847 3706,2847 3796,2847 3886,2847 3975,2841 4065,2841 4154,2841 4244,2841 4333,2841 4423,2841 4512,2835 4602,2835 4691,2835 4781,2835 4870,2835 4960,2835 5050,2835 5139,2829 5229,2829"/>
                <TextEquiv>
                    <Unicode>zu redenübrig. Peter wartete mit einer A</Unicode>
                </TextEquiv>
            </TextLine>
            <TextLine id="tr_1_tl_20" custom="readingOrder {index:19;}">
                <Coords points="3332,3072 5679,3024 5760,2912 3332,2933"/>
                <Baseline points="3348,3008 3438,3014 3527,3014 3617,3008 3706,3008 3796,3008 3886,3008 3975,3008 4065,3002 4154,3002 4244,3002 4333,3002 4423,2996 4512,2996 4602,2996 4691,2990 4781,2990 4870,2996 4960,2996 5050,2996 5139,2990 5229,2990 5318,2990 5408,2990 5497,2990 5587,2984 5676,2984 5766,2984"/>
                <TextEquiv>
                    <Unicode>nung die Stelle ab,wo der Fussweg abzweigte, der über</Unicode>
                </TextEquiv>
            </TextLine>
            <TextLine id="tr_1_tl_21" custom="readingOrder {index:20;}">
                <Coords points="3350,3223 4076,3272 4781,3238 4889,3151 5485,3193 5660,3169 5663,3021 5406,3096 3353,3108"/>
                <Baseline points="3366,3169 3432,3169 3521,3169 3611,3169 3700,3169 3790,3169 3880,3163 3969,3163 4059,3163 4148,3157 4238,3163 4327,3157 4417,3157 4506,3151 4596,3151 4685,3151 4775,3151 4864,3151 4954,3151 5044,3145 5133,3145 5223,3145 5312,3151 5402,3145 5491,3145 5581,3145 5670,3139"/>
                <TextEquiv>
                    <Unicode>einen schmaleren Pfad zur Villa Leuberger weiter</Unicode>
                </TextEquiv>
            </TextLine>
            <TextLine id="tr_1_tl_22" custom="readingOrder {index:21;}">
                <Coords points="3338,3356 5561,3384 5588,3238 5207,3248 5025,3157 4593,3269 3338,3260"/>
                <Baseline points="3354,3318 3444,3324 3533,3318 3623,3318 3712,3318 3802,3318 3891,3318 3981,3312 4071,3312 4160,3312 4250,3312 4339,3307 4429,3307 4518,3307 4608,3307 4697,3307 4787,3307 4876,3301 4966,3301 5056,3307 5145,3301 5235,3301 5324,3301 5414,3295 5503,3295 5593,3289"/>
                <TextEquiv>
                    <Unicode>führte; hier liess er den Wagen halten,um abzu-</Unicode>
                </TextEquiv>
            </TextLine>
            <TextLine id="tr_1_tl_23" custom="readingOrder {index:22;}">
                <Coords points="3338,3474 3619,3565 4445,3450 5603,3459 5606,3375 3341,3393"/>
                <Baseline points="3354,3474 3372,3468 3462,3474 3551,3468 3641,3468 3730,3468 3820,3462 3909,3462 3999,3462 4088,3456 4178,3456 4268,3456 4357,3456 4447,3450 4536,3450 4626,3450 4715,3450 4805,3450 4894,3438 4984,3444 5073,3438 5163,3444 5252,3438 5342,3438 5432,3438 5521,3432 5611,3438"/>
                <TextEquiv>
                    <Unicode>steigen. Mülling sollte weiterfahren, dem Gasthof</Unicode>
                </TextEquiv>
            </TextLine>
            <TextLine id="tr_1_tl_24" custom="readingOrder {index:23;}">
                <Coords points="3341,3671 4596,3595 5588,3656 5591,3492 4714,3453 4554,3535 3344,3568"/>
                <Baseline points="3360,3623 3450,3623 3539,3623 3629,3617 3718,3611 3808,3605 3897,3605 3987,3599 4077,3599 4166,3599 4256,3593 4345,3593 4435,3587 4524,3581 4614,3581 4703,3581 4793,3575 4882,3575 4972,3575 5061,3569 5151,3569 5241,3569 5330,3569 5420,3563 5509,3563 5599,3563"/>
                <TextEquiv>
                    <Unicode>zu, in dem er, sowie Peter wohnten. Und er fragte</Unicode>
                </TextEquiv>
            </TextLine>
        </TextRegion>
    </Page>
</PcGts>
