6056 4264
5204 280 5392 512 15
4272 363 4453 530 de
3369 480 5576 667 vor allem kam es auf Gladys an;aus wessen Munde
3363 605 5433 816 würde ihr die Nachricht seynd immer klingen?
885 605 2136 861 aab, bestamoved dollinagie
3324 769 5660 953 Oh, das war keineswegs gleichgültig. Wieviel würde
1504 804 2130 983 anlemen samt
4975 935 5648 1049 Cigurel... was -
3351 971 5663 1189 mitklingen, wenn Mühling berichtete, -Erinnerungen,
3375 1132 5546 1349 Gedankenverbindungen, Verantwortungen,wirkliche
3360 1284 5758 1483 und eingebildete? War es aber nicht noch schlimmer,
3372 1424 5695 1612 wenn dieser junge Mensch, ein flüchtiger Bekannter,
3357 1594 5546 1763 der vor wenigen Wochen für
3357 1752 5663 1894 sie Beide noch gar nicht existiert hatte,ein Ten-
3357 1894 5663 2058 nispartner, ein junger Herr so und so, der nur for-
3351 2046 5731 2207 mell mit der ganzen Sache und vor allem mit Leuber-
4099 2204 4322 2303 with
3351 2204 5725 2380 ger selbst zusammenhing, wenn der plötzlich vor sie
3357 2368 5618 2523 hin trat und ihr wie ein gleichgültiger Bote das
3369 2517 5695 2714 Fürchterliche mitteilte? (Sie sprachen miteinander,
3354 2684 5630 2854 als käme es ihnen eigentlich nur auf Gladys an
3351 2821 5672 3003 und darauf, was für die arme Witwe das Schonendere
3360 2991 5564 3172 wäre. / In Wirklichkeit dachte nur jeder an sich,
3342 3169 5624 3321 hatte Angst für sich und jeder wusste es von dem
3345 3292 5535 3536 Andern. Und während Jeder sagte, es ist selbst-
