<?xml version="1.0" encoding="UTF-8" standalone="yes"?>
<PcGts xmlns="http://schema.primaresearch.org/PAGE/gts/pagecontent/2013-07-15" xmlns:xsi="http://www.w3.org/2001/XMLSchema-instance" xsi:schemaLocation="http://schema.primaresearch.org/PAGE/gts/pagecontent/2013-07-15 http://schema.primaresearch.org/PAGE/gts/pagecontent/2013-07-15/pagecontent.xsd">
    <Metadata>
        <Creator>prov=READ-COOP:name=TrHtr:version=2.1.0:model_id=51170:date=27_07_2023_23:02</Creator>
        <Created>2023-05-10T11:11:33.030+02:00</Created>
        <LastChange>2023-07-27T23:02:59.176+02:00</LastChange>
        <TranskribusMetadata docId="1428130" pageId="55383486" pageNr="5" tsid="131307525" status="IN_PROGRESS" userId="64420" imgUrl="https://files.transkribus.eu/Get?id=WLKBQORSHTSQSXDWJQQUVLJU&amp;fileType=view" xmlUrl="https://files.transkribus.eu/Get?id=GXERBESKTURVWTCVBHHZQWGK" imageId="44658584"/>
    </Metadata>
    <Page imageFilename="1428130_0005.jpg" imageWidth="6056" imageHeight="4120">
        <ReadingOrder>
            <OrderedGroup id="ro_1711824913702" caption="Regions reading order">
                <RegionRefIndexed index="0" regionRef="tr_1"/>
            </OrderedGroup>
        </ReadingOrder>
        <TextRegion id="tr_1" custom="readingOrder {index:0;}">
            <Coords points="1230,570 5756,570 5756,3658 1230,3658"/>
            <TextLine id="tr_1_tl_1" custom="readingOrder {index:0;}">
                <Coords points="1220,706 1490,671 1554,697 1676,642 1813,651 1859,622 1914,668 2019,633 2124,654 2126,494 2092,488 2054,511 1999,488 1941,546 1778,476 1650,497 1531,462 1403,526 1223,503"/>
                <Baseline points="1236,632 1325,638 1415,632 1504,626 1594,620 1683,626 1773,626 1862,626 1952,626 2042,620 2131,626"/>
                <TextEquiv>
                    <Unicode>Monsieur, mais il a été fait</Unicode>
                </TextEquiv>
            </TextLine>
            <TextLine id="tr_1_tl_2" custom="readingOrder {index:1;}">
                <Coords points="4700,680 4732,691 4750,686 4767,697 4802,691 4816,706 4848,691 4889,706 4918,700 4921,596 4898,601 4851,581 4825,593 4785,584 4750,549 4735,561 4703,552"/>
                <Baseline points="4717,680 4746,680 4836,680 4926,674"/>
                <TextEquiv>
                    <Unicode>G.C.H.F.P.</Unicode>
                </TextEquiv>
            </TextLine>
            <TextLine id="tr_1_tl_3" custom="readingOrder {index:2;}">
                <Coords points="1214,825 1380,822 1461,869 1848,825 2118,877 2121,654 2086,633 1923,668 1848,633 1670,712 1598,671 1217,703"/>
                <Baseline points="1230,794 1319,800 1409,788 1498,776 1588,782 1677,788 1767,788 1856,788 1946,788 2036,788 2125,782"/>
                <TextEquiv>
                    <Unicode>xxx og xxx</Unicode>
                </TextEquiv>
            </TextLine>
            <TextLine id="tr_1_tl_4" custom="readingOrder {index:3;}">
                <Coords points="3413,901 5528,840 5505,686 3416,720"/>
                <Baseline points="3433,806 3475,800 3564,800 3654,800 3743,800 3833,800 3922,800 4012,800 4102,794 4191,794 4281,800 4370,794 4460,794 4549,794 4639,794 4729,794 4818,788 4908,788 4997,788 5087,788 5176,788 5266,788 5356,788 5445,782 5535,788"/>
                <TextEquiv>
                    <Unicode>bestanden hat und die Loibergers Sekundanten</Unicode>
                </TextEquiv>
            </TextLine>
            <TextLine id="tr_1_tl_5" custom="readingOrder {index:4;}">
                <Coords points="3422,1043 5020,1025 5058,892 4880,851 4413,909 4270,848 4102,909 3425,895"/>
                <Baseline points="3439,961 3451,961 3540,961 3630,955 3719,961 3809,961 3899,955 3988,961 4078,961 4167,961 4257,955 4346,955 4436,955 4526,955 4615,949 4705,955 4794,949 4884,949 4973,949 5063,949"/>
                <TextEquiv>
                    <Unicode>ohne Widerspruch akzeptiert hat en,</Unicode>
                </TextEquiv>
            </TextLine>
            <TextLine id="tr_1_tl_6" custom="readingOrder {index:5;}">
                <Coords points="3611,1211 5595,1200 5659,1034 3614,1028"/>
                <Baseline points="3630,1098 3719,1098 3809,1104 3899,1104 3988,1110 4078,1104 4167,1110 4257,1110 4346,1104 4436,1104 4526,1104 4615,1104 4705,1104 4794,1104 4884,1104 4973,1098 5063,1098 5152,1098 5242,1098 5332,1098 5421,1098 5511,1098 5600,1098 5666,1098"/>
                <TextEquiv>
                    <Unicode>Uu wäre übrigens die Angelegenheit nicht so</Unicode>
                </TextEquiv>
            </TextLine>
            <TextLine id="tr_1_tl_7" custom="readingOrder {index:6;}">
                <Coords points="3413,1368 4419,1380 4628,1319 4875,1374 5551,1287 5551,1194 5467,1174 3416,1214"/>
                <Baseline points="3433,1271 3499,1271 3588,1271 3678,1271 3767,1271 3857,1271 3946,1271 4036,1271 4125,1265 4215,1271 4305,1271 4394,1265 4484,1271 4573,1265 4663,1265 4752,1265 4842,1265 4932,1265 5021,1265 5111,1265 5200,1265 5290,1265 5379,1259 5469,1259 5559,1259"/>
                <TextEquiv>
                    <Unicode>unaufschiebbar gewesen, so hätte man wohl auch</Unicode>
                </TextEquiv>
            </TextLine>
            <TextLine id="tr_1_tl_8" custom="readingOrder {index:7;}">
                <Coords points="3422,1516 3820,1438 3991,1531 5386,1522 5656,1479 5656,1246 5241,1365 3422,1365"/>
                <Baseline points="3439,1433 3510,1433 3600,1433 3690,1433 3779,1427 3869,1427 3958,1427 4048,1427 4137,1427 4227,1427 4317,1433 4406,1427 4496,1427 4585,1427 4675,1427 4764,1427 4854,1427 4944,1421 5033,1421 5123,1421 5212,1427 5302,1421 5391,1427 5481,1427 5570,1421 5660,1427"/>
                <TextEquiv>
                    <Unicode>einen anderen Zeugen zu finden gewusst als Peter</Unicode>
                </TextEquiv>
            </TextLine>
            <TextLine id="tr_1_tl_9" custom="readingOrder {index:8;}">
                <Coords points="3727,1537 3747,1540 3762,1525 3776,1528 3785,1519 3791,1525 3811,1516 3835,1522 3858,1508 3884,1508 3907,1522 3933,1519 3933,1464 3919,1464 3899,1479 3884,1470 3869,1473 3835,1444 3820,1441 3806,1450 3782,1447 3765,1458 3759,1452 3727,1455"/>
                <Baseline points="3743,1498 3833,1498 3922,1498 3940,1498"/>
                <TextEquiv>
                    <Unicode>du</Unicode>
                </TextEquiv>
            </TextLine>
            <TextLine id="tr_1_tl_10" custom="readingOrder {index:9;}">
                <Coords points="3410,1659 5380,1667 5630,1627 5630,1514 3410,1540"/>
                <Baseline points="3427,1588 3487,1588 3576,1588 3666,1588 3755,1588 3845,1588 3934,1588 4024,1588 4114,1582 4203,1582 4293,1582 4382,1582 4472,1582 4561,1576 4651,1582 4740,1582 4830,1582 4920,1582 5009,1582 5099,1582 5188,1582 5278,1576 5367,1576 5457,1582 5547,1576 5636,1582"/>
                <TextEquiv>
                    <Unicode>und es war diesem keineswegs unbekannt, dass man</Unicode>
                </TextEquiv>
            </TextLine>
            <TextLine id="tr_1_tl_11" custom="readingOrder {index:10;}">
                <Coords points="3410,1813 5534,1813 5534,1676 5328,1641 3410,1670"/>
                <Baseline points="3427,1749 3481,1749 3570,1749 3660,1749 3749,1743 3839,1743 3928,1743 4018,1743 4108,1743 4197,1743 4287,1743 4376,1743 4466,1737 4555,1737 4645,1737 4735,1737 4824,1737 4914,1737 5003,1737 5093,1737 5182,1737 5272,1737 5361,1743 5451,1737 5541,1737"/>
                <TextEquiv>
                    <Unicode>sich zuerst an zwei ältere Freunde Loibergers</Unicode>
                </TextEquiv>
            </TextLine>
            <TextLine id="tr_1_tl_12" custom="readingOrder {index:11;}">
                <Coords points="3428,1987 5549,1987 5650,1961 5653,1819 3431,1830"/>
                <Baseline points="3445,1910 3510,1904 3600,1904 3690,1904 3779,1898 3869,1898 3958,1898 4048,1904 4137,1898 4227,1898 4317,1898 4406,1898 4496,1904 4585,1898 4675,1898 4764,1898 4854,1898 4944,1892 5033,1898 5123,1898 5212,1892 5302,1892 5391,1892 5481,1892 5570,1892 5660,1892"/>
                <TextEquiv>
                    <Unicode>gewandt hatte, die sich aber beide (in der Ferial-</Unicode>
                </TextEquiv>
            </TextLine>
            <TextLine id="tr_1_tl_13" custom="readingOrder {index:12;}">
                <Coords points="3408,2153 5470,2115 5604,2185 5659,1970 4044,2016 3652,1952 3410,2013"/>
                <Baseline points="3427,2060 3516,2060 3606,2060 3696,2060 3785,2060 3875,2060 3964,2060 4054,2060 4143,2065 4233,2060 4323,2054 4412,2054 4502,2054 4591,2054 4681,2054 4770,2048 4860,2048 4949,2054 5039,2054 5129,2048 5218,2048 5308,2054 5397,2054 5487,2054 5576,2054 5666,2060"/>
                <TextEquiv>
                    <Unicode>zeit / auf Reisen befanden und unerreichbar waren.</Unicode>
                </TextEquiv>
            </TextLine>
            <TextLine id="tr_1_tl_14" custom="readingOrder {index:13;}">
                <Coords points="5290,2278 5325,2278 5351,2292 5371,2286 5389,2298 5397,2289 5406,2298 5421,2289 5435,2298 5470,2292 5473,2135 5438,2135 5427,2147 5386,2141 5371,2153 5348,2138 5293,2129"/>
                <Baseline points="5308,2209 5397,2203 5481,2209"/>
                <TextEquiv>
                    <Unicode>ause</Unicode>
                </TextEquiv>
            </TextLine>
            <TextLine id="tr_1_tl_15" custom="readingOrder {index:14;}">
                <Coords points="3399,2286 5153,2301 5212,2292 5212,2138 3399,2153"/>
                <Baseline points="3415,2215 3504,2215 3594,2215 3684,2215 3773,2215 3863,2215 3952,2215 4042,2215 4131,2215 4221,2215 4311,2215 4400,2209 4490,2209 4579,2215 4669,2209 4758,2209 4848,2209 4938,2209 5027,2209 5117,2209 5206,2215 5218,2215"/>
                <TextEquiv>
                    <Unicode>Peter war eben dagewesen,verkehrte im</Unicode>
                </TextEquiv>
            </TextLine>
            <TextLine id="tr_1_tl_16" custom="readingOrder {index:15;}">
                <Coords points="3416,2379 3951,2455 4372,2388 5615,2423 5589,2292 3416,2295"/>
                <Baseline points="3433,2364 3522,2376 3612,2376 3702,2376 3791,2376 3881,2376 3970,2376 4060,2376 4149,2382 4239,2376 4328,2376 4418,2376 4508,2376 4597,2370 4687,2370 4776,2370 4866,2370 4955,2376 5045,2370 5135,2370 5224,2376 5236,2376 5296,2376 5385,2376 5475,2376 5564,2382 5624,2388"/>
                <TextEquiv>
                    <Unicode>Loiberger, war aus guter Familie, liebenswürdig,</Unicode>
                </TextEquiv>
            </TextLine>
            <TextLine id="tr_1_tl_17" custom="readingOrder {index:16;}">
                <Coords points="4724,2461 4773,2458 4880,2495 4927,2463 4979,2458 5034,2478 5049,2463 5113,2461 5110,2405 5066,2408 5031,2388 4968,2405 4918,2379 4898,2397 4854,2385 4796,2414 4721,2405"/>
                <Baseline points="4740,2436 4830,2442 4920,2448 5009,2454 5099,2448 5117,2448"/>
                <TextEquiv>
                    <Unicode>imme et mit</Unicode>
                </TextEquiv>
            </TextLine>
            <TextLine id="tr_1_tl_18" custom="readingOrder {index:17;}">
                <Coords points="3416,2585 3942,2652 5557,2609 5557,2446 5395,2394 4880,2492 4532,2431 3416,2455"/>
                <Baseline points="3433,2537 3522,2537 3612,2537 3702,2537 3791,2537 3881,2537 3970,2537 4060,2543 4149,2537 4239,2537 4328,2537 4418,2537 4508,2531 4597,2537 4687,2537 4776,2537 4866,2537 4955,2537 5045,2537 5135,2537 5224,2531 5314,2531 5403,2537 5493,2537 5564,2537"/>
                <TextEquiv>
                    <Unicode>elegant und ein wenig Snob,-so konnte er sich</Unicode>
                </TextEquiv>
            </TextLine>
            <TextLine id="tr_1_tl_19" custom="readingOrder {index:18;}">
                <Coords points="3416,2789 5653,2739 5650,2646 5429,2597 3413,2603"/>
                <Baseline points="3433,2698 3522,2698 3612,2698 3702,2698 3791,2698 3881,2698 3970,2698 4060,2698 4149,2698 4239,2698 4328,2698 4418,2698 4508,2698 4597,2698 4687,2698 4776,2698 4866,2698 4955,2698 5045,2704 5135,2704 5224,2704 5314,2704 5403,2704 5493,2704 5582,2698 5660,2704"/>
                <TextEquiv>
                    <Unicode>dem Ersuchen Loibergers nicht versagen. Es ver-</Unicode>
                </TextEquiv>
            </TextLine>
            <TextLine id="tr_1_tl_20" custom="readingOrder {index:19;}">
                <Coords points="3405,2899 3838,2963 4044,2914 5217,2949 5217,2792 4991,2754 4616,2812 4436,2748 4323,2806 3405,2789"/>
                <Baseline points="3421,2866 3510,2860 3600,2860 3690,2860 3779,2860 3869,2860 3958,2866 4048,2860 4137,2860 4227,2860 4317,2860 4406,2860 4496,2860 4585,2860 4675,2860 4764,2860 4854,2860 4944,2866 4967,2866 5027,2866 5117,2866 5206,2866 5224,2866"/>
                <TextEquiv>
                    <Unicode>lief dann alles so rasch und ordnungsge¬</Unicode>
                </TextEquiv>
            </TextLine>
            <TextLine id="tr_1_tl_21" custom="readingOrder {index:20;}">
                <Coords points="3416,3117 4279,3039 5752,3071 5752,2931 3416,2928"/>
                <Baseline points="3433,3027 3522,3021 3612,3021 3702,3021 3791,3027 3881,3027 3970,3027 4060,3027 4149,3021 4239,3027 4328,3027 4418,3027 4508,3027 4597,3027 4687,3027 4776,3027 4866,3027 4955,3027 5045,3027 5135,3027 5224,3027 5314,3027 5403,3027 5493,3033 5582,3033 5672,3033 5756,3045"/>
                <TextEquiv>
                    <Unicode>am Ende sc unerwartet tragisch und unwiderruflich,</Unicode>
                </TextEquiv>
            </TextLine>
            <TextLine id="tr_1_tl_22" custom="readingOrder {index:21;}">
                <Coords points="3413,3248 5647,3251 5583,3100 3410,3120"/>
                <Baseline points="3427,3188 3516,3188 3606,3182 3696,3188 3785,3188 3875,3188 3964,3188 4054,3188 4143,3188 4233,3188 4323,3188 4412,3188 4502,3188 4591,3188 4681,3188 4770,3188 4860,3188 4949,3188 5039,3188 5129,3188 5218,3188 5308,3194 5397,3194 5487,3194 5576,3194 5648,3200"/>
                <TextEquiv>
                    <Unicode>dass Peter kaum dazu gekommen war über den Fall</Unicode>
                </TextEquiv>
            </TextLine>
            <TextLine id="tr_1_tl_23" custom="readingOrder {index:22;}">
                <Coords points="3399,3405 5249,3364 5682,3454 5627,3248 3399,3251"/>
                <Baseline points="3415,3343 3504,3343 3594,3343 3684,3343 3773,3343 3863,3343 3952,3343 4042,3343 4131,3343 4221,3343 4311,3343 4400,3343 4490,3343 4579,3343 4669,3343 4758,3343 4848,3343 4938,3343 5027,3343 5117,3343 5206,3343 5296,3343 5385,3349 5475,3349 5564,3349 5654,3349 5690,3349"/>
                <TextEquiv>
                    <Unicode>intensiver nachzudenken und dass er selbst jetzt</Unicode>
                </TextEquiv>
            </TextLine>
            <TextLine id="tr_1_tl_24" custom="readingOrder {index:23;}">
                <Coords points="3410,3527 5557,3541 5557,3410 5220,3367 4843,3448 3410,3390"/>
                <Baseline points="3427,3499 3516,3499 3606,3493 3696,3493 3785,3499 3875,3493 3964,3493 4054,3493 4143,3493 4233,3493 4323,3499 4412,3493 4502,3493 4591,3493 4681,3493 4770,3493 4860,3493 4949,3499 5039,3499 5129,3499 5218,3504 5308,3504 5397,3504 5487,3504 5564,3510"/>
                <TextEquiv>
                    <Unicode>im Coupé sich jeder neugierigen Frage, ja jeder</Unicode>
                </TextEquiv>
            </TextLine>
            <TextLine id="tr_1_tl_25" custom="readingOrder {index:24;}">
                <Coords points="3399,3727 3986,3724 4363,3643 5090,3710 5334,3666 5336,3544 3402,3559"/>
                <Baseline points="3415,3648 3463,3642 3552,3636 3642,3636 3731,3636 3821,3630 3911,3630 4000,3630 4090,3630 4179,3630 4269,3624 4358,3624 4448,3624 4537,3624 4627,3624 4717,3618 4806,3618 4896,3618 4985,3618 5075,3618 5164,3618 5254,3618 5344,3618"/>
                <TextEquiv>
                    <Unicode>persönlichen Anspielung enthielt, empfand</Unicode>
                </TextEquiv>
            </TextLine>
        </TextRegion>
    </Page>
</PcGts>
