6072 4200
2859 365 3199 570 16.9.31
3324 462 5447 778 aufzufallen,waren sie am vorigen Tage aus St.
3318 731 5599 1006 Gilgen abgereist. Unwillkürlich,mit einer leisen
3330 895 5497 1164 Spur von Neid, hatte er während des Umkleidens
3318 1047 5570 1295 gedacht, die Mühe wenigstens hat sich Leuber-
3333 1208 5476 1462 ger ersparen können. Mühling (dachte in diesem
3327 1441 5438 1637 Augenblick vielleicht Aehnliches und eine un-
3327 1591 5505 1789 ausgesprochene Frage Peters beantwortend,sagte
3348 1702 5497 1962 er. "Man wird ihn wohl direkt nach Wien schaf-
3345 1906 3590 2120 fen.
3663 1947 5549 2245 Doch wie jene frühere Bemerkung Mühlings,
3304 2210 5657 2368 zynisch oder frivol,so erschien Peter diese neue
5222 2289 5555 2400 tatigl.
3333 2351 5546 2573 sonderbarerweise überheblich, ja frech. Man ver-
3348 2514 5561 2722 fügte über diesen armen Leuberger nicht anders,
3354 2646 5555 2877 als wenn er schon hundert Jahre tot wäre. Frei-
4225 2772 4810 2880 [illegible]
3354 2772 5646 3020 lich, dachte Peter weiter, es ist beinahe dasselbe.
4272 2930 4687 3035 Ch: u. cet
3359 2921 5660 3187 Genau dasselbe. (Und wer hat denn nun über das Al-
3342 3169 5535 3313 lernächste zu bestimmen? Offenbar doch nur die
3359 3280 5625 3473 Eine, die Witwe. Die Witwe, die noch in diesem Au-
3356 3435 5684 3669 genblick ahnungslos als glückliche Frau durch den
3365 3620 4318 3777 Sommertag spazierte.
