6056 4104
3371 492 5666 723 elbst als durchaus ko rrekt. Auch Müllings Bemer-
3325 697 5458 900 kung,die ein langes Schweigen unterbrach, es
3331 862 5623 1053 bleibt offiziell dabei, dass einzig und allein die
3331 1021 5623 1210 Ecarté-Partie der Anlass des Duells war,erwiderte
3455 1201 3736 1296 Nach
3339 1184 5669 1403 er ernst nichts anderes, als das eine Wort "sel bst-
3348 1328 5576 1522 verständlich“. Mühling fuhr fort: “Ich war übri-
3342 1505 5597 1670 gens bei der Ecarté-Partie anwesend und ich will
3336 1678 5651 1875 Ihnen gestehen, dass ich mich selbst noch eine hal
3342 1814 5640 2017 be Minute lang täuschen liess,-trotzdem mir schon
3336 1965 5631 2191 die plötzliche Ankunft des Hittmeisters vorgestern
4584 2118 4743 2228 al¬
5012 2124 5432 2222 &cussance
3354 2133 5594 2332 Abend - denken Sie, vorgestern! - hätte auffallen
3322 2344 3733 2489 müssen.
3629 2431 5637 2625 Ich dachte, er sei regelmässiger Sommergast
3331 2613 5264 2813 in St.Gilgen“, bemerkte Peter vorsichtig.
3808 2758 4262 2871 of Nulch
3646 2761 5625 2955 "Sie wussten wirklich nichts?“ fragte Doktor
3308 2923 3747 3198 Mülling.
3701 3024 5738 3250 "Ich weiss nur von einer Ecarté-Partie", er-
4109 3229 4335 3313 Yours
3331 3218 4436 3409 wiederte Peter einfach.
3713 3377 5623 3542 "Nun", erklärte Doktor Mülling, "Urpadet zky
