6056 4104
4911 512 5381 684 Bueret als
3461 534 4385 737 me the atsege saith
1892 604 2162 826 G.H.F.P
3431 696 5643 849 und Gemahlin ware „im vorigen Sommer zum ersten
3436 874 5668 1027 Mal in St. Gilgen. Damals hat er sonderbarerwei-
3436 1007 5529 1183 se nichts bemerkt - im Gegensatz zu allen an-
3445 1163 5546 1358 dern Beteiligten und Unbetelligten; so dachte
3431 1319 5501 1500 ich, alles sei in Ordnung und jede Gefahr ge-
3436 1455 5565 1639 schwunden.-umso mehr als Urpadetzkys ja nicht
3431 1603 5668 1803 in Wien leben. Ofrenbar ist er erst in der letz-
3436 1803 5612 1984 ten Zeit durch anonyme Briefe informiert wor-
3420 1909 5523 2154 den, dass seine Frau und unser Freund (" Er
3420 2109 4997 2296 hielt inne und sah vor sich hin.
3857 2279 5676 2424 Peter war erstaunt,beinahe erschüttert.
4399 2371 4608 2474 sche
3431 2421 5668 2613 Er hatte die Lotberger Ehe für glücklich gehal-
3653 2515 3873 2602 At I
3431 2585 5493 2746 ten. Dass Loiberger seine junge, schöne, etwas
3420 2727 5562 2930 rührende Frau hintergehen könnte, das war ihm
3422 2899 5607 3066 so nahe(in diesem Kreise/ und ihm besonders sol-
3420 3047 5629 3208 che Möglichkeiten und Gedankengänge lagen - das
3425 3180 5273 3389 war ihm gar nicht in den Sinn gekommen.
3748 3347 5571 3484 (Und während Müllings Antlitz sich um
3414 3500 5573 3690 verdunkelte, sagte er: "Die arme Gladys" Und er
