5880 4024
2711 328 3059 583 5/9.31.
3727 867 5603 1110 Sie hatten sich entschlossen das Los ent
3273 1077 5533 1227 scheiden zu lassen. Denn, von Minute zu Minute er-
3273 1197 5542 1417 schien ihnen der Gedanke lächerlicher, unsinniger,
4210 1350 4953 1443 to Rarten five inguch to
3244 1353 5451 1587 (grotesker gemeinsam sich bei der gnädigen Frau
3264 1499 5372 1765 melden zu lassen, dann gemeinsam beide wie die
3241 1686 5592 1894 Mitglieder einer Ballkomitees oder eines Wohltätig
3220 1859 5536 2102 keitskonzerts in den Salon zu treten und (endlich)
3258 1979 5521 2213 statt der erwarteten Einladung der gnädigen Frau
3250 2149 5577 2310 die Nachricht von dem Todes ihres Gatten zu über-
3244 2307 5562 2526 bringen. Und da doch in jedem Falle nur einer von
3252 2491 5492 2635 ihnen das Wort führen und der Andere nichts xxx
3203 2635 5492 2810 weiter tun konnte, als mit einem töricht düsteren
3217 2796 5477 2977 Gesicht stumm daneben zu sitzen so war es gewiss
4898 2922 5542 3050 als sich erst
3232 2913 5442 3138 richtiger, wenn nur einer von ihnen die traurige
3223 3097 5223 3264 Mission übernehme und durchführte. Die Fragler
3203 3235 4567 3428 eben nur welcher von beiden.
4450 3396 4646 3469 Wm.
4139 3387 4365 3475 or due.
3642 3370 5442 3633 Das Recht, ja die Pflicht, stand Beiden
3226 3577 5553 3747 so ziemlich in gleicher Weise zu. Und von dem Au-
3244 3747 5448 3923 genblick an, da der Arzt den Tod Leibergers fest-
