6056 4104
5081 541 5382 756 endre
3257 557 5591 908 ter und wärtlicher als jeden Andern;- dann xx sch
3267 812 5603 1076 er sie so hatte er sie zuletzt gesehen - in einem
3276 989 5563 1232 Huderboot, ihm gegenüber, den weissen Bademantel um
3264 1132 5597 1350 die Schultern, eine Zigarette zwischen den Lippenh,
3270 1347 5591 1528 mit funkelnden blauen Jugen und über ihren wirren
3264 1444 5690 1705 schwarzen Lockenkopf stülpte sie plötzlich die Bade-
4701 1593 4872 1699 -dort
3257 1596 5746 1857 haube. Sie spürte selbst, wie komisch sie dann aussah,
3264 1755 5759 2010 stülpte sie noch tiefer,warf den Mantel ab, liese sich
3276 1935 5631 2156 ins Wasser sinken und schwamm davon mit edeln, gros
3285 2085 5578 2324 sen, weiten Bewegungen,wie sie eigentlich) zu ihrer
3292 2231 5585 2480 zierlichen Figur nicht recht passten; sie blickte
3472 2383 3649 2489 Sile
3285 2402 5585 2585 zu ihm zurück und lachte ein wenig, vielleicht weil
4088 2533 4322 2641 ener
3298 2582 5666 2722 er zu rudern vergass und ihren Bademantel mit bei-
4950 2691 5109 2763 in-
3289 2701 5205 2953 den Händen festhielt.; plötzlich serschwa-
3317 2878 5398 3099 unter dem Wasser,sekundenlang,mit ein Mal war
5659 2884 5837 3061 wieder
3329 3005 3612 3114 neben
3329 3058 5669 3261 im dem Boot, hielt sich mit einer Hand daran
3335 3170 5706 3376 est und schaute zu ihm auf,nicht lächelnd, wie mei-
3348 3313 5712 3584 tens, sondern eher wie fragend. Sie waren nicht sehr
3472 3494 4539 3737 nahe vom Ufer. Von der
4614 3469 5796 3699 alerie der Schwimmanstalt
