6040 4232
5111 397 5268 549 14
3362 476 5438 771 eigentlich bevorstand,das Unsinnig-Groteske
5353 663 5770 829 nechigkeit
3374 744 5575 873 ihres gemeinsamen Erscheinens im Salon, die -Un-
3409 846 4136 943 Mermedahy
1322 765 1527 987 G.F.P.
3368 835 5636 1106 möglichkeit zu sagen,es der jungen Frau
1357 899 2180 1135 „xxx“, xxx
3374 1013 5519 1270 zu sagen, dass ihr Gatte tot,dass er im Duell
1486 1109 2145 1334 Gepassement des mêmes
3377 1229 5581 1383 gefallen, dass er sozusagen wegen einer andern -
1716 1261 2183 1448 "..mise
3386 1322 5735 1585 Frau gestorben war. Sie fühlten
1702 1413 2069 1605 Tempere
3377 1486 5692 1713 die inmöglichkeit, aber keiner sprach es aus. Dann
1792 1570 1996 1783 G.H.F.P
3374 1649 5502 1868 aber, als wenn es sich von selbst verstände, ja
3374 1848 5531 2049 als wenn schon früher zwischen ihnen davon die
3368 2014 5563 2174 Rede gewesen wäre, sprachen sie darüber, wer von
3397 2084 5727 2361 ihnen beiden eigentlich die Mission, die unvermeid-
3374 2291 5592 2481 liche, traurige, übernehmen sollte. Jeder nahm es
3389 2414 5534 2662 für sich in Anspruch. Mühling, als der Aeltere,
3374 2571 5633 2825 als der langjährige Freund des Getöteten,als der
3386 2790 5473 2963 Rechtsanwalt, -Peter, eben als der Jüngere, der
3374 2963 5575 3155 weniger Schuldige gewissermassen, als derjenige,
3386 3062 5630 3289 der dem Toten sowohl als der Witwe als den Frem-
3380 3272 5639 3444 dere gegenüberstand, der Unpersönlichere, der auch
3374 3427 5502 3625 innerlich jedenfalls minder beteiligt war, und
1786 3742 2239 3934 xxx gebied xxx
