6056 4104
419 966 707 1105 G.H.F.P.
395 1129 972 1278 He should do
240 1275 729 1485 G.C.H.F.P
474 1460 668 1588 G.C.F.P.
1907 1533 2144 1722 e e e
647 1694 2180 1943 xyz xxx
741 1861 2138 2071 G.C. G.F. G, G.H.F,G,G.G, G,
3358 431 4084 698 führt, worden wa
3358 677 5620 865 gestellt hatte, bis zu dem da sie. Doktor Mülling
3358 865 5511 1051 und Peter Hell am Ischler Bahnhof)das Auto für
3352 996 5438 1193 die Fahrt nach St. Gilgen mieteten, hatten die
3352 1175 5660 1375 Beide überhaupt noch nicht dar n gedacht,dass und
3352 1339 5520 1506 auf welche Weise sie Frau Gladys von dem Ende
3346 1527 5635 1679 ihres Gaten in Kenntnis setzen sollten. Seit dem
5125 1640 5602 1755 seil jusqu'ici
3376 1673 5742 1825 Unglück waren drei Stunden vergangen; so lange fuhr
3352 1822 5717 2007 der Zug von dem kleinen oberösterreichisehen Städt-
3349 1964 5684 2168 chen,in dessen Totenkammer der arme Lijberger auf-
3334 2122 5547 2320 gebahrt war. nach Ischl, wo sie noch Tags vorher
3334 2274 5669 2490 mit den gegenerischen Sekundanten,zwei ehemaligen
3331 2462 5462 2657 Regimentskameraden des gewesenen Rittmeisters
3337 2611 5699 2781 Urpadetzky,die endgültigen Verhandlungen gepflogen
3340 2784 5699 2979 hatten. Im Coupé auf der traurigen Rückfahrt waren
3331 2936 5641 3091 sie Beide zuerst recht schweigsam gewesen, der äl-
5359 3064 5520 3152 with
3340 3076 5660 3258 tere, Loibergers Rechtsanwalt und Jugendfreund, und
3325 3231 5477 3395 der um zehn Jahre jüngere Peter Helf, der eben
3340 3395 5784 3622 vor seinem Doktorexamen stand und der erst vor wenig
3325 3531 5599 3780 gen "ochen in der Familie des Fabrikanten einge-
