6056 4104
5315 409 5466 598 11
4338 468 4534 684 ra
3850 533 4018 669 was
3355 563 5505 817 ein Mensch so schnell aus dem Leben ins Nichts
3323 764 5600 974 schwinden kann. Er war hingesunken wie von einem
3334 933 5629 1119 Elitz gefällt und dass der Arzt sich noch nieder-
4181 1081 4448 1187 as well
3340 1131 5540 1291 gebeugt, um hatte, um die Herztöne zu erlauschen,
3355 1294 5464 1463 was war das eigentlich für eine lächerliche
3340 1427 5552 1593 leere Form gewesen,wie wenn man einem Toten
3355 1578 5490 1735 guten Morgen wünschte. Und wie dann Urpadetzky
3334 1709 5582 1943 bedauernd die Achseln gezuckt hatte, zweimal hin-
4066 1857 4543 1966 be dated or pd
3340 1913 5517 2061 tereinander, als ginge ihn die Sache im Grunde
3355 2023 5469 2203 doch nichts an und wie er allein den Waldpfad
3340 2209 5617 2402 in der Richtung nach der kleinen zu zu schreiten
3346 2357 5724 2541 begonnen und seine beiden Sekundanten, seine einstiv
3340 2505 5641 2683 gen Regimentskameraden, ihm nachgeeilt waren - all
3334 2677 5517 2840 dies sah er vor sich und sah sogar sich selbst
3325 2789 5570 3006 kerzengerade stehen, elegant und vollkommen über¬
3334 2964 5656 3189 flüssig,im dunklen Gehrock,wie eine Marionetten-
3328 3136 5549 3305 figur.-Er hatte noch Zeit gehabt vor Abgang des
3334 3281 5600 3488 Zugs, ebenso wie Mülling, sich im Hotelzimmer wie-
3325 3426 5680 3642 der als Tourist zu erkleiden. So nämlich, um nicht
