6040 4184
4233 392 4519 585 relui
3760 504 5511 706 "Ich habe dafür Sorge getrane",sagte
3368 482 3684 727 P.S.F.P
3374 684 5581 877 Mühling," xxx dass nicht etwa ein Telegramm vor-
3383 838 5722 1052 zeitig an Frau Gladys abgehe. Es wird unsere Sache
3380 1007 5804 1215 sein..“ Er sah auf die Uhr und nichte. Der Zug für
3374 1182 5710 1372 langsamer. Sie machten sich zum Aussteigen fertig,
3374 1369 5716 1523 (ein paar Minuten nur und sie waren in Ischl. Peter
3365 1492 5686 1664 sprang als Erster aus dem Zug und nahm so fort ein
3362 1664 5716 1833 halbgeschlossenes Auto zur Fahrt nach dem See auf.
3374 1791 5572 1984 Sie sahen keine Bekannten, weder auf dem Perron,
3368 1951 5584 2117 noch auf der Stiege, der ganze Ort war in dieser
5243 2062 5421 2159 bald
3362 2098 5668 2306 heissen Mittagsstunde ziemlich leer und waren
4339 2201 4728 2316 as just it go
3368 2282 5560 2466 sie auf der Landstrasse ohne jede uner-
3371 2421 4290 2617 wünschte Begegnung.
3814 2566 5665 2795 "Nun wird es ernst", dachte Peter, doch er
3356 2717 4607 2934 hatte es ganz laut gesagt.
3796 2879 5563 3075 "Es wird ein bitterer Augenblick sein,
3374 3057 5572 3274 bemerkte Mühling. Und setzte rasch hinzu - "auch
3371 3136 3799 3316 für uns.“
3772 3271 5581 3537 In diesem Augenblick war es, dass ihnen
3362 3443 5517 3717 Beiden ganz klar zum Bewusstsein kam, was ihnen
