6056 4088
3368 515 5614 711 führt worden war. Als Leute von Welt und eigent-
3371 708 5575 884 lich nur oberflächlich bekannt miteinander, hat-
1565 705 2145 916 nd tietaas
3383 898 5590 1068 ten sie den eben s tattgähabten Zweikampf zuerst
1711 869 2157 1095 resol aa
3986 976 4474 1077 as merkliche
3365 1012 5706 1175 nur von der sportlichen Seite aus, (beinahe ganz un-
1800 1089 1961 1232 G.H.F.
3383 1160 5718 1327 persönlich behandelt; - er war auch in dieser Hin-
3365 1294 5667 1514 sicht merkwürdig genug, umsomehr als derartige ka-
4174 1449 4605 1547 ^arstellung
3377 1514 5688 1660 valiersmässige Erledigungen seit Ende des Krieges
3371 1675 5575 1830 auch zwischen früheren Offizieren nur mehr sel-
3365 1812 5536 2002 ten sattfanden. Doktor Mülling hatte sich vor
3371 1931 5647 2145 dem Krieg (wie er beiläufig erwähnte, ein paar Mal,
3365 2115 5578 2288 ein Mal auch auf Pistolen geschlagen, und Peter
3359 2279 5638 2469 konnte die Mensur, die er im zweiten Jahr seines
3371 2425 5682 2636 Studiums bestanden, überhaupt nicht ernsthaft rech-
3606 2550 3876 2669 Whrze
3353 2573 5617 2796 nen. Es stand für Peter ausser Frage, dass Doktor
3338 2728 5310 2942 Mülling über die wirkliche Ursache des Duc
3359 2886 5162 3052 ser unterrichtet war als er;- ein Stre
3356 3043 5611 3234 Partie Ecarte, selbst mit nachfolgenden nur wört-
3353 3237 5745 3368 lichen Insulten), konnte nicht Anlass zu den schweren
3359 3350 5661 3543 Bedingungen sein, auf denen Rittmeister Urpadetzky
