6056 4120
2998 188 3319 403 7/9.31.
5341 398 5504 537 10
3613 518 5665 796 sahen manche zu ihnen herüber und erkannten
3608 749 5703 967 sie kaum, und über ihnen und dem See flimmer-
3635 937 5624 1125 te der Sommer dunkelblau von Berg zu Berg.
3921 1117 5695 1303 "Die arme Gladys", sagte Peter vor sich
3589 1254 3842 1425 hin.
3943 1392 5556 1583 "Noch nicht", meinte Mülling,"noch
3592 1548 5720 1741 nicht arm“. Und Peter empfand diese Bemerkung
3589 1722 5777 1924 als frivol, fast als zynisch. “Noch hat sie
3592 1856 5611 2066 nämlich keine Ahnung“,setzte er hinzu. “Sie
3597 2011 5693 2224 vermutet ihn in diesem Moment auf einer Dolo-
3578 2177 5614 2376 mitentour. Solche kleine Ausflüge waren ja
3567 2324 5679 2540 keine Seltenheit bei unserm Freund, zuweilen
3575 2515 4861 2668 fanden sie wirklich statt.
3883 2690 5559 2853 Sie schweigen wieder eine Weile und
3548 2842 5665 3003 schauten Beide durch das geöffnete Coupéfen-
3545 2957 5676 3199 ster in die grünende Landsshaft hinaus. Peter
5180 3134 5668 3232 gefallenen
3534 3150 5722 3341 aber sah sie gar nicht; er sah den
3534 3300 5679 3502 Leuberger und wunderte sich erschaudernd, dass
