6056 4120
3471 474 5653 744 sah sie in Gedanken vor sich. Zuerst nicht sie
3465 685 5718 918 selbst,sonders das etwas konventionelle Porträt,
3477 868 5771 1074 zu dem sie vor zwei Jahren einem berühmten Maler
3482 1003 5747 1197 gesessen war und das nun in einem etwas zu schwe-
3477 1209 5747 1350 ren Rahmen in dem Salon der Leibergerschen Villa
3462 1353 5659 1515 hing, dann erst sah er sie lebendig, aber gleich
3477 1474 5730 1632 höchst lebendig unter einem flimmernden Sommer.
3456 1621 5574 1821 himmel, im weissen Teuniskostüm, das Raket in
3459 1797 5544 1979 der Hand,mit halboffenen Blicken einem Ball
3456 1968 5677 2156 nachblickend, der zu weit über Netz flog,- dann
5047 2097 5521 2200 Mr - 20th
3471 2138 5674 2265 erschien sie ihm bei einem Abendessen, die
3456 2279 5647 2462 drei-bis viermal der Woche zwanglos und impro-
3465 2424 5715 2574 visiert in der Villa statt fanden,er sah sie leb-
5506 2585 5682 2679 une
3450 2588 5688 2797 haft plaudernd mit dem Herrn an ihrer Seite und
3450 2735 5747 2947 zugleich einem andern und immer ainen andern ver-
3453 2921 5815 3097 gnügt zuwinkend, als wollte sie ihm sagen,Sie dürfe
3427 3029 5741 3250 nicht glauben, dass ich Sie indess vergessen habe;
3429 3238 5759 3509 auch ihren Gatten sah sie so an und viel vertrau-
491 3868 659 4012 P.P.
