<?xml version="1.0" encoding="UTF-8" standalone="yes"?>
<PcGts xmlns="http://schema.primaresearch.org/PAGE/gts/pagecontent/2013-07-15" xmlns:xsi="http://www.w3.org/2001/XMLSchema-instance" xsi:schemaLocation="http://schema.primaresearch.org/PAGE/gts/pagecontent/2013-07-15 http://schema.primaresearch.org/PAGE/gts/pagecontent/2013-07-15/pagecontent.xsd">
    <Metadata>
        <Creator>prov=READ-COOP:name=TrHtr:version=2.1.0:model_id=51170:date=27_07_2023_23:03</Creator>
        <Created>2023-05-10T11:11:35.648+02:00</Created>
        <LastChange>2023-07-27T23:03:10.286+02:00</LastChange>
        <TranskribusMetadata docId="1428130" pageId="55383577" pageNr="19" tsid="131307540" status="IN_PROGRESS" userId="64420" imgUrl="https://files.transkribus.eu/Get?id=TULHDFYHLXYTFGIYPERPVYNC&amp;fileType=view" xmlUrl="https://files.transkribus.eu/Get?id=JKAVHNPGOXIUTXSZBKKELEEJ" imageId="44658638"/>
    </Metadata>
    <Page imageFilename="1428130_0019.jpg" imageWidth="6072" imageHeight="4264">
        <ReadingOrder>
            <OrderedGroup id="ro_1711824935442" caption="Regions reading order">
                <RegionRefIndexed index="0" regionRef="tr_1"/>
            </OrderedGroup>
        </ReadingOrder>
        <TextRegion id="tr_1" custom="readingOrder {index:0;}">
            <Coords points="3445,636 5745,636 5745,3527 3445,3527"/>
            <TextLine id="tr_1_tl_1" custom="readingOrder {index:0;}">
                <Coords points="3428,751 5462,762 5612,731 5612,610 5048,526 4763,593 4567,535 4366,630 3636,578 3428,636"/>
                <Baseline points="3445,686 3535,686 3624,686 3714,692 3804,686 3893,686 3983,692 4072,686 4162,692 4252,692 4341,686 4431,686 4520,686 4610,686 4699,686 4789,692 4879,686 4968,686 5058,692 5147,692 5237,692 5327,686 5416,686 5506,686 5595,692 5619,692"/>
                <TextEquiv>
                    <Unicode>sich plötzlich,ob seine Holle nicht eigentlich</Unicode>
                </TextEquiv>
            </TextLine>
            <TextLine id="tr_1_tl_2" custom="readingOrder {index:1;}">
                <Coords points="3434,938 5543,946 5732,892 5732,771 3434,788"/>
                <Baseline points="3451,836 3541,842 3630,842 3720,842 3810,842 3899,842 3989,842 4078,842 4168,842 4258,848 4347,848 4437,848 4526,848 4616,848 4705,842 4795,848 4885,842 4974,848 5064,842 5153,848 5243,848 5332,842 5422,848 5512,848 5601,848 5691,842 5739,842"/>
                <TextEquiv>
                    <Unicode>die schwerere sei. Begegnungen würden vielleicht</Unicode>
                </TextEquiv>
            </TextLine>
            <TextLine id="tr_1_tl_3" custom="readingOrder {index:2;}">
                <Coords points="3434,1081 5678,1073 5678,952 5433,915 3434,941"/>
                <Baseline points="3451,1003 3541,1009 3630,1009 3720,1003 3810,1003 3899,1009 3989,1009 4078,1009 4168,1009 4258,1009 4347,1009 4437,1009 4526,1009 4616,1009 4705,1009 4795,1009 4885,1009 4974,1009 5064,1009 5153,1009 5243,1009 5332,1009 5422,1009 5512,1003 5601,1009 5685,1003"/>
                <TextEquiv>
                    <Unicode>nicht zu vermeiden sein. Es war nicht vorherzu-</Unicode>
                </TextEquiv>
            </TextLine>
            <TextLine id="tr_1_tl_4" custom="readingOrder {index:3;}">
                <Coords points="3428,1254 5706,1231 5741,1102 3428,1116"/>
                <Baseline points="3445,1164 3535,1164 3624,1164 3714,1164 3804,1164 3893,1164 3983,1164 4072,1170 4162,1170 4252,1170 4341,1170 4431,1170 4520,1164 4610,1164 4699,1164 4789,1164 4879,1164 4968,1164 5058,1164 5147,1170 5237,1164 5327,1164 5416,1164 5506,1164 5595,1164 5685,1164 5745,1164"/>
                <TextEquiv>
                    <Unicode>sehen welche. In jedem Fall war er entschlossen</Unicode>
                </TextEquiv>
            </TextLine>
            <TextLine id="tr_1_tl_5" custom="readingOrder {index:4;}">
                <Coords points="3437,1392 5698,1421 5669,1225 3434,1243"/>
                <Baseline points="3451,1325 3541,1325 3630,1325 3720,1319 3810,1319 3899,1325 3989,1325 4078,1325 4168,1325 4258,1325 4347,1325 4437,1325 4526,1325 4616,1325 4705,1325 4795,1325 4885,1325 4974,1325 5064,1325 5153,1325 5243,1325 5332,1325 5422,1325 5512,1325 5601,1325 5691,1325 5703,1331"/>
                <TextEquiv>
                    <Unicode>kein Wort verlauten zu lassen und sich sofort in</Unicode>
                </TextEquiv>
            </TextLine>
            <TextLine id="tr_1_tl_6" custom="readingOrder {index:5;}">
                <Coords points="3431,1562 3630,1605 3903,1547 4194,1588 4711,1553 4708,1395 4634,1429 4185,1398 4116,1435 3969,1389 3644,1432 3428,1401"/>
                <Baseline points="3445,1481 3535,1481 3624,1481 3714,1481 3804,1481 3893,1481 3983,1481 4072,1481 4162,1481 4252,1481 4341,1481 4431,1481 4520,1481 4610,1481 4699,1487 4717,1481"/>
                <TextEquiv>
                    <Unicode>sein Zimmer zurückzuziehen.</Unicode>
                </TextEquiv>
            </TextLine>
            <TextLine id="tr_1_tl_7" custom="readingOrder {index:6;}">
                <Coords points="3754,1726 5537,1734 5701,1697 5701,1553 3754,1556"/>
                <Baseline points="3768,1612 3857,1630 3947,1636 4037,1636 4126,1636 4216,1636 4305,1636 4395,1636 4484,1636 4574,1636 4664,1636 4753,1636 4843,1642 4932,1636 5022,1636 5112,1636 5201,1636 5291,1636 5380,1636 5470,1642 5559,1636 5649,1636 5709,1642"/>
                <TextEquiv>
                    <Unicode>" In zwei Stunden folge ich</Unicode>
                </TextEquiv>
            </TextLine>
            <TextLine id="tr_1_tl_8" custom="readingOrder {index:7;}">
                <Coords points="3454,1884 5643,1858 5643,1746 5450,1714 5008,1769 3454,1717"/>
                <Baseline points="3469,1797 3559,1803 3648,1803 3738,1797 3828,1803 3917,1803 4007,1809 4096,1809 4186,1803 4275,1803 4365,1803 4455,1803 4544,1803 4634,1809 4723,1809 4813,1803 4903,1803 4992,1803 5082,1803 5171,1803 5261,1809 5350,1809 5440,1809 5530,1809 5619,1815 5649,1815"/>
                <TextEquiv>
                    <Unicode>Ihnen“,sagte er zu Peter, drückte ihm die Hand,</Unicode>
                </TextEquiv>
            </TextLine>
            <TextLine id="tr_1_tl_9" custom="readingOrder {index:8;}">
                <Coords points="3428,2025 5091,2074 5563,2022 5563,1867 3428,1904"/>
                <Baseline points="3445,1952 3535,1952 3624,1958 3714,1958 3804,1958 3893,1958 3983,1958 4072,1958 4162,1958 4252,1958 4341,1958 4431,1958 4520,1958 4610,1958 4699,1958 4789,1958 4879,1958 4968,1958 5058,1958 5147,1958 5237,1958 5327,1958 5416,1958 5506,1958 5571,1964"/>
                <TextEquiv>
                    <Unicode>Peter nickte, er kam sich in diesem Augenblick</Unicode>
                </TextEquiv>
            </TextLine>
            <TextLine id="tr_1_tl_10" custom="readingOrder {index:9;}">
                <Coords points="3454,2192 4855,2206 4855,2042 3454,2036"/>
                <Baseline points="3469,2114 3559,2114 3648,2120 3738,2114 3828,2114 3917,2114 4007,2114 4096,2120 4186,2120 4275,2120 4365,2114 4455,2114 4544,2114 4634,2114 4723,2114 4813,2120 4861,2120"/>
                <TextEquiv>
                    <Unicode>viel älter vor als der Andere.</Unicode>
                </TextEquiv>
            </TextLine>
            <TextLine id="tr_1_tl_11" custom="readingOrder {index:10;}">
                <Coords points="3802,2341 5640,2356 5637,2223 5476,2172 3800,2215"/>
                <Baseline points="3816,2269 3905,2269 3995,2269 4084,2269 4174,2275 4264,2275 4353,2275 4443,2275 4532,2275 4622,2275 4711,2275 4801,2275 4891,2275 4980,2275 5070,2275 5159,2275 5249,2281 5338,2281 5428,2281 5518,2281 5607,2281 5643,2293"/>
                <TextEquiv>
                    <Unicode>Der Weg hinauf, schmal und wohlgepffegt,</Unicode>
                </TextEquiv>
            </TextLine>
            <TextLine id="tr_1_tl_12" custom="readingOrder {index:11;}">
                <Coords points="3434,2525 5675,2528 5672,2361 5583,2338 3431,2353"/>
                <Baseline points="3451,2436 3541,2436 3630,2436 3720,2436 3810,2436 3899,2436 3989,2436 4078,2436 4168,2436 4258,2436 4347,2436 4437,2436 4526,2436 4616,2436 4705,2436 4795,2442 4885,2442 4974,2442 5064,2442 5153,2442 5243,2442 5332,2448 5422,2442 5512,2442 5601,2448 5679,2454"/>
                <TextEquiv>
                    <Unicode>führte,an (etlichen kleineren Landhäusern vorbei,</Unicode>
                </TextEquiv>
            </TextLine>
            <TextLine id="tr_1_tl_13" custom="readingOrder {index:12;}">
                <Coords points="3428,2672 4392,2695 5177,2606 5304,2684 5715,2617 5715,2525 5574,2499 3428,2522"/>
                <Baseline points="3445,2597 3535,2597 3624,2597 3714,2591 3804,2597 3893,2591 3983,2591 4072,2591 4162,2591 4252,2591 4341,2597 4431,2597 4520,2591 4610,2597 4699,2597 4789,2597 4879,2597 4968,2603 5058,2597 5147,2597 5237,2597 5327,2597 5416,2603 5506,2597 5595,2597 5685,2603 5721,2597"/>
                <TextEquiv>
                    <Unicode>In wenigen Minuten zu der (hellen, ziemlich gross-</Unicode>
                </TextEquiv>
            </TextLine>
            <TextLine id="tr_1_tl_14" custom="readingOrder {index:13;}">
                <Coords points="3440,2801 5462,2761 5591,2816 5617,2684 3440,2698"/>
                <Baseline points="3457,2747 3547,2753 3636,2753 3726,2753 3816,2753 3905,2753 3995,2753 4084,2759 4174,2753 4264,2753 4353,2753 4443,2753 4532,2759 4622,2759 4711,2759 4801,2759 4891,2759 4980,2759 5070,2759 5159,2759 5249,2759 5338,2759 5428,2759 5518,2759 5607,2759 5625,2759"/>
                <TextEquiv>
                    <Unicode>artig angelegten Villa, die Leuberger, natürlich</Unicode>
                </TextEquiv>
            </TextLine>
            <TextLine id="tr_1_tl_15" custom="readingOrder {index:14;}">
                <Coords points="3434,2902 3984,2977 5678,2940 5678,2853 5358,2813 5108,2882 4835,2799 3434,2859"/>
                <Baseline points="3451,2902 3541,2908 3630,2908 3720,2914 3810,2914 3899,2908 3989,2908 4078,2914 4168,2914 4258,2914 4347,2908 4437,2914 4526,2914 4616,2914 4705,2908 4795,2914 4885,2908 4974,2914 5064,2914 5153,2914 5243,2908 5332,2914 5422,2914 5512,2914 5601,2914 5685,2914"/>
                <TextEquiv>
                    <Unicode>nach eigenen Angaben, für sich hatte erbauen las-</Unicode>
                </TextEquiv>
            </TextLine>
            <TextLine id="tr_1_tl_16" custom="readingOrder {index:15;}">
                <Coords points="3434,3075 3733,3147 4033,3072 5105,3072 5390,3167 5606,3083 5606,2997 3434,3011"/>
                <Baseline points="3451,3057 3541,3063 3630,3063 3720,3063 3810,3063 3899,3063 3989,3069 4078,3069 4168,3069 4258,3063 4347,3063 4437,3063 4526,3063 4616,3063 4705,3063 4795,3063 4885,3063 4974,3063 5064,3063 5153,3063 5243,3063 5332,3069 5422,3069 5512,3069 5601,3075 5613,3075"/>
                <TextEquiv>
                    <Unicode>sen. Sie schien heute Peter weiter als sonst.</Unicode>
                </TextEquiv>
            </TextLine>
            <TextLine id="tr_1_tl_17" custom="readingOrder {index:16;}">
                <Coords points="3440,3247 4642,3244 4786,3305 5091,3230 5566,3256 5566,3144 4544,3158 4386,3080 3440,3161"/>
                <Baseline points="3457,3218 3547,3218 3636,3218 3726,3218 3816,3218 3905,3218 3995,3218 4084,3224 4174,3218 4264,3218 4353,3224 4443,3224 4532,3224 4622,3224 4711,3218 4801,3224 4891,3218 4980,3224 5070,3224 5159,3224 5249,3224 5338,3224 5428,3224 5518,3224 5571,3224"/>
                <TextEquiv>
                    <Unicode>Ob er nun langsamer ging oder ob die Gedanken</Unicode>
                </TextEquiv>
            </TextLine>
            <TextLine id="tr_1_tl_18" custom="readingOrder {index:17;}">
                <Coords points="3434,3440 3892,3359 5609,3391 5706,3368 5706,3259 3434,3285"/>
                <Baseline points="3451,3362 3541,3350 3630,3350 3720,3350 3810,3356 3899,3356 3989,3356 4078,3350 4168,3350 4258,3350 4347,3350 4437,3350 4526,3356 4616,3356 4705,3356 4795,3356 4885,3356 4974,3356 5064,3356 5153,3362 5243,3362 5332,3362 5422,3362 5512,3362 5601,3362 5691,3362 5715,3362"/>
                <TextEquiv>
                    <Unicode>rascher und vielfältiger durch sein Gehirn</Unicode>
                </TextEquiv>
            </TextLine>
            <TextLine id="tr_1_tl_19" custom="readingOrder {index:18;}">
                <Coords points="3428,3535 4375,3624 4562,3541 5678,3561 5655,3414 3426,3446"/>
                <Baseline points="3445,3517 3535,3511 3624,3517 3714,3511 3804,3517 3893,3511 3983,3511 4072,3511 4162,3511 4252,3511 4341,3511 4431,3511 4520,3511 4610,3511 4699,3511 4789,3511 4879,3517 4968,3511 5058,3517 5147,3517 5237,3517 5327,3517 5416,3517 5506,3517 5595,3517 5685,3511"/>
                <TextEquiv>
                    <Unicode>jagten. Es waren nicht so sehr Gedanken als Bil-</Unicode>
                </TextEquiv>
            </TextLine>
        </TextRegion>
    </Page>
</PcGts>
