<?xml version="1.0" encoding="UTF-8" standalone="yes"?>
<PcGts xmlns="http://schema.primaresearch.org/PAGE/gts/pagecontent/2013-07-15" xmlns:xsi="http://www.w3.org/2001/XMLSchema-instance" xsi:schemaLocation="http://schema.primaresearch.org/PAGE/gts/pagecontent/2013-07-15 http://schema.primaresearch.org/PAGE/gts/pagecontent/2013-07-15/pagecontent.xsd">
    <Metadata>
        <Creator>prov=READ-COOP:name=TrHtr:version=2.1.0:model_id=51170:date=27_07_2023_23:03</Creator>
        <Created>2023-05-10T11:11:35.079+02:00</Created>
        <LastChange>2023-07-27T23:03:03.092+02:00</LastChange>
        <TranskribusMetadata docId="1428130" pageId="55383552" pageNr="16" tsid="131307537" status="IN_PROGRESS" userId="64420" imgUrl="https://files.transkribus.eu/Get?id=HFXKNPLGYJLSHYJMHEXQYZYO&amp;fileType=view" xmlUrl="https://files.transkribus.eu/Get?id=HKJWSGGLEOKDQPWZDAATYICX" imageId="44658622"/>
    </Metadata>
    <Page imageFilename="1428130_0016.jpg" imageWidth="6088" imageHeight="4312">
        <ReadingOrder>
            <OrderedGroup id="ro_1711824930875" caption="Regions reading order">
                <RegionRefIndexed index="0" regionRef="tr_1"/>
            </OrderedGroup>
        </ReadingOrder>
        <TextRegion id="tr_1" custom="readingOrder {index:0;}">
            <Coords points="2902,714 5691,714 5691,3575 2902,3575"/>
            <TextLine id="tr_1_tl_1" custom="readingOrder {index:0;}">
                <Coords points="3389,792 3609,861 4559,847 4745,778 4919,855 5583,867 5583,638 5351,575 3389,609"/>
                <Baseline points="3404,764 3493,770 3583,770 3672,770 3762,770 3852,770 3941,770 4031,770 4120,770 4210,770 4300,770 4389,764 4479,764 4568,770 4658,770 4747,770 4837,764 4927,764 5016,764 5106,764 5195,764 5285,770 5375,764 5464,764 5554,764 5590,770"/>
                <TextEquiv>
                    <Unicode>verständlich meine Pflicht, dachte er zugleich:</Unicode>
                </TextEquiv>
            </TextLine>
            <TextLine id="tr_1_tl_2" custom="readingOrder {index:1;}">
                <Coords points="3389,978 5488,1032 5488,849 4936,872 4776,778 4259,878 3389,849"/>
                <Baseline points="3404,931 3434,925 3523,925 3613,925 3702,931 3792,925 3881,931 3971,925 4061,925 4150,925 4240,925 4329,925 4419,925 4509,925 4598,925 4688,925 4777,925 4867,925 4957,919 5046,925 5136,919 5225,919 5315,919 5404,919 5494,925"/>
                <TextEquiv>
                    <Unicode>eigentlich, wäre es die deine.) Und während sie</Unicode>
                </TextEquiv>
            </TextLine>
            <TextLine id="tr_1_tl_3" custom="readingOrder {index:2;}">
                <Coords points="3383,1124 4665,1184 4776,1121 5500,1201 5500,1032 5362,1004 3383,1001"/>
                <Baseline points="3398,1086 3487,1086 3577,1086 3666,1086 3756,1086 3846,1080 3935,1086 4025,1086 4114,1086 4204,1086 4294,1086 4383,1086 4473,1080 4562,1080 4652,1080 4742,1086 4831,1086 4921,1080 5010,1080 5100,1080 5189,1086 5279,1080 5369,1080 5458,1080 5506,1086"/>
                <TextEquiv>
                    <Unicode>durch den Wald fuhren, unter den überhängenden</Unicode>
                </TextEquiv>
            </TextLine>
            <TextLine id="tr_1_tl_4" custom="readingOrder {index:3;}">
                <Coords points="3378,1336 5457,1304 5457,1178 4951,1138 4796,1195 3378,1170"/>
                <Baseline points="3392,1236 3481,1242 3571,1248 3661,1248 3750,1248 3840,1242 3929,1242 4019,1242 4108,1242 4198,1242 4288,1242 4377,1242 4467,1242 4556,1242 4646,1242 4736,1242 4825,1242 4915,1242 5004,1242 5094,1242 5183,1242 5273,1242 5363,1236 5452,1242 5464,1242"/>
                <TextEquiv>
                    <Unicode>Zweigen,kam Mühling auf den Einfall, ein paar</Unicode>
                </TextEquiv>
            </TextLine>
            <TextLine id="tr_1_tl_5" custom="readingOrder {index:4;}">
                <Coords points="3378,1413 4201,1484 4639,1393 4945,1481 5500,1473 5500,1338 5288,1304 3378,1338"/>
                <Baseline points="3392,1391 3481,1397 3571,1403 3661,1403 3750,1397 3840,1397 3929,1397 4019,1397 4108,1397 4198,1397 4288,1397 4377,1397 4467,1397 4556,1397 4646,1391 4736,1391 4825,1397 4915,1397 5004,1397 5094,1391 5183,1397 5273,1391 5363,1391 5452,1391 5506,1397"/>
                <TextEquiv>
                    <Unicode>Zweige abzubrechen und die Entscheidung davon</Unicode>
                </TextEquiv>
            </TextLine>
            <TextLine id="tr_1_tl_6" custom="readingOrder {index:5;}">
                <Coords points="4356,1502 4399,1481 4462,1496 4487,1476 4573,1496 4676,1470 4719,1490 4759,1479 4785,1499 4831,1484 4831,1427 4773,1407 4736,1427 4699,1401 4642,1393 4585,1416 4556,1407 4467,1447 4427,1416 4356,1413"/>
                <Baseline points="4371,1469 4389,1469 4479,1469 4568,1475 4658,1469 4747,1469 4837,1463"/>
                <TextEquiv>
                    <Unicode>wirde krose</Unicode>
                </TextEquiv>
            </TextLine>
            <TextLine id="tr_1_tl_7" custom="readingOrder {index:6;}">
                <Coords points="3395,1582 3709,1642 5500,1633 5500,1473 5428,1459 3395,1496"/>
                <Baseline points="3410,1558 3446,1552 3535,1552 3625,1552 3714,1552 3804,1552 3893,1552 3983,1552 4073,1552 4162,1552 4252,1552 4341,1552 4431,1546 4521,1546 4610,1546 4700,1546 4789,1546 4879,1546 4968,1546 5058,1546 5148,1546 5237,1546 5327,1546 5416,1546 5506,1552"/>
                <TextEquiv>
                    <Unicode>abhängig zu machen,wer von ihnen den kürzeren</Unicode>
                </TextEquiv>
            </TextLine>
            <TextLine id="tr_1_tl_8" custom="readingOrder {index:7;}">
                <Coords points="3389,1725 3790,1793 5445,1770 5445,1636 5291,1602 3389,1639"/>
                <Baseline points="3404,1702 3493,1708 3583,1702 3672,1708 3762,1708 3852,1708 3941,1708 4031,1708 4120,1708 4210,1702 4300,1702 4389,1708 4479,1702 4568,1702 4658,1702 4747,1702 4837,1702 4927,1702 5016,1702 5106,1702 5195,1702 5285,1702 5375,1702 5452,1702"/>
                <TextEquiv>
                    <Unicode>und wer den längeren zöge. Die Zeit drängte.</Unicode>
                </TextEquiv>
            </TextLine>
            <TextLine id="tr_1_tl_9" custom="readingOrder {index:8;}">
                <Coords points="3375,1905 5477,1945 5540,1793 3378,1782"/>
                <Baseline points="3392,1851 3398,1851 3487,1857 3577,1857 3666,1857 3756,1857 3846,1857 3935,1851 4025,1857 4114,1857 4204,1857 4294,1857 4383,1857 4473,1857 4562,1857 4652,1857 4742,1857 4831,1851 4921,1857 5010,1857 5100,1857 5189,1857 5279,1851 5369,1851 5458,1851 5548,1839"/>
                <TextEquiv>
                    <Unicode>Sie liessen den Wagen nicht einmal halten,Müh-</Unicode>
                </TextEquiv>
            </TextLine>
            <TextLine id="tr_1_tl_10" custom="readingOrder {index:9;}">
                <Coords points="3383,2079 4951,2114 5365,2019 5643,2085 5643,1945 5534,1936 3383,1942"/>
                <Baseline points="3398,2006 3487,2012 3577,2012 3666,2012 3756,2012 3846,2012 3935,2012 4025,2012 4114,2012 4204,2006 4294,2012 4383,2012 4473,2006 4562,2006 4652,2006 4742,2006 4831,2006 4921,2006 5010,2012 5100,2006 5189,2012 5279,2006 5369,2006 5458,2006 5548,2006 5637,2012 5649,2012"/>
                <TextEquiv>
                    <Unicode>ling nahm einen Zweig in die linke, den andern in</Unicode>
                </TextEquiv>
            </TextLine>
            <TextLine id="tr_1_tl_11" custom="readingOrder {index:10;}">
                <Coords points="3401,2185 5351,2254 5457,2231 5457,2016 5079,2125 4610,2056 3401,2116"/>
                <Baseline points="3416,2161 3493,2167 3583,2167 3672,2161 3762,2161 3852,2161 3941,2161 4031,2161 4120,2167 4210,2161 4300,2161 4389,2161 4479,2161 4568,2156 4658,2161 4747,2161 4837,2161 4927,2161 5016,2161 5106,2161 5195,2161 5285,2156 5375,2156 5464,2156"/>
                <TextEquiv>
                    <Unicode>die rechte Hand, Peter rieter berühte</Unicode>
                </TextEquiv>
            </TextLine>
            <TextLine id="tr_1_tl_12" custom="readingOrder {index:11;}">
                <Coords points="3378,2362 3935,2425 5534,2394 5517,2228 3378,2245"/>
                <Baseline points="3392,2317 3481,2317 3571,2317 3661,2317 3750,2317 3840,2317 3929,2317 4019,2317 4108,2317 4198,2317 4288,2317 4377,2317 4467,2317 4556,2317 4646,2317 4736,2317 4825,2317 4915,2317 5004,2317 5094,2317 5183,2317 5273,2317 5363,2317 5452,2317 5542,2323"/>
                <TextEquiv>
                    <Unicode>Mühlings Linke Hand, Mühling öffnete beide,</Unicode>
                </TextEquiv>
            </TextLine>
            <TextLine id="tr_1_tl_13" custom="readingOrder {index:12;}">
                <Coords points="3395,2531 3967,2488 4224,2588 4633,2480 5666,2482 5557,2371 3395,2400"/>
                <Baseline points="3410,2478 3434,2472 3523,2472 3613,2478 3702,2472 3792,2472 3881,2472 3971,2472 4061,2472 4150,2472 4240,2472 4329,2478 4419,2478 4509,2472 4598,2472 4688,2472 4777,2472 4867,2472 4957,2472 5046,2472 5136,2472 5225,2472 5315,2466 5404,2472 5494,2472 5584,2472 5673,2460"/>
                <TextEquiv>
                    <Unicode>in der linken hielt er nur ein ganz kleines Aest-</Unicode>
                </TextEquiv>
            </TextLine>
            <TextLine id="tr_1_tl_14" custom="readingOrder {index:13;}">
                <Coords points="3395,2654 5683,2728 5640,2534 3395,2531"/>
                <Baseline points="3410,2633 3451,2627 3541,2627 3631,2627 3720,2627 3810,2627 3899,2627 3989,2621 4079,2621 4168,2627 4258,2627 4347,2627 4437,2627 4527,2627 4616,2627 4706,2627 4795,2627 4885,2621 4974,2621 5064,2627 5154,2621 5243,2627 5333,2627 5422,2627 5512,2621 5602,2621 5691,2621"/>
                <TextEquiv>
                    <Unicode>chen, so war es Peter zugefallen Gladys die Nachricht</Unicode>
                </TextEquiv>
            </TextLine>
            <TextLine id="tr_1_tl_15" custom="readingOrder {index:14;}">
                <Coords points="2957,2711 3006,2731 3057,2708 3072,2723 3106,2708 3157,2728 3206,2691 3229,2706 3269,2694 3275,2574 3255,2568 3220,2588 3163,2577 2963,2585"/>
                <Baseline points="2974,2693 3010,2687 3099,2687 3189,2681 3278,2675"/>
                <TextEquiv>
                    <Unicode>(Estehe)</Unicode>
                </TextEquiv>
            </TextLine>
            <TextLine id="tr_1_tl_16" custom="readingOrder {index:15;}">
                <Coords points="2909,2811 2940,2797 3014,2817 3100,2794 3149,2806 3177,2780 3223,2780 3260,2811 3309,2800 3309,2683 3269,2680 3232,2706 3212,2694 3169,2726 3060,2731 3037,2746 2983,2720 2952,2743 2911,2723"/>
                <Baseline points="2926,2783 2956,2783 3045,2777 3135,2777 3225,2777 3314,2771"/>
                <TextEquiv>
                    <Unicode>&amp;c in dAar</Unicode>
                </TextEquiv>
            </TextLine>
            <TextLine id="tr_1_tl_17" custom="readingOrder {index:16;}">
                <Coords points="3395,2806 3641,2886 4050,2826 4450,2894 5671,2794 5671,2726 5260,2683 4542,2748 3395,2677"/>
                <Baseline points="3410,2789 3440,2789 3529,2789 3619,2789 3708,2783 3798,2789 3887,2789 3977,2789 4067,2783 4156,2783 4246,2783 4335,2789 4425,2789 4515,2783 4604,2783 4694,2783 4783,2783 4873,2783 4962,2783 5052,2783 5142,2783 5231,2783 5321,2783 5410,2783 5500,2783 5590,2777 5679,2783"/>
                <TextEquiv>
                    <Unicode>zu bringen. Aber wenn er noch in der Sekunde vor-</Unicode>
                </TextEquiv>
            </TextLine>
            <TextLine id="tr_1_tl_18" custom="readingOrder {index:17;}">
                <Coords points="2886,2897 2911,2909 2949,2883 2974,2914 3037,2917 3063,2894 3123,2900 3175,2871 3206,2894 3255,2897 3255,2800 3232,2797 3206,2823 3112,2857 3052,2814 2969,2811 2946,2794 2926,2809 2886,2791"/>
                <Baseline points="2902,2872 2992,2878 3081,2878 3171,2872 3260,2866"/>
                <TextEquiv>
                    <Unicode>wehr - d</Unicode>
                </TextEquiv>
            </TextLine>
            <TextLine id="tr_1_tl_19" custom="readingOrder {index:18;}">
                <Coords points="3378,2954 5640,3043 5637,2877 5526,2863 3378,2897"/>
                <Baseline points="3392,2938 3481,2944 3571,2938 3661,2944 3750,2938 3840,2938 3929,2938 4019,2944 4108,2944 4198,2944 4288,2944 4377,2944 4467,2944 4556,2944 4646,2938 4736,2938 4825,2938 4915,2938 5004,2944 5094,2938 5183,2944 5273,2944 5363,2944 5452,2944 5542,2938 5631,2944 5643,2938"/>
                <TextEquiv>
                    <Unicode>her vor diesem Ausgang gezittert hatte, jetzt mit</Unicode>
                </TextEquiv>
            </TextLine>
            <TextLine id="tr_1_tl_20" custom="readingOrder {index:19;}">
                <Coords points="2897,2986 2969,3020 3006,3009 3034,3020 3106,2986 3132,3000 3157,2986 3172,3003 3238,3006 3252,2897 3197,2897 3166,2880 3097,2920 2909,2909"/>
                <Baseline points="2914,2986 2986,2980 3075,2968 3165,2950 3254,2944"/>
                <TextEquiv>
                    <Unicode>out tie.</Unicode>
                </TextEquiv>
            </TextLine>
            <TextLine id="tr_1_tl_21" custom="readingOrder {index:20;}">
                <Coords points="3389,3172 5646,3192 5646,3052 5311,3009 3389,3029"/>
                <Baseline points="3404,3105 3410,3105 3499,3099 3589,3099 3678,3099 3768,3099 3858,3099 3947,3099 4037,3099 4126,3099 4216,3105 4306,3099 4395,3105 4485,3099 4574,3099 4664,3099 4753,3099 4843,3099 4933,3099 5022,3099 5112,3099 5201,3099 5291,3099 5381,3099 5470,3099 5560,3099 5649,3093"/>
                <TextEquiv>
                    <Unicode>einem Male war ihm, als hätte er es nicht nur er¬</Unicode>
                </TextEquiv>
            </TextLine>
            <TextLine id="tr_1_tl_22" custom="readingOrder {index:21;}">
                <Coords points="3389,3286 5683,3366 5666,3186 3389,3172"/>
                <Baseline points="3404,3260 3493,3260 3583,3260 3672,3260 3762,3260 3852,3260 3941,3260 4031,3260 4120,3260 4210,3260 4300,3260 4389,3260 4479,3260 4568,3260 4658,3260 4747,3260 4837,3260 4927,3260 5016,3260 5106,3266 5195,3260 5285,3266 5375,3260 5464,3266 5554,3266 5643,3266 5691,3260"/>
                <TextEquiv>
                    <Unicode>wartet, sondern gehofft und es war ihm beinahe, als</Unicode>
                </TextEquiv>
            </TextLine>
            <TextLine id="tr_1_tl_23" custom="readingOrder {index:22;}">
                <Coords points="3389,3441 4013,3432 4201,3506 4424,3441 5683,3461 5617,3349 5094,3315 3389,3335"/>
                <Baseline points="3404,3416 3493,3416 3583,3410 3672,3410 3762,3410 3852,3410 3941,3410 4031,3410 4120,3410 4210,3410 4300,3410 4389,3410 4479,3410 4568,3410 4658,3410 4747,3410 4837,3410 4927,3410 5016,3410 5106,3410 5195,3410 5285,3410 5375,3410 5464,3410 5554,3410 5643,3416 5691,3422"/>
                <TextEquiv>
                    <Unicode>wenn er sich sehnte die junge Frau wiederzusehen,</Unicode>
                </TextEquiv>
            </TextLine>
            <TextLine id="tr_1_tl_24" custom="readingOrder {index:23;}">
                <Coords points="3383,3638 4919,3564 5554,3646 5554,3495 5414,3481 3383,3492"/>
                <Baseline points="3398,3565 3410,3565 3499,3565 3589,3565 3678,3565 3768,3565 3858,3559 3947,3559 4037,3559 4126,3559 4216,3559 4306,3559 4395,3559 4485,3559 4574,3559 4664,3559 4753,3559 4843,3559 4933,3559 5022,3559 5112,3559 5201,3559 5291,3559 5381,3559 5470,3559 5560,3553"/>
                <TextEquiv>
                    <Unicode>an die er bisher auch in diesen Wochen beinahe</Unicode>
                </TextEquiv>
            </TextLine>
        </TextRegion>
    </Page>
</PcGts>
