4536 3658
2493 1143 2943 1302 Wm 28.III.01
1632 1238 3067 1372 Liebe gethan, ich habe Herrn allerdings gar nichts mit¬
1644 1324 3004 1435 zuleilen, will Ihnen nur für Ihren Brief denken
1666 1390 3061 1487 und ihre Grüße erwidern. Mein Bruder, der erste
1660 1462 3077 1551 in den ersten Auguste dagen nach Wien kommt, wird Theer
1652 1523 3067 1628 gewiß gerne seine juridischen Leutnisse zu diensten.
1677 1598 3072 1702 stellen. – Vorgestern war ich Vormittag im Prater
1739 1639 3040 1773 Goldmann, den ich zufällig getroffen hatte,
1691 1716 3022 1843 Ich war auch bei der Trauung der schönen Helzeg
1732 1788 2929 1892 als RepräsenAmt von "ganz Wien?
1763 1859 2922 1988 Empfehlen Sie auch deßens den leiden
1711 1945 2049 2042 dienen?
2257 1949 3009 2173 herzlichste ihr Garten
