4519 3656
2681 798 3046 955 [incompréhensible]
1561 945 3111 1099 Lei Weyrat. ohne Johanna! Dafür Treue, die
1555 1052 3177 1194 von Fichtner Nachricht geben kann. Verhältnis zwischen
1588 1151 3117 1289 Mutter und Sohn eindringlicher gestellet, in einer
1618 1248 3080 1372 Seine zwischen leiden die iung Zärtlichkeit
1612 1364 3186 1464 gezeigt, die Mutter erwähnt gelegen? Ich das Bild
1620 1430 3173 1551 das sie als junges Städchen darstellt, und das im
1620 1509 3167 1642 Lesiz Lichtner’s sein muß. Die Figur der Mutter
1618 1594 3163 1739 mehr herausgeordnisst, mehr in den Mittelpunkt
1636 1697 3125 1824 gerückt wozu auch vor einer Sinne mit Iren
1654 1772 3099 1901 Gegenheit. Der Doctor mußte anknüpfend
1648 1866 3080 1986 an den Salz. glücklich machen ist lisser als
1679 1951 3171 2091 schuldlos sein „der kranken Frau uner sagen“,
1679 2036 3151 2178 daß sie nun, wenn ihre Tat nicht als Betrug, gelten
1666 2147 3171 2260 soll, auch dafür zu sorgen habe, daß dieses Glück
1648 2218 3212 2369 nach ihrem Ableben nicht zerstört werde, daß ihr Gelt
1673 2311 3188 2458 um die Wahrheit erfahre, daß aber Gefahr droh, de¬
1681 2388 3139 2539 der Egoist Julie, wie man nur selix Bericht
1673 2489 3222 2622 entnehmen müsse. Lust zu hden scheine das Gefrie¬
1691 2578 3204 2721 ist anher ohne Rücksicht zu enthüllen, den Sohn
1666 2705 3155 2802 an sich zu reißen. Die Frau verspricht von Julien
1691 2737 3206 2901 Verſchweigenheit zu fordern! Schluß
