<?xml version="1.0" encoding="UTF-8" standalone="yes"?>
<PcGts xmlns="http://schema.primaresearch.org/PAGE/gts/pagecontent/2013-07-15" xmlns:xsi="http://www.w3.org/2001/XMLSchema-instance" xsi:schemaLocation="http://schema.primaresearch.org/PAGE/gts/pagecontent/2013-07-15 http://schema.primaresearch.org/PAGE/gts/pagecontent/2013-07-15/pagecontent.xsd">
    <Metadata>
        <Creator>prov=READ-COOP:name=TrHtr:version=2.1.0:model_id=51170:date=29_07_2023_11:09</Creator>
        <Created>2023-05-10T12:31:46.058+02:00</Created>
        <LastChange>2023-07-29T11:09:59.272+02:00</LastChange>
        <TranskribusMetadata docId="1428212" pageId="55403551" pageNr="11" tsid="131408906" status="IN_PROGRESS" userId="64420" imgUrl="https://files.transkribus.eu/Get?id=TPWIPXXEWCBIIZRRYWVPIJOA&amp;fileType=view" xmlUrl="https://files.transkribus.eu/Get?id=YDDSGLJRISXSGQBBACCQWMIZ" imageId="44678372"/>
    </Metadata>
    <Page imageFilename="1428212_0011.jpg" imageWidth="4505" imageHeight="3608">
        <ReadingOrder>
            <OrderedGroup id="ro_1711795664209" caption="Regions reading order">
                <RegionRefIndexed index="0" regionRef="tr_1"/>
            </OrderedGroup>
        </ReadingOrder>
        <TextRegion id="tr_1" custom="readingOrder {index:0;}">
            <Coords points="149,203 3832,203 3832,3298 149,3298"/>
            <TextLine id="tr_1_tl_1" custom="readingOrder {index:0;}">
                <Coords points="2419,310 2491,288 2507,305 2552,286 2596,303 2618,292 2640,308 2657,295 2764,299 2769,166 2742,181 2727,166 2686,185 2601,162 2492,188 2424,164"/>
                <Baseline points="2431,268 2458,265 2502,262 2547,259 2592,256 2637,259 2682,253 2726,253 2771,253"/>
                <TextEquiv>
                    <Unicode>6. 4 08</Unicode>
                </TextEquiv>
            </TextLine>
            <TextLine id="tr_1_tl_2" custom="readingOrder {index:1;}">
                <Coords points="1453,336 1510,325 1553,345 1591,319 1645,312 1682,345 1726,330 1761,354 1839,347 1883,318 1937,310 1939,223 1852,236 1826,222 1795,242 1778,229 1734,253 1719,238 1660,249 1632,225 1453,247"/>
                <Baseline points="1463,319 1493,322 1538,316 1582,313 1627,310 1672,310 1717,313 1762,310 1806,313 1851,316 1896,316 1941,316"/>
                <TextEquiv>
                    <Unicode>Lieber Vothur</Unicode>
                </TextEquiv>
            </TextLine>
            <TextLine id="tr_1_tl_3" custom="readingOrder {index:2;}">
                <Coords points="548,406 609,423 672,390 753,425 860,378 942,393 1008,371 1123,414 1134,288 859,281 681,327 668,312 556,325"/>
                <Baseline points="561,379 597,382 642,370 686,364 731,358 776,349 821,346 866,343 910,343 955,340 1000,337 1045,334 1090,334 1134,331"/>
                <TextEquiv>
                    <Unicode>15. R. 89.</Unicode>
                </TextEquiv>
            </TextLine>
            <TextLine id="tr_1_tl_4" custom="readingOrder {index:3;}">
                <Coords points="138,428 205,438 218,426 240,436 295,408 319,419 347,397 369,410 402,406 425,425 469,404 469,340 438,338 401,318 378,334 332,319 314,327 279,319 236,334 216,325 181,334 138,327"/>
                <Baseline points="149,388 161,385 206,385 250,385 295,385 340,385 385,385 430,385 474,382"/>
                <TextEquiv>
                    <Unicode>Sibussbort</Unicode>
                </TextEquiv>
            </TextLine>
            <TextLine id="tr_1_tl_5" custom="readingOrder {index:4;}">
                <Coords points="1892,426 2164,412 2369,460 2452,419 2504,445 2648,408 2854,434 2854,351 2766,338 2288,356 2199,310 2092,380 1892,345"/>
                <Baseline points="1903,409 1950,403 1995,403 2039,403 2084,409 2129,406 2174,406 2219,406 2263,403 2308,403 2353,403 2398,400 2443,400 2487,397 2532,400 2577,400 2622,400 2667,403 2711,403 2756,406 2801,409 2846,415 2858,412"/>
                <TextEquiv>
                    <Unicode>gelte hatte mich verne leßt.</Unicode>
                </TextEquiv>
            </TextLine>
            <TextLine id="tr_1_tl_6" custom="readingOrder {index:5;}">
                <Coords points="1431,441 1475,445 1549,415 1615,445 1638,425 1678,434 1713,404 1734,417 1837,404 1837,388 1774,371 1726,329 1680,345 1652,319 1571,364 1536,334 1433,360"/>
                <Baseline points="1442,427 1487,406 1532,400 1577,400 1620,420 1620,420 1657,409 1702,403 1747,403 1792,403 1839,403"/>
                <TextEquiv>
                    <Unicode>das schon</Unicode>
                </TextEquiv>
            </TextLine>
            <TextLine id="tr_1_tl_7" custom="readingOrder {index:6;}">
                <Coords points="1632,456 1656,454 1667,462 1691,443 1726,465 1759,452 1780,460 1796,450 1807,456 1839,445 1841,399 1795,412 1789,406 1774,414 1761,408 1745,417 1713,406 1689,426 1634,414"/>
                <Baseline points="1642,445 1666,442 1711,442 1756,442 1801,445 1843,423"/>
                <TextEquiv>
                    <Unicode>frühzig sch</Unicode>
                </TextEquiv>
            </TextLine>
            <TextLine id="tr_1_tl_8" custom="readingOrder {index:7;}">
                <Coords points="3294,465 3347,473 3371,458 3384,462 3403,447 3441,469 3454,460 3467,462 3467,397 3451,397 3438,406 3399,386 3382,401 3366,404 3345,399 3327,382 3308,390 3292,386"/>
                <Baseline points="3303,436 3348,436 3392,436 3437,436 3470,439"/>
                <TextEquiv>
                    <Unicode>Wetter</Unicode>
                </TextEquiv>
            </TextLine>
            <TextLine id="tr_1_tl_9" custom="readingOrder {index:8;}">
                <Coords points="190,539 432,522 497,548 637,502 714,545 774,511 855,524 925,476 986,506 1051,478 1123,532 1217,511 1222,406 1006,436 903,395 842,441 785,425 639,473 489,432 380,462 196,439"/>
                <Baseline points="200,525 235,522 280,519 325,516 370,513 415,510 459,507 504,507 549,504 594,501 639,498 683,495 728,489 773,483 818,483 863,480 907,477 952,474 997,474 1042,471 1087,468 1131,465 1176,462 1221,468"/>
                <TextEquiv>
                    <Unicode>Lieber Arthur, ich freue auch!</Unicode>
                </TextEquiv>
            </TextLine>
            <TextLine id="tr_1_tl_10" custom="readingOrder {index:9;}">
                <Coords points="1423,530 1802,482 2214,528 2284,487 2417,511 2483,480 2648,528 2714,510 2714,419 2365,458 2079,408 1870,460 1634,458 1549,414 1423,447"/>
                <Baseline points="1433,483 1478,480 1523,477 1568,477 1612,477 1657,477 1702,480 1747,480 1792,474 1836,471 1881,471 1926,471 1971,471 2016,471 2060,471 2105,474 2150,480 2195,480 2240,480 2284,480 2329,480 2374,477 2419,474 2464,474 2508,474 2553,474 2598,483 2643,483 2688,489 2717,492"/>
                <TextEquiv>
                    <Unicode>früher und als Thon geeumalischen</Unicode>
                </TextEquiv>
            </TextLine>
            <TextLine id="tr_1_tl_11" custom="readingOrder {index:10;}">
                <Coords points="3166,515 3222,530 3288,511 3371,535 3458,506 3532,519 3589,502 3589,450 3513,462 3473,436 3432,467 3401,447 3336,473 3288,450 3238,473 3164,441"/>
                <Baseline points="3177,507 3189,504 3234,498 3279,495 3324,495 3369,498 3413,498 3458,498 3503,501 3548,501 3593,501"/>
                <TextEquiv>
                    <Unicode>er nicht übel</Unicode>
                </TextEquiv>
            </TextLine>
            <TextLine id="tr_1_tl_12" custom="readingOrder {index:11;}">
                <Coords points="1462,561 2201,552 2260,594 2659,598 2780,583 2780,495 2609,530 2293,486 2214,528 2164,497 1944,535 1673,489 1462,537"/>
                <Baseline points="1472,561 1517,558 1562,555 1606,555 1651,555 1696,555 1741,555 1786,555 1830,555 1875,555 1920,555 1965,555 2010,552 2054,552 2099,552 2144,552 2189,552 2234,546 2278,552 2323,549 2368,546 2413,549 2458,552 2502,552 2547,552 2592,552 2637,555 2682,558 2726,558 2771,561 2783,564"/>
                <TextEquiv>
                    <Unicode>Torte kam, was ich nicht mehr</Unicode>
                </TextEquiv>
            </TextLine>
            <TextLine id="tr_1_tl_13" custom="readingOrder {index:12;}">
                <Coords points="3063,617 3120,598 3148,613 3238,576 3386,604 3436,604 3467,580 3532,594 3600,563 3657,583 3659,521 3604,513 3567,543 3521,511 3493,524 3416,510 3371,535 3321,534 3286,510 3222,530 3181,513 3065,548"/>
                <Baseline points="3073,579 3082,579 3127,573 3171,570 3216,570 3261,567 3306,564 3351,564 3395,564 3440,561 3485,561 3530,561 3575,561 3619,561 3664,561"/>
                <TextEquiv>
                    <Unicode>freundliche Einladung</Unicode>
                </TextEquiv>
            </TextLine>
            <TextLine id="tr_1_tl_14" custom="readingOrder {index:13;}">
                <Coords points="185,626 343,654 589,600 668,655 757,604 803,635 1027,567 1152,606 1235,580 1239,506 1150,550 927,476 812,548 430,524 188,559"/>
                <Baseline points="197,606 209,603 253,606 298,606 343,609 388,606 433,600 477,600 522,594 567,591 612,588 657,585 701,582 746,579 791,573 836,570 881,570 925,567 970,564 1015,567 1060,564 1105,564 1149,561 1194,561 1239,573"/>
                <TextEquiv>
                    <Unicode>daß Ihr Wunsch erfüllt wurde</Unicode>
                </TextEquiv>
            </TextLine>
            <TextLine id="tr_1_tl_15" custom="readingOrder {index:14;}">
                <Coords points="3067,654 3166,683 3246,639 3294,657 3388,646 3436,670 3491,637 3720,637 3722,583 3663,578 3619,607 3512,580 3388,604 3238,576 3152,615 3068,604"/>
                <Baseline points="3076,642 3100,639 3145,639 3189,636 3234,636 3279,636 3324,636 3369,636 3413,633 3458,633 3503,630 3548,633 3593,633 3637,627 3682,627 3727,624"/>
                <TextEquiv>
                    <Unicode>nicht annehmen. Sie</Unicode>
                </TextEquiv>
            </TextLine>
            <TextLine id="tr_1_tl_16" custom="readingOrder {index:15;}">
                <Coords points="1505,690 2009,641 2071,683 2232,630 2446,687 2812,683 2832,580 2579,618 2171,550 1505,583"/>
                <Baseline points="1514,633 1559,627 1603,630 1648,633 1693,636 1738,636 1783,639 1827,639 1872,642 1917,639 1962,636 2007,633 2051,633 2096,633 2141,630 2186,630 2231,627 2275,630 2320,633 2365,633 2410,630 2455,633 2499,636 2544,639 2589,642 2634,648 2679,648 2723,648 2768,645 2813,648 2834,654"/>
                <TextEquiv>
                    <Unicode>zu Hause. Als ich dann gegen 9 Uhr</Unicode>
                </TextEquiv>
            </TextLine>
            <TextLine id="tr_1_tl_17" custom="readingOrder {index:16;}">
                <Coords points="214,711 277,731 478,694 524,729 578,694 679,714 733,681 770,709 866,668 916,702 1019,659 1193,678 1196,587 1080,644 860,617 665,657 216,642"/>
                <Baseline points="224,692 256,695 301,695 346,692 391,692 436,689 480,683 525,680 570,680 615,677 660,675 704,672 749,669 794,666 839,666 884,666 928,663 973,660 1018,660 1063,657 1108,660 1152,657 1197,657"/>
                <TextEquiv>
                    <Unicode>daß alles gut gegangen ist</Unicode>
                </TextEquiv>
            </TextLine>
            <TextLine id="tr_1_tl_18" custom="readingOrder {index:17;}">
                <Coords points="3072,735 3192,716 3218,738 3257,711 3323,711 3397,750 3447,724 3589,748 3665,716 3696,733 3726,724 3729,637 3467,642 3438,670 3318,644 3198,683 3074,659"/>
                <Baseline points="3085,710 3106,707 3151,704 3195,701 3240,701 3285,698 3330,695 3375,695 3419,692 3464,692 3509,689 3554,695 3599,692 3643,692 3688,689 3733,689"/>
                <TextEquiv>
                    <Unicode>gung bin ich als Gestreng</Unicode>
                </TextEquiv>
            </TextLine>
            <TextLine id="tr_1_tl_19" custom="readingOrder {index:18;}">
                <Coords points="1525,772 1756,726 1972,772 2107,720 2804,748 2836,678 2258,661 2217,690 1983,644 1525,681"/>
                <Baseline points="1535,725 1579,719 1624,719 1669,719 1714,722 1759,722 1804,722 1848,719 1893,722 1938,722 1983,722 2028,722 2072,719 2117,719 2162,719 2207,716 2252,716 2296,716 2341,716 2386,716 2431,716 2476,716 2520,716 2565,719 2610,719 2655,719 2700,719 2744,719 2789,719 2834,725 2840,725"/>
                <TextEquiv>
                    <Unicode>ihre Kar'e vorhand, war es natürlich</Unicode>
                </TextEquiv>
            </TextLine>
            <TextLine id="tr_1_tl_20" custom="readingOrder {index:19;}">
                <Coords points="220,798 570,764 716,772 768,807 864,750 1126,742 1132,668 1069,685 1021,661 943,707 870,668 733,738 624,702 508,740 410,748 373,716 222,753"/>
                <Baseline points="229,782 235,782 280,782 325,779 370,779 415,776 459,770 504,767 549,764 594,761 639,758 683,758 728,758 773,752 818,749 863,746 907,743 952,743 997,740 1042,737 1087,734 1131,734"/>
                <TextEquiv>
                    <Unicode>und prätulie ihrer Rau¬</Unicode>
                </TextEquiv>
            </TextLine>
            <TextLine id="tr_1_tl_21" custom="readingOrder {index:20;}">
                <Coords points="3092,799 3244,764 3353,783 3609,768 3748,818 3785,803 3785,714 3696,733 3665,716 3591,748 3449,722 3397,750 3321,711 3218,738 3146,716 3092,738"/>
                <Baseline points="3103,767 3118,767 3162,767 3207,764 3252,764 3297,764 3342,764 3386,764 3431,764 3476,764 3521,764 3566,764 3610,761 3655,761 3700,761 3745,761 3790,761"/>
                <TextEquiv>
                    <Unicode>zu verwenden und auch</Unicode>
                </TextEquiv>
            </TextLine>
            <TextLine id="tr_1_tl_22" custom="readingOrder {index:21;}">
                <Coords points="1531,846 1968,796 2786,818 2808,727 2480,766 2398,722 2062,731 1887,785 1793,731 1654,733 1531,785"/>
                <Baseline points="1541,806 1559,800 1603,797 1648,797 1693,800 1738,797 1783,797 1827,800 1872,800 1917,797 1962,797 2007,794 2051,794 2096,794 2141,794 2186,794 2231,794 2275,800 2320,797 2365,797 2410,797 2455,794 2499,791 2544,791 2589,791 2634,794 2679,797 2723,797 2768,797 2813,803"/>
                <TextEquiv>
                    <Unicode>zu schät. Ich danke Ihnen bestens</Unicode>
                </TextEquiv>
            </TextLine>
            <TextLine id="tr_1_tl_23" custom="readingOrder {index:22;}">
                <Coords points="3107,864 3209,835 3277,859 3382,836 3428,870 3606,835 3687,866 3813,857 3813,792 3659,798 3552,768 3478,796 3440,774 3244,764 3187,798 3107,798"/>
                <Baseline points="3118,833 3145,830 3189,833 3234,836 3279,833 3324,833 3369,830 3413,827 3458,827 3503,830 3548,827 3593,830 3637,830 3682,830 3727,830 3772,827 3817,824"/>
                <TextEquiv>
                    <Unicode>dem Essen gerne ein und</Unicode>
                </TextEquiv>
            </TextLine>
            <TextLine id="tr_1_tl_24" custom="readingOrder {index:23;}">
                <Coords points="212,886 364,859 408,901 447,868 572,855 633,888 674,853 740,910 931,836 936,755 820,774 774,809 670,772 600,820 417,775 314,831 282,814 216,840"/>
                <Baseline points="224,863 265,863 310,860 355,860 400,854 445,851 489,848 534,845 579,845 624,845 669,842 713,839 758,836 803,833 848,830 893,827 937,830"/>
                <TextEquiv>
                    <Unicode>und Ihnen herzlichst</Unicode>
                </TextEquiv>
            </TextLine>
            <TextLine id="tr_1_tl_25" custom="readingOrder {index:24;}">
                <Coords points="1510,932 2031,875 2143,949 2288,879 2457,910 2612,873 2690,912 2764,877 2766,820 2598,849 2540,799 2336,840 2143,805 1988,835 1937,803 1830,859 1726,818 1678,855 1612,822 1512,840"/>
                <Baseline points="1520,902 1559,899 1603,893 1648,890 1693,890 1738,887 1783,887 1827,884 1872,884 1917,881 1962,878 2007,878 2051,875 2096,875 2141,875 2186,872 2231,878 2275,878 2320,875 2365,872 2410,872 2455,872 2499,869 2544,866 2589,866 2634,866 2679,869 2723,869 2768,875"/>
                <TextEquiv>
                    <Unicode>für Ihre freundliche Absicht und</Unicode>
                </TextEquiv>
            </TextLine>
            <TextLine id="tr_1_tl_26" custom="readingOrder {index:25;}">
                <Coords points="257,991 404,932 515,990 624,921 713,962 908,895 975,942 1027,901 1165,881 1169,827 1019,862 947,820 844,888 744,907 665,862 633,888 567,860 445,870 410,899 266,875"/>
                <Baseline points="271,946 274,946 319,937 364,934 409,931 453,928 498,928 543,925 588,922 633,919 677,922 722,922 767,913 812,907 857,899 902,896 946,890 991,887 1036,884 1081,881 1126,875 1170,875"/>
                <TextEquiv>
                    <Unicode>sänktlich ist sie übrigens</Unicode>
                </TextEquiv>
            </TextLine>
            <TextLine id="tr_1_tl_27" custom="readingOrder {index:26;}">
                <Coords points="3122,953 3325,908 3382,929 3458,901 3585,899 3663,929 3737,905 3827,919 3827,866 3794,849 3702,860 3615,835 3460,849 3434,873 3390,846 3321,875 3207,835 3122,857"/>
                <Baseline points="3133,904 3159,902 3204,899 3249,899 3294,902 3339,899 3383,899 3428,896 3473,896 3518,899 3563,896 3608,899 3652,902 3697,902 3742,902 3787,902 3832,899"/>
                <TextEquiv>
                    <Unicode>schlechtem Wetter über will.</Unicode>
                </TextEquiv>
            </TextLine>
            <TextLine id="tr_1_tl_28" custom="readingOrder {index:27;}">
                <Coords points="1531,1030 1634,990 2062,1021 2166,971 2208,1008 2393,953 2732,1030 2808,1015 2810,903 2612,873 2496,931 2313,883 2138,945 2033,883 1966,921 1759,901 1658,949 1531,942"/>
                <Baseline points="1541,982 1559,979 1603,973 1648,967 1693,967 1738,964 1783,967 1827,970 1872,967 1917,967 1962,967 2007,964 2051,961 2096,961 2141,958 2186,952 2231,949 2275,946 2320,949 2365,949 2410,946 2455,946 2499,949 2544,952 2589,955 2634,958 2679,961 2723,964 2768,967 2813,973"/>
                <TextEquiv>
                    <Unicode>greiße Thon Frau und Sie herzlichst.</Unicode>
                </TextEquiv>
            </TextLine>
            <TextLine id="tr_1_tl_29" custom="readingOrder {index:28;}">
                <Coords points="260,1065 325,1019 406,1054 534,1001 757,1019 871,966 908,990 1095,958 1178,975 1182,927 1032,901 953,947 803,929 703,966 624,923 521,990 434,955 345,991 268,979"/>
                <Baseline points="274,1018 289,1015 334,1015 379,1012 424,1012 468,1009 513,1003 558,1000 603,994 648,988 692,988 737,982 782,979 827,973 872,967 916,964 961,967 1006,964 1051,964 1096,958 1140,955 1185,958"/>
                <TextEquiv>
                    <Unicode>gewesen, die junge deine</Unicode>
                </TextEquiv>
            </TextLine>
            <TextLine id="tr_1_tl_30" custom="readingOrder {index:29;}">
                <Coords points="3140,988 3262,984 3299,962 3401,990 3519,960 3584,1003 3644,975 3724,1015 3785,1010 3785,918 3755,908 3663,927 3585,899 3452,899 3340,929 3303,914 3168,947 3140,936"/>
                <Baseline points="3151,970 3159,967 3204,964 3249,961 3294,958 3339,958 3383,958 3428,955 3473,958 3518,958 3563,961 3608,964 3652,964 3697,964 3742,967 3787,967"/>
                <TextEquiv>
                    <Unicode>weil mein Katarrh in 1</Unicode>
                </TextEquiv>
            </TextLine>
            <TextLine id="tr_1_tl_31" custom="readingOrder {index:30;}">
                <Coords points="2304,1060 2317,1058 2328,1067 2336,1058 2361,1056 2398,1071 2422,1065 2406,953 2395,953 2384,966 2365,955 2352,956 2323,979 2293,982"/>
                <Baseline points="2308,1015 2353,1018 2398,1027 2422,1030"/>
                <TextEquiv>
                    <Unicode>2h</Unicode>
                </TextEquiv>
            </TextLine>
            <TextLine id="tr_1_tl_32" custom="readingOrder {index:31;}">
                <Coords points="3157,1071 3214,1065 3268,1086 3321,1047 3371,1062 3404,1045 3495,1097 3556,1065 3611,1084 3704,1082 3700,995 3620,1014 3534,967 3441,982 3423,969 3401,990 3355,975 3334,990 3187,975 3155,988"/>
                <Baseline points="3168,1036 3213,1033 3258,1033 3303,1030 3348,1027 3392,1030 3437,1030 3482,1033 3527,1036 3572,1039 3616,1042 3661,1048 3706,1057"/>
                <TextEquiv>
                    <Unicode>Eutsch sein. Gerzlichst</Unicode>
                </TextEquiv>
            </TextLine>
            <TextLine id="tr_1_tl_33" custom="readingOrder {index:32;}">
                <Coords points="268,1104 463,1078 543,1102 716,1058 812,1093 991,1056 1062,1086 1206,1041 1207,1008 871,966 772,1027 613,1045 558,1010 414,1062 340,1030 271,1052"/>
                <Baseline points="277,1093 313,1090 358,1087 403,1087 448,1081 492,1078 537,1072 582,1072 627,1063 672,1060 716,1054 761,1051 806,1051 851,1042 896,1042 940,1042 985,1039 1030,1036 1075,1033 1120,1030 1164,1030 1209,1030"/>
                <TextEquiv>
                    <Unicode>das muß man ihr Classen.</Unicode>
                </TextEquiv>
            </TextLine>
            <TextLine id="tr_1_tl_34" custom="readingOrder {index:33;}">
                <Coords points="2197,1182 2598,1172 2592,1030 2559,1043 2518,1027 2474,1054 2454,1043 2422,1052 2402,1071 2282,1027 2249,1047 2191,1041"/>
                <Baseline points="2204,1099 2249,1102 2293,1108 2338,1108 2383,1108 2428,1108 2473,1108 2517,1111 2562,1120 2601,1126"/>
                <TextEquiv>
                    <Unicode>Gustav</Unicode>
                </TextEquiv>
            </TextLine>
            <TextLine id="tr_1_tl_35" custom="readingOrder {index:34;}">
                <Coords points="2552,1361 2607,1350 2646,1324 2720,1331 2821,1307 2860,1335 2919,1339 2921,1228 2864,1211 2832,1226 2816,1209 2780,1204 2718,1228 2692,1217 2666,1226 2644,1215 2622,1230 2553,1219"/>
                <Baseline points="2562,1314 2565,1317 2610,1314 2655,1308 2700,1305 2744,1305 2789,1308 2834,1305 2879,1305 2924,1311"/>
                <TextEquiv>
                    <Unicode>17. [1]07</Unicode>
                </TextEquiv>
            </TextLine>
            <TextLine id="tr_1_tl_36" custom="readingOrder {index:35;}">
                <Coords points="1204,1390 1226,1398 1285,1375 1340,1383 1396,1364 1484,1383 1510,1366 1529,1370 1534,1267 1418,1287 1211,1239"/>
                <Baseline points="1215,1367 1221,1364 1266,1364 1311,1364 1355,1358 1400,1355 1445,1353 1490,1355 1535,1353"/>
                <TextEquiv>
                    <Unicode>19. V '09</Unicode>
                </TextEquiv>
            </TextLine>
            <TextLine id="tr_1_tl_37" custom="readingOrder {index:36;}">
                <Coords points="1713,1411 1745,1422 1787,1401 1815,1418 1894,1412 1927,1433 1985,1416 2018,1447 2084,1420 2201,1416 2201,1348 2156,1357 2057,1337 2025,1359 1972,1337 1894,1351 1850,1344 1819,1316 1713,1300"/>
                <Baseline points="1723,1397 1768,1394 1812,1394 1857,1394 1902,1397 1947,1400 1992,1397 2036,1397 2081,1394 2126,1394 2171,1394 2204,1400"/>
                <TextEquiv>
                    <Unicode>Leiler Urtherr!</Unicode>
                </TextEquiv>
            </TextLine>
            <TextLine id="tr_1_tl_38" custom="readingOrder {index:37;}">
                <Coords points="166,1444 1521,1457 1519,1387 1453,1374 1228,1396 947,1350 742,1392 164,1344"/>
                <Baseline points="176,1421 221,1421 265,1421 310,1421 355,1424 400,1424 445,1427 489,1424 534,1424 579,1424 624,1427 669,1430 713,1430 758,1430 803,1427 848,1427 893,1427 937,1427 982,1433 1027,1436 1072,1436 1117,1436 1161,1436 1206,1439 1251,1442 1296,1442 1341,1442 1385,1442 1430,1442 1475,1445 1520,1448 1526,1448"/>
                <TextEquiv>
                    <Unicode>Zieler Arthur, es ist wirklich sehr lieb, daß Sie</Unicode>
                </TextEquiv>
            </TextLine>
            <TextLine id="tr_1_tl_39" custom="readingOrder {index:38;}">
                <Coords points="1647,1497 3113,1484 3115,1383 2841,1442 2624,1392 2001,1451 1649,1390"/>
                <Baseline points="1657,1493 1684,1487 1729,1487 1774,1487 1818,1487 1863,1484 1908,1484 1953,1484 1998,1481 2042,1475 2087,1472 2132,1472 2177,1472 2222,1469 2266,1466 2311,1463 2356,1466 2401,1469 2446,1466 2490,1466 2535,1469 2580,1469 2625,1466 2670,1466 2714,1466 2759,1466 2804,1463 2849,1463 2894,1463 2938,1460 2983,1457 3028,1460 3073,1460 3118,1463"/>
                <TextEquiv>
                    <Unicode>Ich war eine Woche in Graz, meine An¬</Unicode>
                </TextEquiv>
            </TextLine>
            <TextLine id="tr_1_tl_40" custom="readingOrder {index:39;}">
                <Coords points="186,1529 593,1501 642,1545 794,1507 997,1558 1510,1538 1490,1459 1353,1490 1196,1447 955,1484 879,1436 676,1471 624,1436 185,1453"/>
                <Baseline points="194,1493 238,1493 283,1493 328,1493 373,1493 418,1496 462,1496 507,1496 552,1499 597,1499 642,1502 686,1502 731,1505 776,1505 821,1505 866,1505 910,1505 955,1505 1000,1508 1045,1511 1090,1514 1134,1517 1179,1517 1224,1517 1269,1520 1314,1520 1358,1517 1403,1517 1448,1520 1493,1526 1514,1526"/>
                <TextEquiv>
                    <Unicode>sich in dieser Sache so bemühen. Da Sie das</Unicode>
                </TextEquiv>
            </TextLine>
            <TextLine id="tr_1_tl_41" custom="readingOrder {index:40;}">
                <Coords points="1747,1543 3056,1566 3104,1562 3105,1486 1747,1495"/>
                <Baseline points="1756,1541 1765,1541 1809,1550 1854,1550 1899,1547 1944,1547 1989,1541 2033,1538 2078,1538 2123,1535 2168,1535 2213,1532 2257,1529 2302,1532 2347,1532 2392,1532 2437,1532 2481,1529 2526,1526 2571,1526 2616,1526 2661,1529 2706,1529 2750,1526 2795,1526 2840,1526 2885,1523 2930,1523 2974,1526 3019,1523 3064,1526 3109,1526"/>
                <TextEquiv>
                    <Unicode>Wesenheit war dich notwendig. Emil ist geht</Unicode>
                </TextEquiv>
            </TextLine>
            <TextLine id="tr_1_tl_42" custom="readingOrder {index:41;}">
                <Coords points="203,1586 1237,1586 1283,1627 1464,1603 1580,1645 1579,1549 1529,1532 997,1558 818,1508 650,1545 201,1516"/>
                <Baseline points="212,1559 256,1562 301,1568 346,1568 391,1571 436,1568 480,1568 525,1571 570,1571 615,1574 660,1574 704,1571 749,1571 794,1571 839,1571 884,1571 928,1574 973,1574 1018,1577 1063,1577 1108,1579 1152,1579 1197,1582 1242,1585 1287,1585 1332,1588 1376,1588 1421,1591 1466,1591 1511,1597 1556,1600 1585,1603"/>
                <TextEquiv>
                    <Unicode>Meine Mädchen nicht kann, muß ich schon Bemühung</Unicode>
                </TextEquiv>
            </TextLine>
            <TextLine id="tr_1_tl_43" custom="readingOrder {index:42;}">
                <Coords points="1651,1638 2577,1599 2982,1599 3032,1634 3089,1627 3091,1553 2193,1553 2009,1593 1652,1518"/>
                <Baseline points="1660,1603 1705,1597 1750,1600 1795,1603 1839,1609 1884,1609 1929,1609 1974,1606 2019,1606 2063,1606 2108,1603 2153,1603 2198,1603 2243,1603 2287,1600 2332,1600 2377,1600 2422,1600 2467,1597 2511,1597 2556,1597 2601,1594 2646,1594 2691,1594 2735,1591 2780,1588 2825,1588 2870,1588 2915,1585 2959,1588 3004,1591 3049,1594 3094,1600"/>
                <TextEquiv>
                    <Unicode>in Rekonvalescentenheim in Eggenberg.</Unicode>
                </TextEquiv>
            </TextLine>
            <TextLine id="tr_1_tl_44" custom="readingOrder {index:43;}">
                <Coords points="190,1654 901,1652 967,1693 1063,1654 1134,1697 1285,1656 1381,1704 1519,1675 1490,1591 1283,1627 1235,1586 1141,1617 1021,1582 907,1630 781,1591 565,1623 188,1584"/>
                <Baseline points="200,1630 244,1630 289,1633 334,1633 379,1633 424,1633 468,1633 513,1630 558,1636 603,1639 648,1642 692,1642 737,1642 782,1642 827,1642 872,1642 916,1645 961,1645 1006,1645 1051,1648 1096,1645 1140,1648 1185,1648 1230,1651 1275,1654 1320,1654 1364,1657 1409,1660 1454,1663 1499,1669 1523,1675"/>
                <TextEquiv>
                    <Unicode>als eine nur erwiesene Geselligkeit ansehen,</Unicode>
                </TextEquiv>
            </TextLine>
            <TextLine id="tr_1_tl_45" custom="readingOrder {index:44;}">
                <Coords points="1728,1671 2094,1708 2374,1662 2489,1699 2679,1660 3113,1675 3083,1623 2924,1608 2664,1638 2481,1601 2345,1652 1728,1619"/>
                <Baseline points="1738,1660 1783,1666 1827,1666 1872,1669 1917,1669 1962,1669 2007,1669 2051,1666 2096,1666 2141,1666 2186,1666 2231,1666 2275,1666 2320,1666 2365,1663 2410,1660 2455,1663 2499,1660 2544,1660 2589,1657 2634,1657 2679,1657 2723,1657 2768,1654 2813,1654 2858,1654 2903,1654 2947,1654 2992,1657 3037,1657 3082,1660 3118,1663"/>
                <TextEquiv>
                    <Unicode>Mit diesem Greper=Ausflug dürfte meinen</Unicode>
                </TextEquiv>
            </TextLine>
            <TextLine id="tr_1_tl_46" custom="readingOrder {index:45;}">
                <Coords points="172,1743 404,1700 594,1750 657,1715 818,1752 1303,1726 1407,1782 1580,1785 1577,1708 1451,1675 1377,1708 1303,1667 1132,1697 1041,1662 951,1700 707,1645 170,1649"/>
                <Baseline points="182,1699 226,1699 271,1702 316,1702 361,1702 406,1702 451,1705 495,1708 540,1708 585,1711 630,1714 675,1714 719,1714 764,1717 809,1717 854,1717 899,1720 943,1723 988,1726 1033,1723 1078,1723 1123,1723 1167,1720 1212,1720 1257,1723 1302,1726 1347,1735 1391,1738 1436,1747 1481,1753 1526,1759 1571,1771 1585,1777"/>
                <TextEquiv>
                    <Unicode>und denke ihnen bestens. Vor einem begeister¬</Unicode>
                </TextEquiv>
            </TextLine>
            <TextLine id="tr_1_tl_47" custom="readingOrder {index:46;}">
                <Coords points="1658,1774 1876,1732 3044,1750 3144,1700 2677,1662 1896,1706 1660,1658"/>
                <Baseline points="1669,1723 1714,1726 1759,1729 1804,1729 1848,1729 1893,1729 1938,1729 1983,1729 2028,1726 2072,1726 2117,1726 2162,1726 2207,1726 2252,1726 2296,1726 2341,1723 2386,1720 2431,1720 2476,1717 2520,1720 2565,1720 2610,1717 2655,1717 2700,1717 2744,1717 2789,1717 2834,1720 2879,1720 2924,1720 2968,1723 3013,1720 3058,1723 3103,1723 3145,1726"/>
                <TextEquiv>
                    <Unicode>Sännerplänen wahrscheinlich ein Ziel gesetzt sein</Unicode>
                </TextEquiv>
            </TextLine>
            <TextLine id="tr_1_tl_48" custom="readingOrder {index:47;}">
                <Coords points="216,1817 373,1783 473,1837 556,1787 785,1828 1183,1796 1503,1855 1499,1778 1374,1798 1115,1724 787,1739 729,1776 412,1700 354,1741 271,1710 214,1741"/>
                <Baseline points="226,1771 271,1777 316,1780 361,1780 406,1780 451,1780 495,1783 540,1786 585,1786 630,1789 675,1789 719,1792 764,1792 809,1795 854,1795 899,1795 943,1795 988,1795 1033,1795 1078,1795 1123,1795 1167,1798 1212,1798 1257,1801 1302,1804 1347,1812 1391,1818 1436,1821 1481,1833 1505,1836"/>
                <TextEquiv>
                    <Unicode>ten Dankschreiben von Tante und Nichte habe</Unicode>
                </TextEquiv>
            </TextLine>
            <TextLine id="tr_1_tl_49" custom="readingOrder {index:48;}">
                <Coords points="1704,1783 2007,1830 2134,1785 2749,1813 2998,1793 3015,1730 1704,1758"/>
                <Baseline points="1714,1771 1759,1780 1804,1783 1848,1783 1893,1786 1938,1789 1983,1792 2028,1792 2072,1786 2117,1786 2162,1783 2207,1783 2252,1786 2296,1783 2341,1783 2386,1783 2431,1783 2476,1783 2520,1780 2565,1780 2610,1780 2655,1777 2700,1777 2744,1780 2789,1777 2834,1780 2879,1777 2924,1777 2968,1780 3013,1780 3019,1780"/>
                <TextEquiv>
                    <Unicode>indessen, man soll nichts verschwören.</Unicode>
                </TextEquiv>
            </TextLine>
            <TextLine id="tr_1_tl_50" custom="readingOrder {index:49;}">
                <Coords points="1724,1865 2734,1839 3122,1879 3142,1795 1726,1795"/>
                <Baseline points="1735,1839 1780,1842 1824,1842 1869,1845 1914,1845 1959,1848 2004,1848 2048,1845 2093,1842 2138,1839 2183,1839 2228,1839 2272,1839 2317,1839 2362,1839 2407,1842 2452,1842 2496,1842 2541,1839 2586,1839 2631,1839 2676,1836 2720,1839 2765,1836 2810,1839 2855,1836 2900,1839 2944,1836 2989,1836 3034,1836 3079,1836 3124,1842 3145,1845"/>
                <TextEquiv>
                    <Unicode>Paul III. hat mir einen Abschiedsbesuch gemacht,</Unicode>
                </TextEquiv>
            </TextLine>
            <TextLine id="tr_1_tl_51" custom="readingOrder {index:50;}">
                <Coords points="198,1892 484,1854 729,1913 823,1863 881,1907 1043,1865 1130,1902 1172,1874 1435,1909 1433,1848 1320,1857 1252,1815 833,1841 598,1796 452,1839 375,1783 321,1820 194,1782"/>
                <Baseline points="206,1845 250,1848 295,1848 340,1851 385,1848 430,1857 474,1854 519,1851 564,1854 609,1857 654,1857 698,1857 743,1860 788,1863 833,1860 878,1860 922,1860 967,1866 1012,1866 1057,1866 1102,1869 1146,1869 1191,1872 1236,1875 1281,1878 1326,1878 1370,1881 1415,1884 1439,1890"/>
                <TextEquiv>
                    <Unicode>ich Sie bis geht geschüßt, aber auf</Unicode>
                </TextEquiv>
            </TextLine>
            <TextLine id="tr_1_tl_52" custom="readingOrder {index:51;}">
                <Coords points="1662,1927 2692,1894 2937,1937 3092,1911 3094,1846 1662,1859"/>
                <Baseline points="1672,1905 1708,1905 1753,1902 1798,1905 1842,1905 1887,1905 1932,1905 1977,1908 2022,1905 2066,1902 2111,1902 2156,1899 2201,1902 2246,1902 2290,1899 2335,1899 2380,1899 2425,1899 2470,1896 2514,1899 2559,1896 2604,1896 2649,1893 2694,1893 2738,1893 2783,1890 2828,1893 2873,1893 2918,1890 2962,1893 3007,1896 3052,1896 3097,1899"/>
                <TextEquiv>
                    <Unicode>in hat er Sie aufgesucht: Ich habe ihm noch zugeredet</Unicode>
                </TextEquiv>
            </TextLine>
            <TextLine id="tr_1_tl_53" custom="readingOrder {index:52;}">
                <Coords points="210,1931 1425,1985 1423,1911 1385,1891 1309,1916 1045,1865 853,1918 401,1855 210,1902"/>
                <Baseline points="221,1923 265,1923 310,1923 355,1926 400,1926 445,1929 489,1929 534,1932 579,1932 624,1932 669,1932 713,1932 758,1932 803,1932 848,1932 893,1932 937,1932 982,1932 1027,1935 1072,1938 1117,1941 1161,1941 1206,1941 1251,1944 1296,1947 1341,1947 1385,1947 1430,1950"/>
                <TextEquiv>
                    <Unicode>die Dauer wird es sich wol nicht</Unicode>
                </TextEquiv>
            </TextLine>
            <TextLine id="tr_1_tl_54" custom="readingOrder {index:53;}">
                <Coords points="1662,1974 2614,1957 2734,1990 2849,1955 2899,1987 3063,1963 3063,1918 1662,1927"/>
                <Baseline points="1672,1956 1678,1953 1723,1959 1768,1959 1812,1962 1857,1962 1902,1962 1947,1962 1992,1959 2036,1959 2081,1959 2126,1956 2171,1959 2216,1959 2260,1959 2305,1956 2350,1956 2395,1956 2440,1956 2484,1956 2529,1953 2574,1956 2619,1956 2664,1953 2708,1956 2753,1953 2798,1953 2843,1950 2888,1953 2932,1953 2977,1950 3022,1950 3067,1950"/>
                <TextEquiv>
                    <Unicode>daß in Waldbrun Retien zu machen. – Jaffentlich war</Unicode>
                </TextEquiv>
            </TextLine>
            <TextLine id="tr_1_tl_55" custom="readingOrder {index:54;}">
                <Coords points="216,1987 325,2031 611,2014 679,2059 779,2014 942,2062 1111,2014 1263,2059 1494,2035 1492,1957 1370,2003 1259,1959 851,1988 668,1940 570,1988 445,1935 327,1964 216,1937"/>
                <Baseline points="226,1986 271,1989 316,1992 361,1995 406,1998 451,1998 495,2001 540,2004 585,2007 630,2007 675,2010 719,2010 764,2007 809,2007 854,2010 899,2010 943,2010 988,2010 1033,2010 1078,2010 1123,2013 1167,2013 1212,2013 1257,2013 1302,2013 1347,2019 1391,2019 1436,2016 1481,2019 1499,2019"/>
                <TextEquiv>
                    <Unicode>verhindern lassen. Ein streiden ist</Unicode>
                </TextEquiv>
            </TextLine>
            <TextLine id="tr_1_tl_56" custom="readingOrder {index:55;}">
                <Coords points="1665,2025 3128,2025 3128,1979 2886,1988 2849,1953 2644,1996 1665,1975"/>
                <Baseline points="1675,2010 1699,2016 1744,2016 1789,2019 1833,2019 1878,2019 1923,2019 1968,2022 2013,2022 2057,2016 2102,2013 2147,2013 2192,2013 2237,2013 2281,2013 2326,2010 2371,2010 2416,2013 2461,2013 2505,2013 2550,2013 2595,2013 2640,2013 2685,2010 2729,2007 2774,2007 2819,2007 2864,2004 2909,2004 2953,2004 2998,2004 3043,2004 3088,2001 3133,2004"/>
                <TextEquiv>
                    <Unicode>das Wetter bei Ihnen nichts ganz so erbürmlich wie</Unicode>
                </TextEquiv>
            </TextLine>
            <TextLine id="tr_1_tl_57" custom="readingOrder {index:56;}">
                <Coords points="1739,2097 3146,2084 3146,2022 3096,2007 2515,2053 2324,2011 1879,2049 1739,2020"/>
                <Baseline points="1750,2063 1795,2069 1839,2069 1884,2069 1929,2069 1974,2069 2019,2069 2063,2066 2108,2063 2153,2063 2198,2066 2243,2066 2287,2066 2332,2069 2377,2063 2422,2066 2467,2066 2511,2066 2556,2063 2601,2060 2646,2060 2691,2060 2735,2057 2780,2054 2825,2054 2870,2054 2915,2057 2959,2057 3004,2057 3049,2057 3094,2060 3139,2063 3151,2063"/>
                <TextEquiv>
                    <Unicode>hier. Überwertet seit 5 Tagen mit geparktem Stuckheit</Unicode>
                </TextEquiv>
            </TextLine>
            <TextLine id="tr_1_tl_58" custom="readingOrder {index:57;}">
                <Coords points="205,2077 537,2075 713,2127 757,2086 823,2131 979,2084 1483,2107 1481,2044 1409,2025 1272,2059 1137,2025 1010,2066 846,2016 694,2062 578,2012 205,2027"/>
                <Baseline points="215,2057 259,2060 304,2063 349,2066 394,2069 439,2069 483,2072 528,2075 573,2078 618,2078 663,2081 707,2087 752,2084 797,2081 842,2081 887,2081 931,2084 976,2084 1021,2087 1066,2087 1111,2087 1155,2087 1200,2087 1245,2087 1290,2084 1335,2084 1379,2087 1424,2087 1469,2090 1487,2090"/>
                <TextEquiv>
                    <Unicode>man von Ihrer großen Güte einfach</Unicode>
                </TextEquiv>
            </TextLine>
            <TextLine id="tr_1_tl_59" custom="readingOrder {index:58;}">
                <Coords points="1671,2127 3104,2118 3104,2070 3032,2059 2199,2099 1671,2064"/>
                <Baseline points="1681,2120 1720,2117 1765,2114 1809,2117 1854,2114 1899,2117 1944,2117 1989,2117 2033,2117 2078,2117 2123,2114 2168,2114 2213,2117 2257,2117 2302,2117 2347,2114 2392,2114 2437,2114 2481,2111 2526,2111 2571,2108 2616,2108 2661,2105 2706,2105 2750,2105 2795,2105 2840,2102 2885,2105 2930,2102 2974,2105 3019,2105 3064,2105 3109,2108"/>
                <TextEquiv>
                    <Unicode>auf günstiges Wetter zum Abreisen; er will auf den hoch¬</Unicode>
                </TextEquiv>
            </TextLine>
            <TextLine id="tr_1_tl_60" custom="readingOrder {index:59;}">
                <Coords points="205,2143 312,2179 502,2147 622,2208 703,2155 927,2147 1291,2221 1553,2208 1551,2105 975,2086 835,2131 537,2073 203,2094"/>
                <Baseline points="215,2135 259,2138 304,2141 349,2141 394,2141 439,2141 483,2141 528,2144 573,2150 618,2147 663,2147 707,2147 752,2147 797,2147 842,2144 887,2144 931,2144 976,2147 1021,2147 1066,2153 1111,2153 1155,2153 1200,2156 1245,2156 1290,2159 1335,2159 1379,2162 1424,2159 1469,2162 1514,2159 1556,2168"/>
                <TextEquiv>
                    <Unicode>entzu. v. 2. Ihre Frau und kle herzlichst grüßend</Unicode>
                </TextEquiv>
            </TextLine>
            <TextLine id="tr_1_tl_61" custom="readingOrder {index:60;}">
                <Coords points="1730,2201 2278,2166 2468,2225 3081,2216 3104,2118 1730,2134"/>
                <Baseline points="1741,2168 1762,2171 1806,2165 1851,2168 1896,2168 1941,2165 1986,2165 2030,2165 2075,2165 2120,2162 2165,2162 2210,2168 2255,2165 2299,2168 2344,2168 2389,2165 2434,2165 2479,2162 2523,2162 2568,2159 2613,2156 2658,2156 2703,2153 2747,2153 2792,2153 2837,2153 2882,2153 2927,2150 2971,2153 3016,2159 3061,2159 3106,2156"/>
                <TextEquiv>
                    <Unicode>schwaib. – Grüßen die Ihre Frau und bringen Sie mich bei Lubi¬</Unicode>
                </TextEquiv>
            </TextLine>
            <TextLine id="tr_1_tl_62" custom="readingOrder {index:61;}">
                <Coords points="1974,2221 2145,2241 2221,2223 2319,2238 2350,2228 2350,2175 2071,2167 2046,2188 2025,2173 1974,2175"/>
                <Baseline points="1983,2204 2028,2201 2072,2198 2117,2198 2162,2195 2207,2198 2252,2198 2296,2198 2341,2207 2353,2207"/>
                <TextEquiv>
                    <Unicode>in Erinnerung</Unicode>
                </TextEquiv>
            </TextLine>
            <TextLine id="tr_1_tl_63" custom="readingOrder {index:62;}">
                <Coords points="733,2251 831,2265 862,2249 971,2262 1012,2249 1038,2267 1075,2249 1128,2251 1124,2197 1091,2197 1051,2164 1023,2166 1001,2151 975,2160 919,2145 899,2166 862,2162 840,2175 807,2151 759,2158 724,2147"/>
                <Baseline points="740,2207 785,2204 830,2204 875,2207 919,2216 964,2222 1009,2225 1054,2225 1099,2228 1131,2237"/>
                <TextEquiv>
                    <Unicode>thu. Groter.</Unicode>
                </TextEquiv>
            </TextLine>
            <TextLine id="tr_1_tl_64" custom="readingOrder {index:63;}">
                <Coords points="2725,2324 2768,2328 2806,2352 2834,2345 2856,2356 2899,2336 2924,2347 2974,2339 2998,2354 3039,2326 3056,2332 3057,2252 3008,2234 2934,2252 2912,2236 2878,2240 2838,2223 2792,2247 2727,2256"/>
                <Baseline points="2735,2326 2747,2323 2792,2323 2837,2323 2882,2320 2927,2320 2971,2317 3016,2317 3061,2320"/>
                <TextEquiv>
                    <Unicode>14. VII 06</Unicode>
                </TextEquiv>
            </TextLine>
            <TextLine id="tr_1_tl_65" custom="readingOrder {index:64;}">
                <Coords points="1929,2382 1940,2384 1961,2367 2011,2360 2020,2352 2059,2358 2077,2345 2099,2356 2118,2343 2138,2350 2147,2273 2129,2264 2079,2271 2033,2260 1990,2273 1983,2265 1942,2265"/>
                <Baseline points="1941,2362 1965,2359 2010,2353 2054,2347 2099,2341 2144,2341"/>
                <TextEquiv>
                    <Unicode>P.S.</Unicode>
                </TextEquiv>
            </TextLine>
            <TextLine id="tr_1_tl_66" custom="readingOrder {index:65;}">
                <Coords points="1783,2446 2295,2398 2657,2439 2828,2387 2876,2419 3161,2398 3163,2310 2965,2363 2672,2330 2553,2369 2498,2332 2123,2391 1787,2354"/>
                <Baseline points="1795,2422 1821,2419 1866,2419 1911,2416 1956,2416 2001,2413 2045,2413 2090,2413 2135,2410 2180,2407 2225,2401 2269,2401 2314,2398 2359,2398 2404,2398 2449,2398 2493,2398 2538,2395 2583,2395 2628,2392 2673,2389 2717,2386 2762,2383 2807,2380 2852,2380 2897,2380 2941,2380 2986,2380 3031,2380 3076,2380 3121,2380 3165,2386"/>
                <TextEquiv>
                    <Unicode>Lieber Urthür, wie Sie sehen, bin ich noch in Wien</Unicode>
                </TextEquiv>
            </TextLine>
            <TextLine id="tr_1_tl_67" custom="readingOrder {index:66;}">
                <Coords points="1036,2417 1108,2437 1135,2420 1246,2428 1287,2400 1318,2419 1368,2404 1370,2306 1353,2300 1285,2324 1252,2312 1180,2326 1141,2304 1095,2328 1076,2310 1039,2312"/>
                <Baseline points="1048,2398 1060,2395 1105,2395 1149,2395 1194,2395 1239,2395 1284,2392 1329,2386 1373,2389"/>
                <TextEquiv>
                    <Unicode>10. I 09</Unicode>
                </TextEquiv>
            </TextLine>
            <TextLine id="tr_1_tl_68" custom="readingOrder {index:67;}">
                <Coords points="1811,2492 2731,2452 2803,2494 2910,2454 3168,2489 3170,2402 1813,2444"/>
                <Baseline points="1824,2479 1827,2479 1872,2481 1917,2481 1962,2479 2007,2479 2051,2476 2096,2476 2141,2473 2186,2470 2231,2470 2275,2467 2320,2464 2365,2464 2410,2464 2455,2461 2499,2461 2544,2461 2589,2458 2634,2458 2679,2455 2723,2452 2768,2449 2813,2449 2858,2449 2903,2446 2947,2443 2992,2443 3037,2440 3082,2440 3127,2443 3171,2455"/>
                <TextEquiv>
                    <Unicode>An loekenden Anerbietungen "fehlt es nicht,</Unicode>
                </TextEquiv>
            </TextLine>
            <TextLine id="tr_1_tl_69" custom="readingOrder {index:68;}">
                <Coords points="148,2504 1542,2507 1542,2433 1499,2419 517,2444 148,2400"/>
                <Baseline points="158,2487 203,2487 247,2490 292,2490 337,2490 382,2487 427,2487 471,2493 516,2493 561,2493 606,2496 651,2496 695,2493 740,2493 785,2496 830,2493 875,2493 919,2490 964,2487 1009,2487 1054,2487 1099,2484 1143,2484 1188,2484 1233,2484 1278,2487 1323,2487 1367,2487 1412,2487 1457,2487 1502,2487 1547,2490"/>
                <TextEquiv>
                    <Unicode>Teile Urlhür. ich denke Ihnen bestens für</Unicode>
                </TextEquiv>
            </TextLine>
            <TextLine id="tr_1_tl_70" custom="readingOrder {index:69;}">
                <Coords points="1791,2542 2097,2576 2216,2529 2540,2520 2620,2557 2821,2516 3116,2528 3157,2483 2921,2452 2801,2494 2614,2459 1791,2507"/>
                <Baseline points="1801,2532 1815,2532 1860,2538 1905,2541 1950,2541 1995,2538 2039,2535 2084,2532 2129,2532 2174,2532 2219,2526 2263,2523 2308,2523 2353,2520 2398,2520 2443,2520 2487,2520 2532,2517 2577,2517 2622,2514 2667,2514 2711,2514 2756,2514 2801,2511 2846,2511 2891,2511 2935,2508 2980,2505 3025,2505 3070,2505 3115,2508 3159,2511"/>
                <TextEquiv>
                    <Unicode>aber ich konnte mich noch nicht entschließen. Das Wetter</Unicode>
                </TextEquiv>
            </TextLine>
            <TextLine id="tr_1_tl_71" custom="readingOrder {index:70;}">
                <Coords points="157,2566 556,2605 932,2566 1169,2603 1261,2566 1396,2611 1540,2581 1540,2513 1464,2507 744,2513 692,2559 558,2509 157,2526"/>
                <Baseline points="167,2559 212,2559 256,2562 301,2565 346,2565 391,2565 436,2565 480,2568 525,2571 570,2571 615,2574 660,2571 704,2571 749,2565 794,2562 839,2565 884,2565 928,2562 973,2559 1018,2559 1063,2559 1108,2559 1152,2559 1197,2559 1242,2565 1287,2565 1332,2562 1376,2562 1421,2562 1466,2565 1511,2568 1544,2574"/>
                <TextEquiv>
                    <Unicode>die beiden Sohn. Es war eine recht anregende</Unicode>
                </TextEquiv>
            </TextLine>
            <TextLine id="tr_1_tl_72" custom="readingOrder {index:71;}">
                <Coords points="1806,2605 3187,2598 3187,2529 2264,2529 2099,2576 1878,2539 1807,2576"/>
                <Baseline points="1815,2598 1848,2598 1893,2601 1938,2598 1983,2595 2028,2595 2072,2595 2117,2595 2162,2592 2207,2589 2252,2586 2296,2583 2341,2583 2386,2580 2431,2577 2476,2577 2520,2577 2565,2577 2610,2577 2655,2577 2700,2574 2744,2571 2789,2574 2834,2574 2879,2574 2924,2574 2968,2571 3013,2571 3058,2571 3103,2571 3148,2574 3192,2589"/>
                <TextEquiv>
                    <Unicode>ist allerdings sehr rücksichtsvoll für die 1½ Mille an.</Unicode>
                </TextEquiv>
            </TextLine>
            <TextLine id="tr_1_tl_73" custom="readingOrder {index:72;}">
                <Coords points="2060,2688 2507,2635 3129,2660 3168,2648 3170,2590 2712,2579 2396,2622 2264,2588 2199,2631 2062,2624"/>
                <Baseline points="2073,2659 2093,2655 2138,2652 2183,2652 2228,2649 2272,2646 2317,2643 2362,2640 2407,2637 2452,2637 2496,2634 2541,2631 2586,2631 2631,2631 2676,2628 2720,2631 2765,2631 2810,2631 2855,2628 2900,2628 2944,2628 2989,2625 3034,2628 3079,2628 3124,2634 3171,2648"/>
                <TextEquiv>
                    <Unicode>sind, verült uns nicht mit sangender Hitze“,</Unicode>
                </TextEquiv>
            </TextLine>
            <TextLine id="tr_1_tl_74" custom="readingOrder {index:73;}">
                <Coords points="192,2655 1575,2666 1575,2594 1490,2570 1398,2609 1259,2564 1171,2609 938,2566 711,2609 192,2594"/>
                <Baseline points="203,2637 247,2637 292,2634 337,2631 382,2631 427,2631 471,2631 516,2631 561,2631 606,2631 651,2631 695,2628 740,2625 785,2628 830,2628 875,2628 919,2628 964,2625 1009,2625 1054,2625 1099,2628 1143,2637 1188,2634 1233,2634 1278,2634 1323,2634 1367,2634 1412,2634 1457,2637 1502,2640 1547,2643 1577,2643"/>
                <TextEquiv>
                    <Unicode>Vorstellung und bei Unatel:“ Hochzeitsmorgen</Unicode>
                </TextEquiv>
            </TextLine>
            <TextLine id="tr_1_tl_75" custom="readingOrder {index:74;}">
                <Coords points="1798,2672 1822,2673 1833,2662 1859,2668 1887,2653 1922,2659 1946,2677 1985,2679 2020,2653 2036,2662 2070,2655 2070,2603 1990,2607 1975,2600 1946,2624 1911,2625 1889,2612 1817,2612 1800,2620"/>
                <Baseline points="1809,2658 1848,2655 1893,2652 1938,2652 1983,2649 2028,2649 2073,2659"/>
                <TextEquiv>
                    <Unicode>die noch hier,</Unicode>
                </TextEquiv>
            </TextLine>
            <TextLine id="tr_1_tl_76" custom="readingOrder {index:75;}">
                <Coords points="1992,2688 1999,2690 2001,2697 2012,2694 2016,2697 2022,2696 2040,2690 2049,2694 2068,2660 2060,2655 2049,2659 2031,2660 2023,2657 2023,2651 2014,2648"/>
                <Baseline points="1997,2702 2030,2679 2073,2659"/>
                <TextEquiv>
                    <Unicode>M.</Unicode>
                </TextEquiv>
            </TextLine>
            <TextLine id="tr_1_tl_77" custom="readingOrder {index:76;}">
                <Coords points="1987,2725 2195,2740 2587,2688 2731,2721 2934,2688 3057,2712 3122,2705 3122,2660 2832,2659 2775,2629 2566,2670 2400,2642 1987,2677"/>
                <Baseline points="1997,2702 2042,2703 2087,2706 2132,2703 2177,2703 2222,2703 2266,2703 2311,2700 2356,2697 2401,2697 2446,2697 2490,2694 2535,2691 2580,2688 2625,2688 2670,2688 2714,2691 2759,2691 2804,2691 2849,2691 2894,2688 2938,2685 2983,2685 3028,2685 3073,2685 3118,2694 3127,2691"/>
                <TextEquiv>
                    <Unicode>es sogar so kalt, daß nun eher genugt ist</Unicode>
                </TextEquiv>
            </TextLine>
            <TextLine id="tr_1_tl_78" custom="readingOrder {index:77;}">
                <Coords points="201,2731 602,2692 868,2734 949,2697 1196,2738 1244,2705 1549,2721 1549,2670 1453,2644 1191,2646 1139,2681 990,2635 851,2672 733,2631 201,2657"/>
                <Baseline points="212,2694 256,2697 301,2697 346,2694 391,2694 436,2697 480,2697 525,2694 570,2691 615,2691 660,2691 704,2688 749,2691 794,2691 839,2694 884,2697 928,2697 973,2697 1018,2697 1063,2700 1108,2697 1152,2700 1197,2700 1242,2700 1287,2703 1332,2703 1376,2700 1421,2703 1466,2706 1511,2708 1553,2714"/>
                <TextEquiv>
                    <Unicode>wurde wirklich viel gelacht. Schon der Um¬</Unicode>
                </TextEquiv>
            </TextLine>
            <TextLine id="tr_1_tl_79" custom="readingOrder {index:78;}">
                <Coords points="1772,2727 1789,2734 1809,2725 1826,2738 1874,2714 1911,2738 1955,2736 1990,2755 1996,2657 1981,2657 1944,2679 1926,2660 1902,2653 1879,2668 1848,2664 1831,2675 1776,2653"/>
                <Baseline points="1783,2714 1815,2711 1860,2708 1905,2706 1950,2703 1997,2702"/>
                <TextEquiv>
                    <Unicode>heute ist</Unicode>
                </TextEquiv>
            </TextLine>
            <TextLine id="tr_1_tl_80" custom="readingOrder {index:79;}">
                <Coords points="1778,2816 1874,2771 2059,2797 2361,2749 2913,2788 3118,2747 3161,2779 3163,2699 2732,2721 2583,2688 2258,2742 2059,2714 1987,2755 1780,2727"/>
                <Baseline points="1789,2768 1821,2768 1866,2765 1911,2765 1956,2765 2001,2768 2045,2768 2090,2765 2135,2762 2180,2762 2225,2759 2269,2756 2314,2756 2359,2750 2404,2747 2449,2747 2493,2747 2538,2744 2583,2744 2628,2744 2673,2744 2717,2744 2762,2747 2807,2744 2852,2744 2897,2741 2941,2741 2986,2738 3031,2738 3076,2735 3121,2738 3165,2744"/>
                <TextEquiv>
                    <Unicode>heizen zu dessen, als eine Sommerfrische aufzusuchen.</Unicode>
                </TextEquiv>
            </TextLine>
            <TextLine id="tr_1_tl_81" custom="readingOrder {index:80;}">
                <Coords points="209,2793 279,2758 705,2797 820,2760 1043,2797 1542,2777 1523,2708 1289,2747 1019,2697 812,2740 598,2699 207,2720"/>
                <Baseline points="218,2753 262,2750 307,2753 352,2756 397,2756 442,2759 486,2756 531,2756 576,2756 621,2756 666,2756 710,2756 755,2759 800,2759 845,2759 890,2759 934,2759 979,2759 1024,2759 1069,2759 1114,2759 1158,2759 1203,2759 1248,2762 1293,2762 1338,2759 1382,2759 1427,2756 1472,2759 1517,2765 1547,2768"/>
                <TextEquiv>
                    <Unicode>stand, daß es Morgen und licht war, während</Unicode>
                </TextEquiv>
            </TextLine>
            <TextLine id="tr_1_tl_82" custom="readingOrder {index:81;}">
                <Coords points="1835,2836 2496,2845 2648,2806 3000,2836 3044,2799 3144,2814 3146,2758 3028,2749 2967,2790 2358,2749 2299,2792 1835,2795"/>
                <Baseline points="1845,2822 1848,2819 1893,2822 1938,2822 1983,2819 2028,2819 2072,2816 2117,2813 2162,2813 2207,2813 2252,2813 2296,2810 2341,2807 2386,2804 2431,2804 2476,2804 2520,2804 2565,2804 2610,2804 2655,2804 2700,2801 2744,2804 2789,2804 2834,2804 2879,2804 2924,2804 2968,2801 3013,2798 3058,2798 3103,2798 3148,2798"/>
                <TextEquiv>
                    <Unicode>Von Bekannten ist freilich Nienen mehr hier, selbst</Unicode>
                </TextEquiv>
            </TextLine>
            <TextLine id="tr_1_tl_83" custom="readingOrder {index:82;}">
                <Coords points="205,2827 399,2860 576,2821 958,2860 1054,2823 1516,2845 1516,2790 1416,2771 1086,2799 814,2760 707,2804 569,2760 436,2792 321,2760 205,2793"/>
                <Baseline points="215,2813 259,2813 304,2816 349,2819 394,2819 439,2822 483,2822 528,2819 573,2822 618,2819 663,2822 707,2825 752,2825 797,2825 842,2825 887,2822 931,2825 976,2825 1021,2819 1066,2822 1111,2822 1155,2822 1200,2822 1245,2822 1290,2822 1335,2822 1379,2822 1424,2825 1469,2828 1514,2831 1520,2831"/>
                <TextEquiv>
                    <Unicode>die anderen Stücke alle bei ganz verdunkeller</Unicode>
                </TextEquiv>
            </TextLine>
            <TextLine id="tr_1_tl_84" custom="readingOrder {index:83;}">
                <Coords points="1748,2917 1828,2945 1946,2882 2164,2912 2546,2865 3126,2897 3181,2882 3183,2808 2116,2823 1975,2862 1750,2804"/>
                <Baseline points="1759,2891 1798,2897 1842,2888 1887,2888 1932,2882 1977,2882 2022,2876 2066,2876 2111,2876 2156,2873 2201,2873 2246,2873 2290,2870 2335,2870 2380,2867 2425,2864 2470,2864 2514,2864 2559,2864 2604,2867 2649,2867 2694,2864 2738,2864 2783,2864 2828,2864 2873,2864 2918,2861 2962,2864 3007,2864 3052,2867 3097,2864 3142,2867 3186,2876"/>
                <TextEquiv>
                    <Unicode>Ebermann ist fort. In einem Nicht an der Anpang „Bahn“</Unicode>
                </TextEquiv>
            </TextLine>
            <TextLine id="tr_1_tl_85" custom="readingOrder {index:84;}">
                <Coords points="209,2902 318,2939 641,2889 1193,2884 1259,2924 1486,2897 1473,2834 1135,2854 1051,2823 964,2860 497,2825 415,2869 209,2832"/>
                <Baseline points="218,2888 262,2888 307,2888 352,2888 397,2891 442,2891 486,2888 531,2888 576,2888 621,2888 666,2888 710,2888 755,2885 800,2885 845,2885 890,2885 934,2885 979,2885 1024,2882 1069,2882 1114,2882 1158,2882 1203,2882 1248,2882 1293,2885 1338,2882 1382,2882 1427,2885 1472,2894 1490,2894"/>
                <TextEquiv>
                    <Unicode>Bühne geschielt wurden, wirkte erlösend,</Unicode>
                </TextEquiv>
            </TextLine>
            <TextLine id="tr_1_tl_86" custom="readingOrder {index:85;}">
                <Coords points="1846,2967 2649,2923 2688,2956 2782,2921 2858,2956 3135,2936 3153,2880 2681,2867 2612,2904 2496,2867 1846,2919"/>
                <Baseline points="1857,2947 1902,2941 1947,2938 1992,2935 2036,2932 2081,2932 2126,2930 2171,2927 2216,2930 2260,2930 2305,2930 2350,2927 2395,2927 2440,2924 2484,2924 2529,2924 2574,2924 2619,2924 2664,2921 2708,2921 2753,2918 2798,2921 2843,2918 2888,2918 2932,2915 2977,2918 3022,2918 3067,2918 3112,2921 3157,2930"/>
                <TextEquiv>
                    <Unicode>zur Beruhigung seiner Nerven! Ich habe ihn einmal</Unicode>
                </TextEquiv>
            </TextLine>
            <TextLine id="tr_1_tl_87" custom="readingOrder {index:86;}">
                <Coords points="209,2972 1058,2945 1440,2991 1536,2982 1536,2899 1348,2889 1294,2928 1137,2888 1052,2919 641,2889 308,2941 209,2912"/>
                <Baseline points="218,2953 262,2956 307,2959 352,2959 397,2956 442,2956 486,2953 531,2950 576,2947 621,2947 666,2947 710,2947 755,2947 800,2947 845,2944 890,2944 934,2944 979,2944 1024,2944 1069,2944 1114,2944 1158,2944 1203,2944 1248,2944 1293,2947 1338,2947 1382,2947 1427,2950 1472,2953 1517,2956 1541,2962"/>
                <TextEquiv>
                    <Unicode>den war es mich erfreulich, daß in dem Stückchen</Unicode>
                </TextEquiv>
            </TextLine>
            <TextLine id="tr_1_tl_88" custom="readingOrder {index:87;}">
                <Coords points="1841,3013 2031,3035 2116,2995 2236,3032 2284,2995 2912,2982 3122,3024 3200,3002 3200,2930 1841,2958"/>
                <Baseline points="1851,3004 1860,3001 1905,3004 1950,3004 1995,3001 2039,2998 2084,2998 2129,2992 2174,2992 2219,2989 2263,2989 2308,2986 2353,2986 2398,2986 2443,2983 2487,2983 2532,2983 2577,2983 2622,2983 2667,2983 2711,2980 2756,2980 2801,2980 2846,2980 2891,2980 2935,2980 2980,2980 3025,2983 3070,2986 3115,2986 3159,2989 3204,2989"/>
                <TextEquiv>
                    <Unicode>besucht. Sonntag war ich in Rodaun bei Richard</Unicode>
                </TextEquiv>
            </TextLine>
            <TextLine id="tr_1_tl_89" custom="readingOrder {index:88;}">
                <Coords points="199,3068 351,3020 960,3020 1145,3061 1257,3017 1412,3063 1560,3030 1534,2963 1459,2995 1148,2947 199,2969"/>
                <Baseline points="209,3013 253,3016 298,3016 343,3019 388,3019 433,3019 477,3016 522,3016 567,3013 612,3013 657,3013 701,3013 746,3013 791,3013 836,3010 881,3010 925,3010 970,3010 1015,3010 1060,3007 1105,3010 1149,3010 1194,3013 1239,3013 1284,3016 1329,3016 1373,3016 1418,3019 1463,3022 1508,3025 1553,3031 1565,3034"/>
                <TextEquiv>
                    <Unicode>sich nicht ein einziger kleiner Todesfall ereignet.</Unicode>
                </TextEquiv>
            </TextLine>
            <TextLine id="tr_1_tl_90" custom="readingOrder {index:89;}">
                <Coords points="1855,3080 1946,3100 2236,3044 2339,3089 2670,3044 3155,3072 3157,3006 2408,2987 2236,3030 1855,3033"/>
                <Baseline points="1866,3073 1905,3070 1950,3067 1995,3064 2039,3061 2084,3055 2129,3052 2174,3046 2219,3043 2263,3046 2308,3046 2353,3049 2398,3049 2443,3049 2487,3046 2532,3046 2577,3046 2622,3046 2667,3046 2711,3043 2756,3043 2801,3040 2846,3043 2891,3043 2935,3046 2980,3043 3025,3043 3070,3046 3115,3046 3159,3055"/>
                <TextEquiv>
                    <Unicode>Wissen die vielleicht ob wie der Prozeß des Paul</Unicode>
                </TextEquiv>
            </TextLine>
            <TextLine id="tr_1_tl_91" custom="readingOrder {index:90;}">
                <Coords points="201,3113 1071,3083 1243,3124 1327,3085 1409,3124 1566,3107 1566,3024 1412,3063 1351,3019 1178,3057 814,3019 703,3065 428,3033 201,3063"/>
                <Baseline points="212,3091 256,3088 301,3091 346,3088 391,3091 436,3088 480,3088 525,3088 570,3088 615,3088 660,3088 704,3085 749,3085 794,3085 839,3082 884,3085 928,3085 973,3082 1018,3082 1063,3082 1108,3082 1152,3082 1197,3082 1242,3082 1287,3085 1332,3085 1376,3088 1421,3091 1466,3091 1511,3097 1556,3097 1568,3100"/>
                <TextEquiv>
                    <Unicode>während die andere drei Stücke mäßig berechnet.</Unicode>
                </TextEquiv>
            </TextLine>
            <TextLine id="tr_1_tl_92" custom="readingOrder {index:91;}">
                <Coords points="1855,3128 2070,3111 2173,3140 2371,3107 2461,3137 2638,3102 2777,3118 2779,3087 2465,3052 2378,3056 2339,3089 2238,3050 1944,3100 1855,3080"/>
                <Baseline points="1866,3124 1884,3124 1929,3124 1974,3118 2019,3115 2063,3112 2108,3109 2153,3109 2198,3106 2243,3103 2287,3103 2332,3103 2377,3103 2422,3103 2467,3100 2511,3100 2556,3100 2601,3103 2646,3100 2691,3100 2735,3097 2780,3100"/>
                <TextEquiv>
                    <Unicode>III. mit Düsseldoch ausgefallen ist?</Unicode>
                </TextEquiv>
            </TextLine>
            <TextLine id="tr_1_tl_93" custom="readingOrder {index:92;}">
                <Coords points="1807,3205 2079,3166 2991,3164 3131,3144 3133,3085 2954,3063 2169,3150 2068,3111 1809,3126"/>
                <Baseline points="1818,3177 1836,3171 1881,3171 1926,3171 1971,3168 2016,3168 2060,3165 2105,3165 2150,3162 2195,3162 2240,3159 2284,3159 2329,3157 2374,3157 2419,3157 2464,3154 2508,3154 2553,3154 2598,3151 2643,3151 2688,3145 2732,3145 2777,3145 2822,3142 2867,3139 2912,3136 2956,3136 3001,3136 3046,3133 3091,3130 3136,3136"/>
                <TextEquiv>
                    <Unicode>Empfehlen sie mich Ihre Frei red bringen Sie mich bei</Unicode>
                </TextEquiv>
            </TextLine>
            <TextLine id="tr_1_tl_94" custom="readingOrder {index:93;}">
                <Coords points="225,3190 652,3166 703,3205 764,3161 1246,3157 1501,3192 1577,3177 1579,3100 227,3104"/>
                <Baseline points="235,3174 280,3168 325,3162 370,3159 415,3162 459,3162 504,3162 549,3162 594,3162 639,3162 683,3162 728,3159 773,3159 818,3159 863,3157 907,3154 952,3151 997,3151 1042,3151 1087,3151 1131,3148 1176,3151 1221,3151 1266,3151 1311,3154 1355,3154 1400,3157 1445,3157 1490,3159 1535,3165 1579,3174 1582,3174"/>
                <TextEquiv>
                    <Unicode>5 Tote verbrauchen, was sie eine Nachmittags¬</Unicode>
                </TextEquiv>
            </TextLine>
            <TextLine id="tr_1_tl_95" custom="readingOrder {index:94;}">
                <Coords points="2546,3246 2587,3255 2640,3231 2718,3244 2760,3225 2804,3244 2858,3220 3000,3224 3000,3163 2954,3142 2823,3163 2793,3150 2762,3163 2740,3146 2714,3159 2546,3159"/>
                <Baseline points="2556,3195 2601,3195 2646,3189 2691,3189 2735,3192 2780,3192 2825,3195 2870,3195 2915,3195 2959,3195 3004,3201"/>
                <TextEquiv>
                    <Unicode>Ihr Clsastow In</Unicode>
                </TextEquiv>
            </TextLine>
            <TextLine id="tr_1_tl_96" custom="readingOrder {index:95;}">
                <Coords points="1852,3259 2275,3231 2393,3264 2446,3253 2450,3170 2356,3176 2330,3155 2247,3179 2184,3163 2001,3181 1968,3168 1927,3200 1854,3209"/>
                <Baseline points="1863,3225 1869,3225 1914,3216 1959,3216 2004,3216 2048,3213 2093,3213 2138,3216 2183,3210 2228,3204 2272,3201 2317,3198 2362,3198 2407,3198 2452,3195"/>
                <TextEquiv>
                    <Unicode>Meiner in Erinnerung.</Unicode>
                </TextEquiv>
            </TextLine>
            <TextLine id="tr_1_tl_97" custom="readingOrder {index:96;}">
                <Coords points="222,3236 1361,3236 1494,3224 1514,3188 1235,3155 1156,3188 1051,3159 783,3163 707,3201 652,3166 222,3190"/>
                <Baseline points="232,3228 259,3228 304,3228 349,3225 394,3225 439,3225 483,3225 528,3225 573,3225 618,3219 663,3219 707,3216 752,3216 797,3216 842,3216 887,3216 931,3213 976,3213 1021,3210 1066,3213 1111,3213 1155,3213 1200,3213 1245,3210 1290,3213 1335,3213 1379,3213 1424,3210 1469,3210 1514,3213"/>
                <TextEquiv>
                    <Unicode>vorstellung entschieden zu viel und für die</Unicode>
                </TextEquiv>
            </TextLine>
            <TextLine id="tr_1_tl_98" custom="readingOrder {index:97;}">
                <Coords points="222,3336 860,3353 986,3318 1183,3360 1322,3316 1512,3355 1573,3344 1577,3209 223,3236"/>
                <Baseline points="232,3285 235,3288 280,3288 325,3288 370,3285 415,3282 459,3282 504,3279 549,3276 594,3276 639,3276 683,3270 728,3270 773,3267 818,3264 863,3264 907,3264 952,3264 997,3261 1042,3261 1087,3258 1131,3258 1176,3261 1221,3261 1266,3261 1311,3261 1355,3255 1400,3252 1445,3255 1490,3255 1535,3258 1579,3267"/>
                <TextEquiv>
                    <Unicode>Verdauung ergleich nach dem avis. gewesen u nicht</Unicode>
                </TextEquiv>
            </TextLine>
        </TextRegion>
    </Page>
</PcGts>
