4488 3560
2578 244 2686 342 17
1973 579 2960 764 Schwechert, juin 3. Chl R. d. L.
1398 614 1757 781 Schmarder
1575 777 3030 876 Zimmer, Breites Fenster ein hintergrund mit
1575 862 2892 970 Uns sicht auf Garten und freie Gegend¬
1621 926 3076 1062 Frau Richter, Nachbarin und Tochter erkundigen
1580 1005 2979 1114 sich nach dem Lehende Katharina's, die von zwei
1602 1080 3034 1193 kann gekommen, in Bellkland u.s.w. liegt
1621 1145 3080 1275 Die Anderegnie auf dem Sohn, will er nicht ein’s
1635 1259 3087 1367 Bett; hat sich gereigert der Kleid aus zuziehen
1632 1316 3039 1444 weil sie mir für Ungefert gekommen, und sie
1685 1391 3127 1523 Auch von Maria wird gesprochen, man hat nichts.
1635 1485 3069 1606 ern ihr gehört, daher hat erzählt, daß sie
1659 1573 3133 1694 gleich noch dem Tod des Vater abgereist sei,
1665 1624 3098 1771 er selbst wisse wohin; drüber der schon
1646 1722 3008 1845 gester da war kommt noch der Krankei zu
1657 1804 3065 1951 sehen. Frau Richter geht zu ihr, Ad zurück
1657 1891 3032 2021 kommt, der von der Grünknecht der Krecken
1645 1979 3037 2133 Kathären gehört und sie sehr will, drei
1650 2078 2999 2209 Rechter aus dem Zim, fordert den dato
1683 2154 3006 2304 mich zu der Krancken zu gehen, bleibt.
1672 2258 2995 2403 mit dem Adjutern t allein, mehr ihm
1685 2352 3063 2492 Vorwurfe, er hat das Elend ihrer Kinds
1722 2455 3065 2554 auf deine Gewissen – drüber aus dem
1679 2538 3148 2690 Krankenzeien, er sagt der Mutter, daß
1685 2628 3025 2784 es in einigen Tagen, wie ließ auch
