4472 3594
2398 763 2784 898 11. V. 09
1825 1007 2856 1149 Liebe Urthür, ich habe ihn ge¬
1802 1107 2780 1232 fänden, den reinen Tor, er
1806 1185 2857 1286 der in dem kleinen Schrank. Bei
1813 1281 2879 1419 der Gegenheit habe ich den wir Wichen¬
1818 1369 2828 1484 reinen 100. Ihren Heini ge¬
1811 1451 2802 1588 sehen. (Ihre Frau wird diese Be¬
1822 1541 2829 1668 mung hoffentlich nicht als Herab¬
1833 1617 2824 1748 sehung der geistigen Sähigkeiten
1849 1702 2781 1846 Hein's empfinden) Er hat
1815 1801 2862 1927 mich sehr gnädig empfangen, hat
1813 1867 2863 1988 nur alle seine Kunststücke vor¬
1829 1964 2879 2081 gemacht, hat unter Musik begleisung
1839 2071 2822 2156 bereitwilligst vor mir ge¬
1842 2128 2744 2236 senzt, ohne mich nur den
1834 2196 2764 2329 allergeringsten Kopf dafür
1839 2305 2809 2426 zu verlangen. Dann hat er mir
