4505 3672
2408 719 2705 815 6. VII. 01
1794 818 2807 940 Liebe Arthur, mein Bruder,
1782 918 2837 1011 ittag, der wieder 8 Tage unweit war,
1784 980 2756 1100 ist gestern auf 4 Wochen abgereise;
1794 1041 2871 1150 daraus ergibt sich – Sie neuen ja schon
1792 1119 2884 1222 der Einleitung unseres Hauses - daß
1786 1194 2859 1293 ich geht nicht gut fort kann, über dies
1792 1258 2887 1376 soll jetzt entschieden werden ob unser
1801 1323 2884 1462 Haus stehen bleiben und unsere Wohnung
1813 1407 2852 1526 hergerichtet werden soll oder nicht
1823 1477 2876 1582 was wieder ein meiner Eigenschaft
1824 1555 2909 1687 als Hausfrei – meine Anwesenheit
1815 1631 2878 1745 erfordert. Sie sehen also, so liebens¬
1833 1696 2878 1834 würdige Formen Ihr Egrismus¬
1849 1769 2899 1906 auch annimmt, um mich aufzufordern.
1845 1856 2910 1969 und so gern ich selbst wieder einmal
1854 1918 2857 2042 ein paar Tage mit Ihnen ver¬
1833 1997 2777 2132 bringen möchte, es geht nicht
1830 2068 2924 2192 wenigstens nicht im Juli vielleicht
1837 2140 2823 2278 im August, wenn Sie doch
1841 2217 2897 2367 vielleicht in die Nähe des Mörther¬
1860 2297 2790 2444 Sie's kommen und ich den
