4888 3705
1089 106 1565 204 27. VIII. 29.
3323 115 4021 239 Leiben Arthur! 16.10.16
2792 146 3062 226 9. III 2
142 150 808 303 Votre très-près â¢ nouveau
1691 222 3128 345 Kinder Urtheil, sie haben mich aufgesondert über Emil
3409 222 3963 305 12 Freitag Abend hin.
3407 270 3987 356 meiner Überschung.
188 246 753 376 sie er Arthur,
1722 295 3108 410 Nachricht zu geben. Bis gestern war nichts zu melden.
3348 314 3616 398 Er ist hier
168 321 1521 458 Dank vor Thun Karte. Freie mich, daß Sie
1751 356 3184 467 Heute hat mich der et. Dr Jesoke rufen lassen und mit
3666 334 3879 436 schon er
3633 412 3921 494 ein, sich sich keine
1771 418 3151 522 mitgeteilt: der Ausschlag sei so gut wie geheilt, aber
162 416 1627 531 es so gut getroffen haben, der Aufenthalt, soll
1771 480 3215 587 man habe die Absicht den Kranken doch noch einige Wochen
175 500 1561 600 je, wie man mir heut sagt, zu den schönsten
1771 523 3144 644 im Hause zu behalten. Etwa bis Ende August. Denn
4023 476 4249 618 herrn
3359 509 3958 640 over in Ischl der Ansec¬
179 560 1556 686 zählen. Ich bin Montag Abend lbst zurügst ge¬
1771 596 3206 722 unnissen, um Reinigungsarbeiten vorzunehmen, die Kranken
3383 615 3945 698 Ich will noch e von
204 626 1477 724 kommen, was gut aufgehrten ein
1762 649 3151 788 dieses sinners mich die andere Krankenzimmer verteilt
3981 602 4727 742 Dr Arkne Schnitzler
3341 673 3934 746 14 Tage hier bleiben. -
3354 715 3970 806 so lange, bei die vorhandene
1769 726 3195 844 werden, w ist also nicht mehr viel überflüssiger Raum vor¬
215 720 1459 833 habe nichts Unangenehmes erlebt.
3341 768 3963 855 Mittel reichen. - Wer
1780 801 3206 912 handen. Er hat mich gefragt ob ich einverstanden bin, wenn
204 793 1599 914 hier weder die übliche Einteilung: Volks¬
4107 755 4647 914 Alt etussée
3359 819 3945 910 hat bei dem Konzert¬
1795 852 3221 963 am Seite der Spital wegen Aufnahme in's Verlegungshaus
3483 875 3677 939 Viller
228 861 1543 996 garten, Rdthausparte, Berygarten-Unäs¬
3485 926 3677 985 Weller
3843 868 4010 998 7h Noms
1795 921 3181 1030 intervenirt wird. Ich habe für alle Fälle zugestimmt.
230 939 1554 1065 Nun ich Ihnen nicht melden, die meisten Be¬
3801 976 4018 1041 hen frei und
1787 972 3188 1105 und werde mich seht noch um eine eventielle andere Unter¬
3414 970 3730 1098 auch herzlich so zu
3799 1018 4049 1094 H Gesin
241 1016 1605 1140 kannten sind noch abwesend. Ich grüße Sie
1795 1038 3193 1147 Nunft umsehen: - Sonst nichts neues. Jahrscheinlich haben
1816 1109 3086 1231 Sie bessere Wetter als wir hier. Seit 8 Tagen
3784 1127 3974 1209 VIII. 15
1818 1167 3108 1269 steht 1 Mann's Reisetasche gepackt, aber selbst für die
4021 1160 4386 1326 Staat
3263 1171 3762 1278 Pieter Nethas, gestern, an
3337 1249 3766 1333 diesen Tag. Fide ist
1023 1251 1408 1348 16.II.28
2522 1273 3099 1443 Boden 20. X 20
3467 1299 3651 1463 nicht ver¬
4060 1342 4222 1455 de
3755 1390 4114 1516 und zweischenne
3440 1443 3658 1559 Wm.
230 1393 1581 1534 Lieber Aeller, ich denke Ihnen für Ihre
1780 1402 3097 1547 hiebei Urthur, ich bin gestern hier ange¬
1818 1505 3108 1627 kommen und finde verläufig alles schon und
257 1494 1556 1643 liebe Aufforderung. Sie haben je so Recht.
3985 1490 4173 1641 Herrn
3458 1561 3821 1625 bele Erklärte den 42
264 1587 1455 1731 ich sollte fortgehen, ich häßte das selbst
1855 1588 3080 1707 vertrefflich. Mich das Wasser hatte einige
3974 1583 4616 1705 Dr Arthur Schnitzler
275 1649 1452 1802 über ich bringe vorläufig nicht die
1853 1647 3144 1791 Neundichkeit für mich. Denken Sie mir,
3699 1652 3923 1820 in Anspruch,
294 1703 1616 1877 Energie auf zu reisen. Und dann
1866 1725 3188 1855 ich – ich für die Sonne nach Baden gebracht.
275 1778 1603 1928 Sie wollen schon am 20. zurück kommen.
3317 1745 3669 1858 genommen war.
1864 1802 3104 1924 thun geeignetem für säulichkeit scheint sie
3316 1826 3870 1926 Frau Olga! Sie und
363 1842 1592 2030 heute ist der 16. und das weiter
1837 1866 3095 1999 nicht gefunden zu heden. Baden ist mich
3325 1886 3921 1995 Heim herzlichst grüßend
4229 1868 4716 2010 Ischl (0.0)
1847 1930 3035 2039 einer schon und ich hin auch Gelegenheit die
305 1946 1348 2108 ist gestern und heute so schlecht.
1807 1986 3179 2116 Lücken in meine OpernNeukildung aus
3306 1955 3795 2072 B. K. W. I. 155 Grn.
4023 1944 4656 2081 Hötel Kaiserkrone.
312 1981 1630 2181 Alse: hoffentlich auf Weidensehen im Wien
1847 2050 3181 2172 zu füllen. Das Theater schwelt, teglich bei vollen
235 2079 1581 2243 Mit der Litte mich Frau S. bestens zu empfehlen und
1858 2101 3130 2276 häusern. – Wir geht es bei ihnen? Nichts
1129 2183 1326 2276 Gustav.
252 2203 832 2316 mit herzlichen Grüßen
3363 2396 3576 2559 14/5.
1204 2418 1543 2488 18. [8] 27
2170 2473 2597 2557 -:-
2741 2402 3182 2571 Wm 7th 16
294 2528 1550 2672 hiebe Aathur, ich dritte Ihnen für Ihn
1827 2533 3151 2699 Lieber Urtheil, da ich gar nichts mehr von ihnen
306 2626 1609 2741 treten – besonders für die letzte – die Kreue in
1860 2644 3228 2761 gehört habe, muß ich annehmen, daß Sie meine Karte
3989 2621 4184 2772 Herrn
3367 2675 3531 2820 ¬
330 2703 1705 2821 Verna - da war ich auch einmal, es sind
1855 2714 3150 2818 mis Marinbed nicht erhalten haben. Seit
323 2767 1665 2891 nur 32 Jahre. Meinem Bruder Max und
3376 2781 3580 2891 daß auf
3958 2741 4700 2880 Dr Arthur Schnitzler
1878 2776 3104 2880 Montag bin ich wieder in Wien; ich hatte ja
341 2827 1678 2987 mir geht es gub, man sagt uns, daß
1877 2849 3150 2942 zuerst die Nähne Absicht von M. noch Joch C
1902 2909 3162 3011 zu fahren, aber die Schwierigkeiten der Reise
341 2898 1634 3055 wir so aussehen, als ob wir eben vom
1902 2964 3109 3064 – man muß jetzt in Linz übermachten -
3418 2911 3766 3053 21/8/88.8
336 2978 1607 3111 Urlaub kämen, aber nach Mer ist über
4153 2940 4627 3108 Wien XVIII
3418 3018 3766 3108 A. S. R. J.
1889 3020 3234 3119 und die Ersehrungen in 211. haben mich abgehelten.
339 3047 1676 3223 Schönbrinn und Baden nicht hinaus gekommen
1897 3095 3210 3201 „Wie geht er ihnen? Hat Ausw auf eine
3432 3084 3753 3181 Votre très de
4134 3069 4758 3213 Nernwartestraße Jt.
3430 3140 4016 3244 Jede Venigifältigung Ärrengstens verboten.
354 3115 1696 3265 - - "Tritte, bestellen Sie gütigst Frau Füli
1906 3146 3217 3248 Zauner: In M. ist ein Zeicken Bücker, den man
359 3219 1528 3359 meine ergebenste. Greiße und
1937 3206 3210 3345 in inspekte aller Entfernung einen darf.
328 3288 1537 3471 Glückwünsche zum 18. Gebietstag
