4520 3640
2227 890 2851 999 Krobt 13.8.02
1779 1116 2761 1277 Liebe Urtheir, ich pratulere
1788 1225 2821 1383 Ihnen seylichst und bitte Sie
1786 1350 2853 1462 auch der 1 Steuw des Zweigen
1777 1427 2761 1535 Meines meine herzlichsten
1791 1519 2794 1634 Glu. kwünsche zu melden,
1815 1605 2813 1742 Ich hoffe ihn bald zu sehen,
1791 1702 2777 1815 den Königley, – hat er schon
1786 1790 2770 1895 einen Namen? – Du ich die
1800 1876 2842 1980 Ab / ich 2 habe morgen auch Wien
1808 1953 2170 2089 zu fahren.
2219 1975 2785 2074 Eigentlich wollte
1810 2061 2818 2174 ich schon Montag fort, hat mich
1807 2169 2851 2273 der - Schwächheit, dein Naren
1795 2247 2770 2373 ist 11 heu – noch zureichhalten
1786 2332 2832 2475 lassen. Mein Katarrh ist nicht
1842 2433 2704 2530 besser geworden, er hat sich
