4488 3594
1738 708 2817 838 ein „grün angestrichenen Wieler“, ein
1738 789 2787 911 richtiges Brehni-Wetter.“ Ob er
1741 860 2793 977 aber mit seinen drei Stücken doch
1754 950 2755 1057 das Auslangen finden wird!
1785 1006 2787 1150 Vielleicht kommen Sie doch noch
1780 1097 2787 1203 deren. – Angele tut, so, als
1771 1174 2665 1298 ob er wir klich Ernst machen.
1754 1256 2793 1384 wollte, er hat so dringend die
1781 1344 2799 1459 beiden Eremplare verlangt als
1745 1419 2805 1550 ob die Praten dem nächst beginnen
1759 1508 2758 1631 sollten. – Hof nunsthal reisen
1784 1597 2771 1704 am 18. fr. 2. wie mir der
1800 1679 2531 1801 stagungestern erzählte.
1797 1784 2806 1904 daß ich nichts Mitteilenswertes
1785 1859 2798 1987 erlebt fide, glauben Sie mir wol
1771 1951 2793 2098 ich bezweifle oder doch nicht, daß die
1786 2053 2476 2186 wält an sich schön ist.
1804 2135 2811 2271 Ihre Freie und Sie herzlichst grüsted
2443 2249 2718 2349 ihr ihnetes
1683 2279 2738 2437 ###lich hin ich Grüße von Heisoi zu bestellen.
1888 2381 2617 2490 Sie und ihre Frau grüßt herzlich sein.
