4536 3658
1653 867 3163 1006 Seler. Inlien. Indem erzählt sein Geschichte
1656 992 3151 1142 und Aansprücht helix für sich. Selig kalt:
1680 1105 3241 1224 Was Sie da sagten bespimpf2 mein Mutter.
1684 1197 3145 1327 Es ist nicht wahr, es darf nicht wehr sein
1686 1292 3247 1436 verstehen Sie. Und wenn es wäh wäre. Wir krut
1711 1370 3276 1508 dieser Mann, der so erbärmlich gegen mein Meister
1709 1467 3225 1614 gehandelt, für mich sein, welche Rechte hätte er
1730 1545 3235 1678 an mich: „Was sind Sie hier auch:“ Was sind
1758 1643 3141 1783 Sie neben dein Neue, da wirklich mein
1805 1769 2247 1867 Näher war!
2383 1727 3163 1910 denn Schluß wie bisher.
2594 1879 3116 2068 Schmarikopf
