4521 3607
2557 307 2947 472 Votre très bien aussi
1498 701 3085 858 in Kinder zu Ende sein können. Sein
1553 815 3106 933 Richter geht zum Pfarrer. Dreter und
1484 884 3100 1039 3. Adjunkt. „ (prochen von 2 kein Adjekt hat
1549 994 3098 1132 alles combiert. hat Mein in die Kafen¬
1526 1061 3146 1289 gehen sehen: er glaubt, daß sie todt ist
1583 1197 3049 1335 er hoff2 es – Kriegslein während der
1583 1293 3156 1409 Seine, man sieht durch der Leute die Dorfte
1533 1372 3087 1524 wohne weggehen auf die Landstraße, auch
1524 1469 3152 1648 Die Magd leicht aus dem Hause – er spricht
1593 1541 3169 1709 von dem Grün, wo ihm ihm Tat angeflicht
1638 1632 3108 1817 daß er eben an die Todte geht werden mit Zielen
1614 1697 3081 1882 dank. Merie, schließt sich herrn
1632 1795 3049 1951 sie wendet sich nenne den Doctor, sieht den
1663 1894 3063 2035 Udzwecken gar nicht, die dann fortgeht, der
1679 1969 3067 2148 Marie. Erzählig. Schilderz ihre Angst
1683 2075 3069 2232 denn Sinn des Kethans aus (die von den
1697 2161 3083 2317 2 Tagegen kann 2), wie im erste Entwurf
1697 2236 3152 2453 dem Richter zurück, sondern nicht aufzusetzen.
1699 2333 3047 2500 Kathnern. will in's konie, Frau Rechts¬
1691 2427 2941 2551 fährt sie Haus. Dato Marie alle
1717 2532 2992 2636 Rede des Draters. Der ihn sezt wie sie
1709 2585 3039 2699 weiter leben kann. Schrei d. hin Rechte,
1701 2654 2959 2815 gesamlet daß es mit Marie zu Ende geht.
2187 2719 3026 2886 Vortgehenden wir ihren schließ
