<?xml version="1.0" encoding="UTF-8" standalone="yes"?>
<PcGts xmlns="http://schema.primaresearch.org/PAGE/gts/pagecontent/2013-07-15" xmlns:xsi="http://www.w3.org/2001/XMLSchema-instance" xsi:schemaLocation="http://schema.primaresearch.org/PAGE/gts/pagecontent/2013-07-15 http://schema.primaresearch.org/PAGE/gts/pagecontent/2013-07-15/pagecontent.xsd">
    <Metadata>
        <Creator>prov=READ-COOP:name=TrHtr:version=2.1.0:model_id=51170:date=29_07_2023_11:09</Creator>
        <Created>2023-05-10T12:31:45.176+02:00</Created>
        <LastChange>2023-07-29T11:09:57.277+02:00</LastChange>
        <TranskribusMetadata docId="1428212" pageId="55403509" pageNr="5" tsid="131408899" status="IN_PROGRESS" userId="64420" imgUrl="https://files.transkribus.eu/Get?id=IXBUTHORTHSTBUXVHSICZXMS&amp;fileType=view" xmlUrl="https://files.transkribus.eu/Get?id=MJLFHHYUXRFCQVOSORUMVERG" imageId="44678330"/>
    </Metadata>
    <Page imageFilename="1428212_0005.jpg" imageWidth="4727" imageHeight="3656">
        <ReadingOrder>
            <OrderedGroup id="ro_1711795659258" caption="Regions reading order">
                <RegionRefIndexed index="0" regionRef="tr_1"/>
            </OrderedGroup>
        </ReadingOrder>
        <TextRegion id="tr_1" custom="readingOrder {index:0;}">
            <Coords points="149,173 4661,173 4661,3555 149,3555"/>
            <TextLine id="tr_1_tl_1" custom="readingOrder {index:0;}">
                <Coords points="2622,244 2716,235 2760,256 2796,242 2841,260 2916,240 3104,278 3104,142 2914,131 2864,149 2737,138 2682,158 2622,143"/>
                <Baseline points="2632,223 2677,226 2721,226 2766,232 2811,229 2856,229 2900,226 2945,232 2990,229 3035,226 3079,226 3109,223"/>
                <TextEquiv>
                    <Unicode>Wien 29. VIII 13</Unicode>
                </TextEquiv>
            </TextLine>
            <TextLine id="tr_1_tl_2" custom="readingOrder {index:1;}">
                <Coords points="1874,288 1902,270 1954,285 2012,254 2065,256 2081,272 2105,263 2128,274 2150,258 2180,269 2200,263 2201,177 2128,210 2103,193 2089,206 2033,197 2001,210 1961,190 1877,188"/>
                <Baseline points="1886,253 1892,250 1936,247 1981,247 2026,244 2071,244 2116,244 2160,238 2205,238"/>
                <TextEquiv>
                    <Unicode>Bruargh</Unicode>
                </TextEquiv>
            </TextLine>
            <TextLine id="tr_1_tl_3" custom="readingOrder {index:2;}">
                <Coords points="3344,274 3375,267 3389,278 3461,292 3471,301 3520,278 3543,287 3568,278 3568,199 3547,199 3529,186 3513,197 3480,186 3461,197 3439,188 3418,201 3398,188 3359,213 3344,211"/>
                <Baseline points="3354,253 3399,253 3444,250 3488,253 3533,253 3572,256"/>
                <TextEquiv>
                    <Unicode>Schwerl</Unicode>
                </TextEquiv>
            </TextLine>
            <TextLine id="tr_1_tl_4" custom="readingOrder {index:3;}">
                <Coords points="3984,276 4029,285 4088,256 4134,278 4174,263 4251,287 4297,270 4340,292 4376,279 4376,226 4340,210 4315,215 4276,190 4208,215 4165,195 4116,193 4095,208 4043,186 3982,190"/>
                <Baseline points="3993,253 4038,250 4082,253 4127,253 4172,256 4217,259 4261,259 4306,259 4351,259 4378,259"/>
                <TextEquiv>
                    <Unicode>Wien 5. III 13</Unicode>
                </TextEquiv>
            </TextLine>
            <TextLine id="tr_1_tl_5" custom="readingOrder {index:4;}">
                <Coords points="1764,385 1795,382 1881,339 1940,349 1981,378 2098,344 2119,355 2119,288 2044,296 2013,279 1965,299 1881,267 1856,245 1822,253 1763,242"/>
                <Baseline points="1772,340 1817,337 1862,334 1907,337 1951,337 1996,337 2041,340 2086,340 2121,340"/>
                <TextEquiv>
                    <Unicode>Leib Antheil</Unicode>
                </TextEquiv>
            </TextLine>
            <TextLine id="tr_1_tl_6" custom="readingOrder {index:5;}">
                <Coords points="3344,369 3710,387 3883,356 4134,403 4281,362 4421,389 4421,292 3996,324 3694,281 3568,319 3344,270"/>
                <Baseline points="3354,358 3396,361 3441,358 3485,358 3530,358 3575,358 3620,355 3664,355 3709,355 3754,355 3799,355 3844,355 3888,355 3933,358 3978,358 4023,358 4067,358 4112,358 4157,358 4202,358 4246,358 4291,358 4336,358 4381,358 4425,355"/>
                <TextEquiv>
                    <Unicode>Lieber Anthur, Sie werden sich vielleicht</Unicode>
                </TextEquiv>
            </TextLine>
            <TextLine id="tr_1_tl_7" custom="readingOrder {index:6;}">
                <Coords points="2210,398 2456,369 2556,399 2603,367 2696,383 2753,360 2821,387 2929,364 3068,380 3068,335 3004,308 2653,296 2544,330 2422,265 2212,256"/>
                <Baseline points="2220,367 2265,373 2309,376 2354,376 2399,370 2444,370 2489,367 2533,364 2578,361 2623,361 2668,361 2712,358 2757,361 2802,358 2847,361 2891,364 2936,364 2981,367 3026,370 3071,370"/>
                <TextEquiv>
                    <Unicode>Ewer Sonntag bei den Kindern</Unicode>
                </TextEquiv>
            </TextLine>
            <TextLine id="tr_1_tl_8" custom="readingOrder {index:7;}">
                <Coords points="3339,453 3475,417 3611,448 3778,421 4163,455 4385,432 4385,389 4306,365 4134,403 4070,367 3909,394 3835,365 3339,365"/>
                <Baseline points="3348,405 3393,411 3438,414 3482,417 3527,417 3572,417 3617,417 3661,414 3706,414 3751,417 3796,417 3841,414 3885,417 3930,417 3975,414 4020,417 4064,417 4109,417 4154,417 4199,417 4243,417 4288,414 4333,411 4378,405 4387,405"/>
                <TextEquiv>
                    <Unicode>gewundert haben – oder vielleicht auch nicht -</Unicode>
                </TextEquiv>
            </TextLine>
            <TextLine id="tr_1_tl_9" custom="readingOrder {index:8;}">
                <Coords points="1777,453 2135,433 2275,471 2753,430 2891,464 2961,426 3042,478 3111,466 3101,387 2959,414 2601,367 2235,403 2069,355 1893,417 1777,382"/>
                <Baseline points="1787,432 1832,435 1877,438 1922,432 1966,432 2011,429 2056,432 2101,432 2145,435 2190,438 2235,435 2280,432 2324,429 2369,429 2414,426 2459,423 2503,426 2548,426 2593,426 2638,426 2683,426 2727,423 2772,423 2817,426 2862,426 2906,423 2951,426 2996,432 3041,435 3085,441 3115,447"/>
                <TextEquiv>
                    <Unicode>deren Uns sehen wird wollefinden nichts zu wünschen.</Unicode>
                </TextEquiv>
            </TextLine>
            <TextLine id="tr_1_tl_10" custom="readingOrder {index:9;}">
                <Coords points="3357,489 3437,514 3713,476 4075,509 4432,491 4451,403 4265,459 3987,417 3765,457 3480,417 3357,442"/>
                <Baseline points="3366,468 3411,471 3456,474 3500,474 3545,474 3590,474 3635,471 3679,471 3724,474 3769,471 3814,471 3858,471 3903,471 3948,474 3993,474 4038,474 4082,477 4127,477 4172,477 4217,477 4261,477 4306,474 4351,474 4396,474 4440,471 4455,471"/>
                <TextEquiv>
                    <Unicode>daß ich gar nichts von mir hören lasse nicht einmal</Unicode>
                </TextEquiv>
            </TextLine>
            <TextLine id="tr_1_tl_11" custom="readingOrder {index:10;}">
                <Coords points="1789,514 3077,525 3077,469 2965,426 2864,476 2753,430 2424,476 1789,451"/>
                <Baseline points="1799,495 1829,498 1874,501 1919,501 1963,498 2008,498 2053,495 2098,495 2142,498 2187,498 2232,498 2277,495 2321,495 2366,495 2411,495 2456,492 2501,492 2545,489 2590,489 2635,492 2680,489 2724,489 2769,492 2814,492 2859,495 2903,495 2948,495 2993,492 3038,489 3082,486"/>
                <TextEquiv>
                    <Unicode>übrig lußt. Heim hat mich in alle Geheimnisse</Unicode>
                </TextEquiv>
            </TextLine>
            <TextLine id="tr_1_tl_12" custom="readingOrder {index:11;}">
                <Coords points="1367,521 1415,518 1420,527 1435,527 1444,536 1449,530 1462,539 1481,536 1492,417 1474,421 1465,417 1447,428 1433,412 1420,407 1406,414 1403,408 1377,416"/>
                <Baseline points="1378,504 1399,501 1444,498 1489,492"/>
                <TextEquiv>
                    <Unicode>2</Unicode>
                </TextEquiv>
            </TextLine>
            <TextLine id="tr_1_tl_13" custom="readingOrder {index:12;}">
                <Coords points="3350,559 3595,534 3683,559 3724,528 3959,530 4014,564 4410,543 4433,489 3885,509 3713,475 3350,505"/>
                <Baseline points="3360,525 3363,525 3408,528 3453,528 3497,528 3542,525 3587,528 3632,525 3676,525 3721,525 3766,525 3811,525 3855,528 3900,525 3945,528 3990,531 4035,531 4079,531 4124,528 4169,528 4214,528 4258,525 4303,525 4348,522 4393,522 4437,519"/>
                <TextEquiv>
                    <Unicode>meine Ankunft melde. Aber diesmal war ich</Unicode>
                </TextEquiv>
            </TextLine>
            <TextLine id="tr_1_tl_14" custom="readingOrder {index:13;}">
                <Coords points="1390,580 1399,579 1403,573 1420,582 1431,575 1458,584 1463,579 1476,580 1480,573 1492,579 1506,575 1494,523 1480,523 1471,536 1458,536 1451,530 1442,534 1404,519 1377,525"/>
                <Baseline points="1390,534 1435,543 1480,555 1504,555"/>
                <TextEquiv>
                    <Unicode>revenir</Unicode>
                </TextEquiv>
            </TextLine>
            <TextLine id="tr_1_tl_15" custom="readingOrder {index:14;}">
                <Coords points="1789,591 2483,557 2594,598 2751,557 3081,595 3081,519 2993,507 2744,534 2579,493 2517,536 2381,505 1938,545 1789,514"/>
                <Baseline points="1799,558 1832,567 1877,567 1922,573 1966,570 2011,558 2056,564 2101,564 2145,564 2190,564 2235,561 2280,561 2324,561 2369,555 2414,555 2459,555 2503,558 2548,558 2593,555 2638,555 2683,555 2727,552 2772,552 2817,555 2862,558 2906,558 2951,555 2996,561 3041,561 3085,552"/>
                <TextEquiv>
                    <Unicode>seiner Eisenbahn eingeweiht und Hili hat</Unicode>
                </TextEquiv>
            </TextLine>
            <TextLine id="tr_1_tl_16" custom="readingOrder {index:15;}">
                <Coords points="3357,589 3509,618 4358,579 4471,614 4473,521 4100,564 3729,532 3357,559"/>
                <Baseline points="3366,578 3411,578 3456,578 3500,578 3545,578 3590,578 3635,578 3679,578 3724,578 3769,578 3814,576 3858,578 3903,578 3948,578 3993,578 4038,578 4082,576 4127,578 4172,578 4217,576 4261,576 4306,576 4351,576 4396,576 4440,578 4476,578"/>
                <TextEquiv>
                    <Unicode>wirklich verhindert, weil man mich 24 Stunden</Unicode>
                </TextEquiv>
            </TextLine>
            <TextLine id="tr_1_tl_17" custom="readingOrder {index:16;}">
                <Coords points="1392,618 1419,618 1429,609 1437,613 1444,609 1451,614 1458,607 1476,604 1476,561 1465,561 1462,557 1458,561 1444,553 1422,566 1403,550 1392,552"/>
                <Baseline points="1402,593 1447,590 1480,593"/>
                <TextEquiv>
                    <Unicode>le reste</Unicode>
                </TextEquiv>
            </TextLine>
            <TextLine id="tr_1_tl_18" custom="readingOrder {index:17;}">
                <Coords points="143,643 210,625 258,645 339,614 410,614 451,652 523,616 561,631 566,514 412,516 387,500 360,516 236,519 219,536 197,527 149,545"/>
                <Baseline points="155,614 164,614 208,620 253,614 298,614 343,614 387,611 432,608 477,605 522,596 567,599"/>
                <TextEquiv>
                    <Unicode>aus die Beigesitung</Unicode>
                </TextEquiv>
            </TextLine>
            <TextLine id="tr_1_tl_19" custom="readingOrder {index:18;}">
                <Coords points="711,639 792,654 901,641 957,670 1062,623 1268,614 1286,607 1290,530 1180,528 1145,546 1030,487 982,503 962,480 914,500 842,485 758,552 716,559"/>
                <Baseline points="722,632 746,629 790,629 835,623 880,620 925,617 969,614 1014,614 1059,611 1101,608 1110,608 1154,605 1199,602 1244,602 1289,599"/>
                <TextEquiv>
                    <Unicode>Herrn</Unicode>
                </TextEquiv>
            </TextLine>
            <TextLine id="tr_1_tl_20" custom="readingOrder {index:19;}">
                <Coords points="1798,645 2481,663 2764,627 2864,668 3099,638 3099,582 2284,562 2160,604 1798,595"/>
                <Baseline points="1808,629 1850,629 1895,629 1939,632 1984,632 2029,629 2074,629 2118,629 2163,629 2208,626 2253,626 2298,623 2342,623 2387,623 2432,623 2477,626 2521,623 2566,623 2611,623 2656,626 2700,623 2745,623 2790,620 2835,620 2880,623 2924,626 2969,626 3014,626 3059,626 3103,623"/>
                <TextEquiv>
                    <Unicode>mit der ganzen Überlegenheit einer erfahrenen</Unicode>
                </TextEquiv>
            </TextLine>
            <TextLine id="tr_1_tl_21" custom="readingOrder {index:20;}">
                <Coords points="3359,638 3419,666 3600,632 3654,663 4003,629 4435,650 4458,598 3359,607"/>
                <Baseline points="3369,632 3387,632 3432,632 3476,635 3521,632 3566,632 3611,632 3655,632 3700,632 3745,632 3790,632 3835,629 3879,629 3924,629 3969,626 4014,626 4058,626 4103,626 4148,626 4193,626 4237,626 4282,626 4327,626 4372,629 4417,629 4461,629"/>
                <TextEquiv>
                    <Unicode>nach einem Unkunft in’s Sanatorium Herr</Unicode>
                </TextEquiv>
            </TextLine>
            <TextLine id="tr_1_tl_22" custom="readingOrder {index:21;}">
                <Coords points="177,691 235,697 285,674 351,690 376,675 468,677 514,700 616,661 679,681 681,623 505,620 471,652 376,631 335,643 299,622 238,647 210,623 179,627"/>
                <Baseline points="188,674 193,674 238,674 283,671 328,668 373,665 417,665 462,665 507,662 552,662 596,659 641,656 686,647"/>
                <TextEquiv>
                    <Unicode>weilen hat. Lassen Sie sich</Unicode>
                </TextEquiv>
            </TextLine>
            <TextLine id="tr_1_tl_23" custom="readingOrder {index:22;}">
                <Coords points="3366,727 3706,688 3971,718 4106,681 4159,718 4283,684 4485,709 4485,659 4378,631 4242,661 4104,632 3826,666 3771,639 3704,672 3606,634 3368,659"/>
                <Baseline points="3378,686 3414,689 3459,692 3503,692 3548,692 3593,689 3638,689 3682,686 3727,686 3772,686 3817,686 3861,686 3906,683 3951,680 3996,680 4040,677 4085,677 4130,677 4175,680 4220,677 4264,677 4309,677 4354,677 4399,680 4443,680 4488,680"/>
                <TextEquiv>
                    <Unicode>gebracht hat – aber wirklich gebracht mit Tag¬</Unicode>
                </TextEquiv>
            </TextLine>
            <TextLine id="tr_1_tl_24" custom="readingOrder {index:23;}">
                <Coords points="1813,720 2687,693 2990,742 3167,702 3167,641 3006,627 2896,665 2273,636 2205,681 1813,641"/>
                <Baseline points="1823,689 1868,686 1913,692 1957,692 2002,692 2047,692 2092,692 2136,692 2181,692 2226,692 2271,692 2315,692 2360,686 2405,689 2450,686 2495,689 2539,689 2584,689 2629,689 2674,692 2718,689 2763,689 2808,689 2853,692 2897,692 2942,692 2987,692 3032,692 3077,692 3121,695 3166,692 3172,692"/>
                <TextEquiv>
                    <Unicode>Lehrerin mir, dem Ungeschickten, wol zwanzigmal</Unicode>
                </TextEquiv>
            </TextLine>
            <TextLine id="tr_1_tl_25" custom="readingOrder {index:24;}">
                <Coords points="176,736 202,751 321,727 448,751 493,725 598,731 650,716 711,733 713,697 657,690 616,661 512,700 469,677 351,690 290,675 211,715 176,711"/>
                <Baseline points="185,734 223,734 268,731 313,728 358,722 402,722 447,722 492,719 537,719 581,716 626,713 671,713 716,710"/>
                <TextEquiv>
                    <Unicode>nicht auch dazu verleiten.</Unicode>
                </TextEquiv>
            </TextLine>
            <TextLine id="tr_1_tl_26" custom="readingOrder {index:25;}">
                <Coords points="186,799 1426,754 1489,729 1492,650 1064,623 948,672 833,650 729,727 188,747"/>
                <Baseline points="196,790 235,787 280,781 325,778 370,775 414,775 459,772 504,769 549,761 593,761 638,755 683,755 725,749 731,749 775,749 820,746 865,746 910,743 955,737 999,734 1044,734 1089,731 1134,731 1178,728 1223,728 1268,725 1313,725 1357,725 1402,722 1447,719 1492,716"/>
                <TextEquiv>
                    <Unicode>In Tochter war ich auch. Der Arthur Schnitzler</Unicode>
                </TextEquiv>
            </TextLine>
            <TextLine id="tr_1_tl_27" custom="readingOrder {index:26;}">
                <Coords points="3382,761 3593,751 3686,781 3935,767 3980,734 4054,772 4123,738 4421,756 4421,715 4358,684 4288,715 3855,691 3738,725 3647,691 3538,736 3470,700 3384,724"/>
                <Baseline points="3393,743 3396,746 3441,746 3485,749 3530,749 3575,749 3620,746 3664,743 3709,743 3754,743 3799,740 3844,737 3888,734 3933,734 3978,734 4023,734 4067,734 4112,731 4157,731 4202,731 4246,731 4291,731 4336,731 4381,731 4425,731"/>
                <TextEquiv>
                    <Unicode>bahre! – Sie sehen, wie stolz mich das macht –</Unicode>
                </TextEquiv>
            </TextLine>
            <TextLine id="tr_1_tl_28" custom="readingOrder {index:27;}">
                <Coords points="1804,781 3174,779 3174,720 3095,708 1804,720"/>
                <Baseline points="1814,746 1859,749 1904,749 1948,752 1993,755 2038,755 2083,755 2127,755 2172,755 2217,758 2262,755 2307,752 2351,749 2396,752 2441,752 2486,752 2530,752 2575,752 2620,752 2665,752 2709,752 2754,749 2799,749 2844,749 2888,749 2933,746 2978,749 3023,749 3068,749 3112,755 3157,755 3178,752"/>
                <TextEquiv>
                    <Unicode>gezeigt, wie man vom Schenal springte, ohne zu fallen¬</Unicode>
                </TextEquiv>
            </TextLine>
            <TextLine id="tr_1_tl_29" custom="readingOrder {index:28;}">
                <Coords points="192,892 684,880 1075,806 1454,849 1462,761 1028,743 656,829 193,853"/>
                <Baseline points="202,874 208,862 247,877 292,874 337,871 382,868 426,865 471,862 516,859 561,856 605,853 650,850 695,847 737,832 749,829 793,826 838,823 883,817 928,814 972,808 1017,805 1062,808 1107,805 1152,802 1196,799 1241,796 1286,793 1331,793 1375,793 1420,790 1465,781"/>
                <TextEquiv>
                    <Unicode>Ist ist mein Bruder in Hotel Lattmann</Unicode>
                </TextEquiv>
            </TextLine>
            <TextLine id="tr_1_tl_30" custom="readingOrder {index:29;}">
                <Coords points="3384,819 3803,811 3914,840 4070,811 4145,838 4233,797 4378,828 4469,808 4469,742 3830,751 3708,783 3516,754 3384,795"/>
                <Baseline points="3393,808 3399,808 3444,808 3488,805 3533,805 3578,802 3623,802 3667,802 3712,802 3757,799 3802,799 3847,796 3891,793 3936,793 3981,787 4026,790 4070,787 4115,790 4160,787 4205,787 4249,787 4294,790 4339,790 4384,790 4428,793 4473,793"/>
                <TextEquiv>
                    <Unicode>als blinddromverdächtig“. Nach 41/2 Tagen</Unicode>
                </TextEquiv>
            </TextLine>
            <TextLine id="tr_1_tl_31" custom="readingOrder {index:30;}">
                <Coords points="184,856 233,865 321,837 353,858 389,838 439,842 536,813 652,831 656,783 625,763 534,788 448,781 398,808 367,792 188,801"/>
                <Baseline points="196,832 211,832 256,832 301,829 346,826 390,823 435,817 480,817 525,811 570,808 614,805 659,793"/>
                <TextEquiv>
                    <Unicode>Einen ganzen Zum</Unicode>
                </TextEquiv>
            </TextLine>
            <TextLine id="tr_1_tl_32" custom="readingOrder {index:31;}">
                <Coords points="1870,842 2273,815 2415,853 2674,817 2798,847 2836,813 3043,828 3043,767 1870,785"/>
                <Baseline points="1880,811 1883,811 1927,811 1972,814 2017,814 2062,814 2107,814 2151,814 2196,814 2241,814 2286,814 2330,814 2375,811 2420,814 2465,811 2509,811 2554,811 2599,811 2644,811 2689,811 2733,808 2778,808 2823,805 2868,805 2912,805 2957,808 3002,805 3047,802"/>
                <TextEquiv>
                    <Unicode>ohne aber dabei auch nur einen Augenblick</Unicode>
                </TextEquiv>
            </TextLine>
            <TextLine id="tr_1_tl_33" custom="readingOrder {index:32;}">
                <Coords points="3384,880 3645,912 3762,874 4215,863 4290,906 4417,865 4464,888 4466,806 4150,838 4068,811 3955,844 3833,815 3541,835 3477,804 3385,831"/>
                <Baseline points="3393,868 3396,871 3441,868 3485,865 3530,865 3575,865 3620,862 3664,859 3709,859 3754,862 3799,859 3844,859 3888,856 3933,856 3978,856 4023,853 4067,850 4112,856 4157,853 4202,853 4246,853 4291,850 4336,850 4381,853 4425,853 4470,853"/>
                <TextEquiv>
                    <Unicode>Beobachtung“ hat man mich wieder gesund</Unicode>
                </TextEquiv>
            </TextLine>
            <TextLine id="tr_1_tl_34" custom="readingOrder {index:33;}">
                <Coords points="1816,910 2072,883 2132,919 2300,888 2445,926 2601,894 3036,917 3117,905 3117,838 2845,819 2689,862 2603,819 2339,856 2273,815 1816,851"/>
                <Baseline points="1826,877 1871,871 1916,874 1960,874 2005,868 2050,871 2095,874 2139,874 2184,874 2229,874 2274,871 2318,874 2363,874 2408,877 2453,877 2498,877 2542,877 2587,877 2632,877 2677,877 2721,880 2766,877 2811,874 2856,874 2900,877 2945,880 2990,877 3035,877 3079,880 3121,880"/>
                <TextEquiv>
                    <Unicode>meine schützende Hand auszulassen. Mir geht</Unicode>
                </TextEquiv>
            </TextLine>
            <TextLine id="tr_1_tl_35" custom="readingOrder {index:34;}">
                <Coords points="931,922 1039,894 1073,912 1281,908 1302,892 1334,901 1385,885 1386,842 1257,815 1209,831 1170,813 1137,833 1078,804 1008,849 989,833 935,853"/>
                <Baseline points="943,892 946,883 987,883 1032,886 1077,883 1122,877 1166,880 1211,877 1256,877 1301,877 1346,874 1390,871"/>
                <TextEquiv>
                    <Unicode>Celerina</Unicode>
                </TextEquiv>
            </TextLine>
            <TextLine id="tr_1_tl_36" custom="readingOrder {index:35;}">
                <Coords points="179,935 278,946 308,930 593,931 648,910 699,937 702,878 643,854 498,890 382,874 301,906 224,887 183,896"/>
                <Baseline points="191,925 211,925 256,925 301,922 346,922 390,919 435,919 480,916 525,913 570,910 614,904 659,901 704,895"/>
                <TextEquiv>
                    <Unicode>meinen back, er ist aber.</Unicode>
                </TextEquiv>
            </TextLine>
            <TextLine id="tr_1_tl_37" custom="readingOrder {index:36;}">
                <Coords points="3394,933 3545,957 3751,924 3806,958 4080,915 4498,960 4482,878 4295,901 4213,863 4075,888 4012,860 3647,910 3394,887"/>
                <Baseline points="3405,925 3429,925 3473,922 3518,922 3563,922 3608,925 3653,922 3697,919 3742,919 3787,916 3832,916 3876,913 3921,913 3966,916 4011,913 4055,913 4100,913 4145,913 4190,910 4234,913 4279,916 4324,919 4369,919 4414,922 4458,919 4503,922"/>
                <TextEquiv>
                    <Unicode>entlassen, ohne zu schneiden. Das Patronappe¬</Unicode>
                </TextEquiv>
            </TextLine>
            <TextLine id="tr_1_tl_38" custom="readingOrder {index:37;}">
                <Coords points="1306,964 1318,964 1343,944 1381,957 1404,942 1424,957 1471,942 1515,951 1515,867 1447,883 1431,874 1381,881 1334,901 1306,901"/>
                <Baseline points="1316,922 1360,925 1405,928 1450,922 1495,925 1519,922"/>
                <TextEquiv>
                    <Unicode>r)</Unicode>
                </TextEquiv>
            </TextLine>
            <TextLine id="tr_1_tl_39" custom="readingOrder {index:38;}">
                <Coords points="951,949 973,958 1060,951 1136,964 1159,964 1171,953 1197,964 1236,962 1238,906 1227,903 1200,912 1109,906 1087,915 1041,892 978,914 953,906"/>
                <Baseline points="961,943 969,940 1014,943 1059,946 1104,943 1149,943 1193,943 1238,934"/>
                <TextEquiv>
                    <Unicode>Schmerz</Unicode>
                </TextEquiv>
            </TextLine>
            <TextLine id="tr_1_tl_40" custom="readingOrder {index:39;}">
                <Coords points="1811,960 2323,948 2526,991 2662,942 3083,982 3122,971 3122,899 1811,917"/>
                <Baseline points="1820,943 1865,946 1910,946 1954,943 1999,946 2044,946 2089,943 2133,943 2178,940 2223,943 2268,943 2312,943 2357,946 2402,946 2447,946 2492,943 2536,940 2581,943 2626,940 2671,943 2715,943 2760,946 2805,946 2850,943 2894,946 2939,946 2984,946 3029,952 3074,952 3118,952 3127,952"/>
                <TextEquiv>
                    <Unicode>es verläufig – wieder ganz gut. Von Ihrem über¬</Unicode>
                </TextEquiv>
            </TextLine>
            <TextLine id="tr_1_tl_41" custom="readingOrder {index:40;}">
                <Coords points="184,1012 315,976 394,998 455,980 512,1000 605,965 686,983 690,935 623,919 523,922 476,944 441,926 380,948 340,928 288,946 233,930 188,940"/>
                <Baseline points="196,975 199,975 244,975 289,972 334,972 379,969 423,969 468,969 513,963 558,961 602,955 647,955 692,952"/>
                <TextEquiv>
                    <Unicode>fast Alleinherrscher im</Unicode>
                </TextEquiv>
            </TextLine>
            <TextLine id="tr_1_tl_42" custom="readingOrder {index:41;}">
                <Coords points="3394,1010 3434,989 3579,1034 4145,985 4426,1034 4428,949 3860,926 3805,958 3744,933 3642,967 3394,958"/>
                <Baseline points="3405,984 3447,984 3491,987 3536,984 3581,984 3626,984 3670,981 3715,978 3760,978 3805,978 3849,975 3894,978 3939,975 3984,972 4029,972 4073,972 4118,972 4163,969 4208,969 4252,969 4297,972 4342,975 4387,978 4431,978"/>
                <TextEquiv>
                    <Unicode>war schmerzhaft, dafür aber nicht billig.</Unicode>
                </TextEquiv>
            </TextLine>
            <TextLine id="tr_1_tl_43" custom="readingOrder {index:42;}">
                <Coords points="980,1016 1204,1037 1360,1008 1424,1035 1471,1030 1497,1025 1501,949 982,960"/>
                <Baseline points="990,1008 1011,1005 1056,1008 1101,1008 1146,1008 1190,1008 1235,1002 1280,1002 1325,999 1369,999 1414,996 1459,990 1504,987"/>
                <TextEquiv>
                    <Unicode>Gresta Palace</Unicode>
                </TextEquiv>
            </TextLine>
            <TextLine id="tr_1_tl_44" custom="readingOrder {index:43;}">
                <Coords points="192,1043 272,1050 364,1026 455,1046 530,1014 629,1035 695,1019 699,974 675,983 605,965 507,1000 471,983 416,996 351,978 193,1007"/>
                <Baseline points="202,1032 208,1032 253,1029 298,1026 343,1020 387,1017 432,1017 477,1014 522,1011 567,1011 611,1005 656,1005 701,1002"/>
                <TextEquiv>
                    <Unicode>Hôtel. – Wisser die schon</Unicode>
                </TextEquiv>
            </TextLine>
            <TextLine id="tr_1_tl_45" custom="readingOrder {index:44;}">
                <Coords points="1834,1034 3104,1019 3104,974 2981,958 2741,985 2583,951 2508,992 1834,951"/>
                <Baseline points="1844,1002 1889,1008 1933,1008 1978,1011 2023,1011 2068,1011 2113,1008 2157,1011 2202,1008 2247,1011 2292,1011 2336,1011 2381,1011 2426,1014 2471,1014 2515,1014 2560,1011 2605,1008 2650,1008 2694,1008 2739,1008 2784,1005 2829,1005 2874,1005 2918,1005 2963,1005 3008,1008 3053,1008 3097,1005 3109,1005"/>
                <TextEquiv>
                    <Unicode>ruhligen Geraden könnten wir hier wirklich etwas</Unicode>
                </TextEquiv>
            </TextLine>
            <TextLine id="tr_1_tl_46" custom="readingOrder {index:45;}">
                <Coords points="184,1080 269,1094 315,1069 399,1089 476,1059 614,1071 632,1057 684,1077 729,1055 795,1057 797,1021 733,1010 629,1034 532,1014 460,1044 360,1026 270,1051 186,1046"/>
                <Baseline points="196,1074 217,1074 262,1071 307,1068 352,1065 396,1065 441,1059 486,1056 531,1053 576,1053 620,1050 665,1047 710,1047 755,1044 799,1044"/>
                <TextEquiv>
                    <Unicode>daß auf Huge einterufen i/2 72</Unicode>
                </TextEquiv>
            </TextLine>
            <TextLine id="tr_1_tl_47" custom="readingOrder {index:46;}">
                <Coords points="1852,1087 2210,1080 2305,1136 3135,1130 3120,1017 1850,1037"/>
                <Baseline points="1862,1062 1907,1068 1951,1071 1996,1074 2041,1077 2086,1077 2130,1074 2175,1077 2220,1077 2265,1077 2309,1077 2354,1074 2399,1077 2444,1077 2489,1077 2533,1077 2578,1074 2623,1074 2668,1074 2712,1074 2757,1071 2802,1071 2847,1074 2891,1077 2936,1077 2981,1077 3026,1077 3071,1080 3115,1083 3139,1083"/>
                <TextEquiv>
                    <Unicode>breuchen, denn selbst an den leidlichen Tagen</Unicode>
                </TextEquiv>
            </TextLine>
            <TextLine id="tr_1_tl_48" custom="readingOrder {index:47;}">
                <Coords points="211,1148 503,1111 663,1177 1182,1143 1207,1034 1039,1037 922,985 695,1077 476,1059 342,1103 306,1073 215,1093"/>
                <Baseline points="223,1122 268,1125 313,1119 358,1119 402,1113 447,1107 492,1104 537,1107 581,1107 626,1104 671,1104 716,1104 761,1101 805,1101 850,1083 895,1077 940,1074 984,1071 1029,1074 1074,1074 1119,1074 1163,1080 1208,1074"/>
                <TextEquiv>
                    <Unicode>Ihrer Frau und die herzlichst griften Bagaz.</Unicode>
                </TextEquiv>
            </TextLine>
            <TextLine id="tr_1_tl_49" custom="readingOrder {index:48;}">
                <Coords points="328,1182 358,1186 373,1171 410,1173 432,1164 444,1179 473,1188 493,1177 511,1184 525,1171 550,1171 553,1114 521,1127 503,1112 462,1123 448,1112 421,1128 396,1132 369,1120 349,1134 330,1134"/>
                <Baseline points="340,1154 376,1152 420,1146 465,1146 510,1143 555,1140"/>
                <TextEquiv>
                    <Unicode>dh Gertan</Unicode>
                </TextEquiv>
            </TextLine>
            <TextLine id="tr_1_tl_50" custom="readingOrder {index:49;}">
                <Coords points="3437,1240 3482,1223 3591,1249 3625,1223 3665,1241 3685,1231 3858,1243 3857,1132 3796,1143 3754,1139 3726,1118 3663,1136 3617,1116 3586,1127 3523,1111 3484,1127 3436,1114"/>
                <Baseline points="3447,1211 3491,1214 3536,1220 3581,1220 3626,1223 3670,1226 3715,1223 3760,1220 3805,1220 3849,1220 3861,1220"/>
                <TextEquiv>
                    <Unicode>etobz 14. III.</Unicode>
                </TextEquiv>
            </TextLine>
            <TextLine id="tr_1_tl_51" custom="readingOrder {index:50;}">
                <Coords points="2436,1266 2515,1245 2626,1261 2721,1236 2965,1256 2968,1128 2440,1157"/>
                <Baseline points="2447,1232 2477,1235 2521,1232 2566,1232 2611,1232 2656,1232 2700,1229 2745,1226 2790,1226 2835,1223 2880,1220 2924,1223 2969,1217"/>
                <TextEquiv>
                    <Unicode>21. - VIII - 13</Unicode>
                </TextEquiv>
            </TextLine>
            <TextLine id="tr_1_tl_52" custom="readingOrder {index:51;}">
                <Coords points="2087,1275 2139,1259 2157,1268 2205,1250 2219,1261 2266,1250 2270,1159 2227,1166 2200,1157 2178,1168 2164,1163 2135,1173 2123,1159 2092,1150"/>
                <Baseline points="2098,1250 2136,1247 2181,1244 2226,1241 2271,1247"/>
                <TextEquiv>
                    <Unicode>.p.</Unicode>
                </TextEquiv>
            </TextLine>
            <TextLine id="tr_1_tl_53" custom="readingOrder {index:52;}">
                <Coords points="1127,1277 1159,1274 1177,1286 1191,1275 1209,1297 1249,1279 1284,1297 1295,1193 1281,1189 1272,1197 1266,1191 1209,1189 1188,1202 1177,1197 1134,1204"/>
                <Baseline points="1137,1265 1157,1262 1202,1253 1247,1253 1292,1247"/>
                <TextEquiv>
                    <Unicode>TERS</Unicode>
                </TextEquiv>
            </TextLine>
            <TextLine id="tr_1_tl_54" custom="readingOrder {index:53;}">
                <Coords points="801,1295 856,1281 949,1306 969,1286 1066,1295 1085,1284 1084,1222 1071,1225 1037,1206 1001,1232 948,1223 924,1231 862,1198 844,1207 799,1206"/>
                <Baseline points="811,1256 856,1256 901,1256 946,1256 990,1259 1035,1259 1080,1262 1089,1259"/>
                <TextEquiv>
                    <Unicode>sehr archot</Unicode>
                </TextEquiv>
            </TextLine>
            <TextLine id="tr_1_tl_55" custom="readingOrder {index:54;}">
                <Coords points="459,1313 525,1309 559,1279 613,1288 665,1270 715,1270 718,1179 697,1170 647,1182 611,1166 579,1179 525,1171 507,1188 462,1186"/>
                <Baseline points="471,1268 495,1268 540,1268 584,1268 629,1265 674,1265 719,1259"/>
                <TextEquiv>
                    <Unicode>3. VII. 14</Unicode>
                </TextEquiv>
            </TextLine>
            <TextLine id="tr_1_tl_56" custom="readingOrder {index:55;}">
                <Coords points="2112,1293 2141,1299 2148,1291 2158,1299 2164,1293 2184,1293 2223,1279 2239,1283 2264,1279 2266,1250 2248,1252 2239,1241 2155,1268 2146,1259 2114,1265"/>
                <Baseline points="2124,1280 2133,1280 2178,1277 2223,1274 2271,1267"/>
                <TextEquiv>
                    <Unicode>G.H.F.P</Unicode>
                </TextEquiv>
            </TextLine>
            <TextLine id="tr_1_tl_57" custom="readingOrder {index:56;}">
                <Coords points="1686,1360 2407,1318 2538,1365 2671,1313 3022,1334 3024,1277 2728,1236 2633,1281 1687,1279"/>
                <Baseline points="1695,1325 1731,1322 1775,1322 1820,1322 1865,1322 1910,1322 1954,1322 1999,1325 2044,1322 2089,1322 2133,1322 2178,1319 2223,1316 2268,1313 2312,1313 2357,1313 2402,1313 2447,1313 2492,1313 2536,1313 2581,1313 2626,1310 2671,1310 2715,1307 2760,1304 2805,1301 2850,1301 2894,1298 2939,1298 2984,1298 3029,1292"/>
                <TextEquiv>
                    <Unicode>Lieber Arthur, es geht mir eigentlich wieder¬</Unicode>
                </TextEquiv>
            </TextLine>
            <TextLine id="tr_1_tl_58" custom="readingOrder {index:57;}">
                <Coords points="3222,1401 3326,1352 3369,1369 3398,1351 3540,1381 3581,1363 3701,1397 3731,1372 3805,1401 3839,1372 3839,1302 3753,1291 3665,1322 3624,1293 3584,1306 3516,1275 3497,1293 3394,1274 3375,1291 3301,1261 3271,1283 3221,1281"/>
                <Baseline points="3232,1340 3276,1346 3321,1343 3366,1346 3411,1346 3456,1348 3500,1351 3545,1351 3590,1351 3635,1348 3679,1354 3724,1354 3769,1351 3814,1351 3844,1346"/>
                <TextEquiv>
                    <Unicode>Heile Amtsur, endlich</Unicode>
                </TextEquiv>
            </TextLine>
            <TextLine id="tr_1_tl_59" custom="readingOrder {index:58;}">
                <Coords points="1698,1429 2726,1395 3031,1334 2732,1309 2515,1363 2407,1320 2207,1358 2046,1336 1983,1374 1700,1358"/>
                <Baseline points="1710,1384 1736,1387 1781,1390 1826,1393 1871,1390 1916,1390 1960,1387 2005,1387 2050,1387 2095,1387 2139,1387 2184,1384 2229,1381 2274,1381 2318,1378 2363,1378 2408,1375 2453,1375 2498,1375 2542,1372 2587,1372 2632,1369 2677,1366 2721,1363 2766,1360 2811,1357 2856,1357 2900,1357 2945,1357 2990,1357 3035,1354"/>
                <TextEquiv>
                    <Unicode>ganz gut, oder = gemeiner ausgedrückt – mein</Unicode>
                </TextEquiv>
            </TextLine>
            <TextLine id="tr_1_tl_60" custom="readingOrder {index:59;}">
                <Coords points="1721,1453 1913,1489 2370,1437 2755,1462 2950,1444 3036,1377 1723,1410"/>
                <Baseline points="1731,1447 1739,1450 1784,1450 1829,1453 1874,1453 1919,1450 1963,1450 2008,1450 2053,1450 2098,1447 2142,1447 2187,1447 2232,1444 2277,1441 2321,1441 2366,1438 2411,1438 2456,1435 2501,1435 2545,1432 2590,1432 2635,1432 2680,1429 2724,1420 2769,1417 2814,1417 2859,1414 2903,1414 2948,1414 2993,1414 3038,1411"/>
                <TextEquiv>
                    <Unicode>Befinden ist würden so, wie es vor dem plötzlichen</Unicode>
                </TextEquiv>
            </TextLine>
            <TextLine id="tr_1_tl_61" custom="readingOrder {index:60;}">
                <Coords points="172,1462 220,1462 272,1431 315,1446 527,1431 666,1478 761,1471 761,1374 731,1356 666,1367 616,1401 561,1363 514,1369 475,1401 439,1386 392,1401 224,1354 172,1379"/>
                <Baseline points="182,1420 226,1426 271,1429 316,1426 361,1423 405,1423 450,1420 495,1423 540,1426 584,1423 629,1423 674,1423 719,1426 764,1429"/>
                <TextEquiv>
                    <Unicode>Zu meiner Überraschung</Unicode>
                </TextEquiv>
            </TextLine>
            <TextLine id="tr_1_tl_62" custom="readingOrder {index:61;}">
                <Coords points="3235,1472 3305,1444 3339,1465 3393,1454 3439,1476 3534,1480 3806,1437 3806,1401 3731,1372 3703,1395 3634,1377 3563,1390 3482,1363 3403,1399 3357,1383 3328,1406 3267,1379 3235,1388"/>
                <Baseline points="3244,1420 3288,1423 3333,1426 3378,1426 3423,1432 3467,1435 3512,1438 3557,1438 3602,1435 3647,1435 3691,1435 3736,1432 3781,1432 3811,1429"/>
                <TextEquiv>
                    <Unicode>einl schönes Wetter</Unicode>
                </TextEquiv>
            </TextLine>
            <TextLine id="tr_1_tl_63" custom="readingOrder {index:62;}">
                <Coords points="1727,1533 2671,1489 3110,1535 3113,1437 1729,1472"/>
                <Baseline points="1736,1504 1772,1507 1817,1507 1862,1507 1907,1507 1951,1507 1996,1510 2041,1507 2086,1504 2130,1504 2175,1504 2220,1501 2265,1501 2309,1495 2354,1498 2399,1495 2444,1492 2489,1492 2533,1489 2578,1486 2623,1486 2668,1486 2712,1483 2757,1480 2802,1483 2847,1483 2891,1480 2936,1480 2981,1477 3026,1477 3071,1477 3115,1477"/>
                <TextEquiv>
                    <Unicode>Anfall war. Wenn nur das Wasser ein kischen freundlichen</Unicode>
                </TextEquiv>
            </TextLine>
            <TextLine id="tr_1_tl_64" custom="readingOrder {index:63;}">
                <Coords points="1164,1523 1200,1533 1240,1517 1274,1524 1336,1499 1354,1514 1397,1499 1540,1512 1539,1431 1467,1420 1431,1453 1406,1454 1372,1422 1263,1435 1225,1404 1211,1419 1161,1386"/>
                <Baseline points="1175,1483 1220,1486 1265,1483 1283,1483 1313,1486 1357,1492 1402,1492 1447,1492 1492,1492 1537,1489 1545,1489"/>
                <TextEquiv>
                    <Unicode>K.S. N. 3/3</Unicode>
                </TextEquiv>
            </TextLine>
            <TextLine id="tr_1_tl_65" custom="readingOrder {index:64;}">
                <Coords points="192,1514 299,1539 437,1512 493,1535 584,1503 677,1512 679,1474 552,1444 525,1463 473,1465 448,1447 340,1438 272,1472 193,1451"/>
                <Baseline points="202,1498 235,1498 280,1498 325,1495 370,1489 414,1492 459,1489 504,1489 549,1492 593,1492 638,1492 683,1486"/>
                <TextEquiv>
                    <Unicode>bin ich seit gestern</Unicode>
                </TextEquiv>
            </TextLine>
            <TextLine id="tr_1_tl_66" custom="readingOrder {index:65;}">
                <Coords points="3235,1535 3360,1549 3377,1566 3480,1532 3577,1553 3633,1535 3668,1557 3754,1530 3814,1542 3812,1472 3771,1467 3695,1499 3584,1465 3531,1497 3393,1454 3323,1487 3262,1462 3235,1472"/>
                <Baseline points="3244,1507 3288,1513 3333,1516 3378,1516 3423,1522 3467,1525 3512,1522 3557,1522 3602,1522 3647,1525 3691,1525 3736,1525 3781,1522 3817,1522"/>
                <TextEquiv>
                    <Unicode>und hier ist es auf</Unicode>
                </TextEquiv>
            </TextLine>
            <TextLine id="tr_1_tl_67" custom="readingOrder {index:66;}">
                <Coords points="1673,1587 3054,1569 3113,1551 3115,1481 2884,1526 1673,1528"/>
                <Baseline points="1683,1554 1728,1557 1772,1560 1817,1560 1862,1563 1907,1560 1951,1563 1996,1563 2041,1563 2086,1563 2130,1563 2175,1563 2220,1563 2265,1566 2309,1560 2354,1560 2399,1557 2444,1554 2489,1554 2533,1551 2578,1551 2623,1548 2668,1545 2712,1545 2757,1542 2802,1542 2847,1545 2891,1545 2936,1542 2981,1539 3026,1542 3071,1542 3115,1537"/>
                <TextEquiv>
                    <Unicode>wäre. Aber oft ist es so, daß es nicht einmal für einen</Unicode>
                </TextEquiv>
            </TextLine>
            <TextLine id="tr_1_tl_68" custom="readingOrder {index:67;}">
                <Coords points="167,1576 279,1605 387,1575 450,1609 536,1567 631,1607 693,1562 742,1573 743,1489 451,1546 392,1524 297,1539 168,1514"/>
                <Baseline points="179,1569 208,1569 253,1569 298,1566 343,1563 387,1560 432,1560 477,1560 522,1560 567,1560 611,1557 656,1554 701,1557 746,1563"/>
                <TextEquiv>
                    <Unicode>Nachmittag wirklich hier</Unicode>
                </TextEquiv>
            </TextLine>
            <TextLine id="tr_1_tl_69" custom="readingOrder {index:68;}">
                <Coords points="3860,1628 3885,1612 3898,1617 3917,1601 3937,1605 3948,1594 3966,1609 3982,1605 3993,1614 4018,1601 4052,1621 4066,1607 4077,1609 4077,1555 4005,1571 3912,1549 3889,1571 3860,1575"/>
                <Baseline points="3870,1587 3915,1596 3960,1596 4005,1596 4049,1596 4082,1593"/>
                <TextEquiv>
                    <Unicode>Herrn</Unicode>
                </TextEquiv>
            </TextLine>
            <TextLine id="tr_1_tl_70" custom="readingOrder {index:69;}">
                <Coords points="3176,1619 3264,1603 3316,1628 3402,1628 3450,1659 3495,1619 3643,1612 3715,1634 3783,1617 3781,1575 3753,1557 3695,1575 3670,1562 3643,1583 3461,1548 3389,1566 3253,1535 3219,1503 3172,1512"/>
                <Baseline points="3184,1593 3229,1596 3273,1596 3318,1599 3363,1599 3408,1599 3453,1599 3497,1602 3542,1605 3587,1605 3632,1608 3676,1611 3721,1611 3766,1611 3787,1611"/>
                <TextEquiv>
                    <Unicode>endlich einmal</Unicode>
                </TextEquiv>
            </TextLine>
            <TextLine id="tr_1_tl_71" custom="readingOrder {index:70;}">
                <Coords points="4295,1643 4304,1643 4324,1628 4329,1630 4353,1616 4387,1625 4383,1519 4374,1519 4344,1492 4306,1517 4292,1514"/>
                <Baseline points="4303,1593 4348,1593 4390,1596"/>
                <TextEquiv>
                    <Unicode>be</Unicode>
                </TextEquiv>
            </TextLine>
            <TextLine id="tr_1_tl_72" custom="readingOrder {index:71;}">
                <Coords points="1721,1648 2010,1623 2370,1655 2504,1619 2640,1652 2683,1621 2984,1626 2986,1557 2601,1555 2434,1598 2266,1571 2216,1603 1723,1580"/>
                <Baseline points="1731,1617 1736,1614 1781,1620 1826,1620 1871,1620 1916,1623 1960,1623 2005,1620 2050,1620 2095,1623 2139,1623 2184,1623 2229,1620 2274,1620 2318,1620 2363,1617 2408,1617 2453,1614 2498,1614 2542,1614 2587,1611 2632,1608 2677,1608 2721,1602 2766,1602 2811,1605 2856,1605 2900,1602 2945,1602 2990,1599"/>
                <TextEquiv>
                    <Unicode>Schezingenz in den Volkszeiten reicht. Einen der</Unicode>
                </TextEquiv>
            </TextLine>
            <TextLine id="tr_1_tl_73" custom="readingOrder {index:72;}">
                <Coords points="792,1664 1000,1626 1071,1646 1189,1619 1266,1644 1345,1617 1539,1628 1540,1553 1376,1512 1227,1549 1123,1533 1093,1560 1028,1528 958,1557 894,1503 794,1546"/>
                <Baseline points="802,1626 829,1629 874,1629 919,1623 963,1623 1008,1623 1053,1620 1098,1617 1143,1617 1187,1617 1232,1614 1277,1611 1322,1611 1366,1611 1411,1611 1456,1614 1501,1614 1545,1614"/>
                <TextEquiv>
                    <Unicode>Herrn Dr Artlem Schnitzler</Unicode>
                </TextEquiv>
            </TextLine>
            <TextLine id="tr_1_tl_74" custom="readingOrder {index:73;}">
                <Coords points="183,1655 247,1675 342,1668 407,1641 482,1669 514,1648 711,1671 727,1664 729,1598 672,1580 618,1610 575,1585 545,1600 507,1585 473,1614 358,1580 245,1621 184,1617"/>
                <Baseline points="193,1641 196,1641 241,1641 286,1638 331,1635 376,1635 420,1632 465,1632 510,1629 555,1629 599,1629 644,1629 689,1632 734,1632"/>
                <TextEquiv>
                    <Unicode>wir heute sogar schon</Unicode>
                </TextEquiv>
            </TextLine>
            <TextLine id="tr_1_tl_75" custom="readingOrder {index:74;}">
                <Coords points="1729,1695 2506,1716 2701,1684 2948,1725 3013,1689 3013,1609 2637,1652 2465,1619 2370,1655 1729,1644"/>
                <Baseline points="1739,1677 1763,1677 1808,1680 1853,1680 1898,1680 1942,1683 1987,1683 2032,1683 2077,1683 2121,1680 2166,1680 2211,1680 2256,1677 2301,1677 2345,1680 2390,1680 2435,1680 2480,1677 2524,1674 2569,1674 2614,1671 2659,1671 2703,1671 2748,1671 2793,1671 2838,1674 2883,1674 2927,1674 2972,1674 3017,1671"/>
                <TextEquiv>
                    <Unicode>wenigen Abende, die nicht verregnet waren habe ich</Unicode>
                </TextEquiv>
            </TextLine>
            <TextLine id="tr_1_tl_76" custom="readingOrder {index:75;}">
                <Coords points="186,1718 287,1736 425,1712 546,1729 589,1711 629,1727 702,1691 704,1660 616,1675 514,1648 455,1673 371,1652 344,1669 292,1659 247,1675 188,1660"/>
                <Baseline points="196,1707 214,1707 259,1710 304,1707 349,1707 393,1704 438,1704 483,1704 528,1701 573,1698 617,1695 662,1692 707,1686"/>
                <TextEquiv>
                    <Unicode>in Unterach und</Unicode>
                </TextEquiv>
            </TextLine>
            <TextLine id="tr_1_tl_77" custom="readingOrder {index:76;}">
                <Coords points="3240,1693 3459,1745 3860,1691 4577,1754 4575,1614 4394,1598 4252,1662 4018,1603 3912,1669 3543,1614 3452,1659 3240,1653"/>
                <Baseline points="3250,1689 3294,1689 3339,1692 3384,1692 3429,1689 3473,1689 3518,1689 3563,1692 3608,1695 3653,1698 3697,1698 3742,1698 3787,1701 3832,1695 3835,1695 3864,1686 3909,1689 3954,1686 3999,1689 4043,1686 4088,1689 4133,1692 4178,1695 4223,1698 4267,1698 4312,1701 4357,1701 4402,1704 4446,1704 4491,1701 4536,1704 4581,1707"/>
                <TextEquiv>
                    <Unicode>wirklich hauß, ich es Arthur Schnitzler</Unicode>
                </TextEquiv>
            </TextLine>
            <TextLine id="tr_1_tl_78" custom="readingOrder {index:77;}">
                <Coords points="1723,1741 3065,1772 3065,1696 3024,1684 2956,1721 2699,1684 2497,1718 1723,1700"/>
                <Baseline points="1733,1728 1778,1733 1823,1733 1868,1739 1913,1739 1957,1736 2002,1736 2047,1739 2092,1739 2136,1739 2181,1739 2226,1736 2271,1736 2315,1733 2360,1736 2405,1736 2450,1733 2495,1733 2539,1733 2584,1733 2629,1733 2674,1731 2718,1733 2763,1733 2808,1733 2853,1733 2897,1733 2942,1733 2987,1733 3032,1733 3068,1733"/>
                <TextEquiv>
                    <Unicode>mit Tomel Marck im Prater verbracht. Er fährt am 23.</Unicode>
                </TextEquiv>
            </TextLine>
            <TextLine id="tr_1_tl_79" custom="readingOrder {index:78;}">
                <Coords points="193,1800 356,1772 446,1811 469,1788 575,1759 632,1779 745,1766 749,1700 695,1689 647,1721 557,1741 468,1711 416,1734 197,1720"/>
                <Baseline points="205,1772 214,1775 259,1775 304,1775 349,1769 393,1766 438,1766 483,1766 528,1763 573,1760 617,1757 662,1757 707,1754 752,1748"/>
                <TextEquiv>
                    <Unicode>habe dort Herrn und Frei¬</Unicode>
                </TextEquiv>
            </TextLine>
            <TextLine id="tr_1_tl_80" custom="readingOrder {index:79;}">
                <Coords points="3258,1768 3391,1788 3477,1773 3613,1800 3640,1781 3744,1793 3744,1746 3679,1745 3642,1714 3591,1734 3572,1725 3547,1746 3507,1711 3471,1745 3430,1723 3346,1727 3326,1714 3258,1732"/>
                <Baseline points="3268,1757 3312,1763 3357,1763 3402,1763 3447,1763 3491,1763 3536,1763 3581,1763 3626,1763 3670,1763 3715,1769 3748,1772"/>
                <TextEquiv>
                    <Unicode>mit zu Heinden.</Unicode>
                </TextEquiv>
            </TextLine>
            <TextLine id="tr_1_tl_81" custom="readingOrder {index:80;}">
                <Coords points="1729,1840 2257,1804 2338,1840 2560,1811 2755,1840 2936,1823 2938,1772 2468,1741 2101,1791 1926,1746 1730,1766"/>
                <Baseline points="1739,1793 1775,1796 1820,1799 1865,1799 1910,1802 1954,1802 1999,1805 2044,1808 2089,1805 2133,1805 2178,1805 2223,1802 2268,1796 2312,1796 2357,1796 2402,1796 2447,1793 2492,1796 2536,1793 2581,1793 2626,1793 2671,1793 2715,1793 2760,1793 2805,1793 2850,1793 2894,1790 2939,1787"/>
                <TextEquiv>
                    <Unicode>nach München und lußt herzlichst grüßen</Unicode>
                </TextEquiv>
            </TextLine>
            <TextLine id="tr_1_tl_82" custom="readingOrder {index:81;}">
                <Coords points="204,1865 238,1854 333,1865 371,1850 396,1865 487,1859 523,1872 596,1838 613,1852 661,1843 661,1816 568,1775 500,1807 469,1788 446,1811 371,1820 288,1784 204,1809"/>
                <Baseline points="214,1850 217,1850 262,1844 307,1841 352,1838 396,1835 441,1832 486,1835 531,1835 576,1832 620,1835 665,1832"/>
                <TextEquiv>
                    <Unicode>Salten getroffen.</Unicode>
                </TextEquiv>
            </TextLine>
            <TextLine id="tr_1_tl_83" custom="readingOrder {index:82;}">
                <Coords points="3262,1845 3308,1847 3357,1881 3434,1892 3495,1850 3552,1849 3550,1788 3480,1779 3446,1793 3416,1788 3398,1800 3360,1775 3325,1782 3299,1768 3260,1777"/>
                <Baseline points="3271,1832 3315,1838 3360,1844 3405,1844 3450,1844 3494,1841 3539,1838 3557,1841"/>
                <TextEquiv>
                    <Unicode>leißet soll.</Unicode>
                </TextEquiv>
            </TextLine>
            <TextLine id="tr_1_tl_84" custom="readingOrder {index:83;}">
                <Coords points="1791,1899 1995,1881 2049,1922 2150,1890 2339,1926 2767,1879 2807,1911 2948,1861 3052,1899 3054,1797 2452,1854 2103,1816 1793,1843"/>
                <Baseline points="1802,1868 1805,1868 1850,1871 1895,1871 1939,1874 1984,1874 2029,1877 2074,1880 2118,1883 2163,1883 2208,1877 2253,1877 2298,1877 2342,1874 2387,1874 2432,1877 2477,1868 2521,1868 2566,1871 2611,1868 2656,1868 2700,1865 2745,1865 2790,1862 2835,1859 2880,1859 2924,1859 2969,1856 3014,1853 3059,1856"/>
                <TextEquiv>
                    <Unicode>Ich denke Ihnen für ihre Erkündigung, wünsche</Unicode>
                </TextEquiv>
            </TextLine>
            <TextLine id="tr_1_tl_85" custom="readingOrder {index:84;}">
                <Coords points="4057,1960 4149,1974 4204,1929 4254,1945 4322,1922 4458,1938 4487,1924 4543,1942 4573,1929 4568,1832 4390,1807 4326,1836 4240,1834 4104,1793 4048,1800"/>
                <Baseline points="4064,1895 4109,1892 4154,1895 4199,1901 4243,1901 4288,1901 4333,1904 4378,1907 4423,1913 4467,1913 4512,1916 4557,1919 4575,1919"/>
                <TextEquiv>
                    <Unicode>Wien XVIII</Unicode>
                </TextEquiv>
            </TextLine>
            <TextLine id="tr_1_tl_86" custom="readingOrder {index:85;}">
                <Coords points="974,1931 1211,1927 1232,1944 1284,1929 1313,1949 1381,1924 1539,1927 1542,1827 1483,1822 1399,1847 1365,1823 1277,1852 1182,1836 1134,1788 978,1815"/>
                <Baseline points="984,1907 999,1907 1044,1919 1089,1919 1134,1919 1178,1916 1217,1904 1256,1901 1277,1904 1322,1904 1366,1904 1411,1904 1456,1901 1501,1895 1545,1895"/>
                <TextEquiv>
                    <Unicode>Wien XVIII</Unicode>
                </TextEquiv>
            </TextLine>
            <TextLine id="tr_1_tl_87" custom="readingOrder {index:86;}">
                <Coords points="192,1949 274,1972 344,1947 364,1960 396,1936 439,1969 462,1947 498,1956 555,1927 720,1920 740,1913 742,1868 684,1834 659,1854 580,1845 511,1881 487,1858 416,1874 371,1852 344,1875 306,1865 193,1886"/>
                <Baseline points="202,1922 208,1922 253,1922 298,1924 343,1922 387,1919 432,1919 477,1919 522,1922 567,1916 611,1916 656,1910 701,1910 746,1904"/>
                <TextEquiv>
                    <Unicode>Ich grüße Thea Freu und</Unicode>
                </TextEquiv>
            </TextLine>
            <TextLine id="tr_1_tl_88" custom="readingOrder {index:87;}">
                <Coords points="3244,1949 3273,1961 3335,1929 3436,1935 3450,1920 3466,1935 3597,1924 3645,1956 3722,1951 3751,1970 3815,1960 3814,1865 3769,1875 3731,1843 3645,1868 3584,1850 3565,1868 3471,1870 3434,1899 3321,1854 3242,1852"/>
                <Baseline points="3253,1913 3297,1919 3342,1919 3387,1919 3432,1919 3476,1919 3521,1922 3566,1922 3611,1927 3655,1930 3700,1927 3745,1927 3790,1924 3820,1924"/>
                <TextEquiv>
                    <Unicode>Ihn freie uns die herzlichst</Unicode>
                </TextEquiv>
            </TextLine>
            <TextLine id="tr_1_tl_89" custom="readingOrder {index:88;}">
                <Coords points="1759,1976 2124,1942 2278,1981 2434,1936 2583,1974 2724,1933 2846,1974 3006,1929 3006,1893 2939,1877 2321,1924 2151,1890 2047,1924 1997,1881 1825,1922 1761,1890"/>
                <Baseline points="1769,1936 1802,1942 1847,1942 1892,1942 1936,1942 1981,1939 2026,1942 2071,1945 2116,1942 2160,1942 2205,1945 2250,1942 2295,1939 2339,1936 2384,1933 2429,1933 2474,1933 2518,1933 2563,1930 2608,1930 2653,1930 2697,1930 2742,1924 2787,1924 2832,1922 2877,1922 2921,1922 2966,1919 3011,1916"/>
                <TextEquiv>
                    <Unicode>Thüre ob Sie Ihr Weg nun nach dem Eugedin</Unicode>
                </TextEquiv>
            </TextLine>
            <TextLine id="tr_1_tl_90" custom="readingOrder {index:89;}">
                <Coords points="937,1988 946,1988 960,1997 976,1983 987,1986 1007,1981 1025,1990 1030,1986 1046,1986 1041,1931 1012,1931 992,1915 971,1911 949,1895 942,1901 935,1893 926,1895"/>
                <Baseline points="940,1933 984,1942 1029,1945 1047,1945"/>
                <TextEquiv>
                    <Unicode>X</Unicode>
                </TextEquiv>
            </TextLine>
            <TextLine id="tr_1_tl_91" custom="readingOrder {index:90;}">
                <Coords points="3224,2006 3357,1992 3425,2012 3514,1979 3561,2008 3733,2015 3729,1936 3649,1956 3604,1926 3513,1942 3448,1920 3423,1944 3342,1924 3274,1961 3221,1954"/>
                <Baseline points="3232,1981 3279,1984 3324,1981 3369,1978 3414,1978 3459,1978 3503,1978 3548,1981 3593,1990 3638,1999 3682,1999 3727,2002 3736,1999"/>
                <TextEquiv>
                    <Unicode>1913. Juristen, H. Gustav</Unicode>
                </TextEquiv>
            </TextLine>
            <TextLine id="tr_1_tl_92" custom="readingOrder {index:91;}">
                <Coords points="174,2017 251,2042 301,2024 346,2051 394,2035 414,2044 448,2017 491,2033 568,2006 570,1956 534,1944 491,1958 469,1949 439,1967 367,1963 344,1947 278,1976 247,1963 226,1974 204,1949 177,1945"/>
                <Baseline points="185,2002 211,2005 256,2005 301,2002 346,1999 390,2002 435,1996 480,1996 525,1993 570,1990"/>
                <TextEquiv>
                    <Unicode>Sie herzlichst</Unicode>
                </TextEquiv>
            </TextLine>
            <TextLine id="tr_1_tl_93" custom="readingOrder {index:92;}">
                <Coords points="1772,2035 2010,2058 2343,2012 2515,2055 2923,1997 3086,2028 3088,1927 2246,1985 2180,1947 1832,1945 1773,1979"/>
                <Baseline points="1781,2011 1793,2011 1838,2008 1883,2008 1927,2005 1972,2008 2017,2008 2062,2005 2107,2008 2151,2011 2196,2011 2241,2011 2286,2011 2330,2008 2375,2005 2420,2008 2465,2005 2509,2005 2554,2008 2599,2008 2644,2005 2689,2002 2733,2002 2778,1999 2823,1999 2868,1999 2912,1996 2957,1993 3002,1990 3047,1993 3091,1990"/>
                <TextEquiv>
                    <Unicode>oder nach Oberitelin führt, gutes Wetter;</Unicode>
                </TextEquiv>
            </TextLine>
            <TextLine id="tr_1_tl_94" custom="readingOrder {index:93;}">
                <Coords points="3944,2040 4003,2055 4039,2037 4095,2064 4245,2035 4432,2064 4478,2029 4598,2069 4595,1929 4285,1933 4149,1974 4082,1967 4016,1924 3943,1931"/>
                <Baseline points="3954,2008 3999,2014 4043,2017 4088,2017 4133,2017 4178,2014 4223,2020 4267,2020 4312,2023 4357,2026 4402,2026 4446,2023 4491,2029 4536,2032 4581,2029 4599,2029"/>
                <TextEquiv>
                    <Unicode>Sternwartestraße 7 1/8</Unicode>
                </TextEquiv>
            </TextLine>
            <TextLine id="tr_1_tl_95" custom="readingOrder {index:94;}">
                <Coords points="790,2044 1163,2083 1295,2037 1320,2058 1476,2024 1526,2040 1528,1986 1438,1944 1293,2008 1236,1974 1123,1958 962,1999 892,1949 792,1963"/>
                <Baseline points="799,2029 814,2032 859,2035 904,2035 949,2032 993,2032 1038,2032 1083,2029 1128,2029 1172,2026 1217,2026 1262,2026 1307,2023 1351,2020 1396,2023 1441,2020 1486,2014 1531,2011"/>
                <TextEquiv>
                    <Unicode>Hernwartestraße 7t</Unicode>
                </TextEquiv>
            </TextLine>
            <TextLine id="tr_1_tl_96" custom="readingOrder {index:95;}">
                <Coords points="3205,2060 3335,2033 3423,2058 3681,2047 3747,2074 3815,2046 3887,2056 3887,2013 3849,2004 3205,2006"/>
                <Baseline points="3214,2026 3259,2026 3303,2026 3348,2029 3393,2032 3438,2032 3482,2032 3527,2032 3572,2035 3617,2035 3661,2038 3706,2038 3751,2038 3796,2038 3841,2038 3885,2038 3891,2041"/>
                <TextEquiv>
                    <Unicode>Nr 13512/5405. Jede Vervielfältigung strengstens verboten.</Unicode>
                </TextEquiv>
            </TextLine>
            <TextLine id="tr_1_tl_97" custom="readingOrder {index:96;}">
                <Coords points="519,2098 534,2098 548,2108 568,2107 577,2101 596,2107 602,2101 622,2105 645,2099 636,2035 614,2029 604,2042 584,2031 552,2040 525,2024 521,2028 511,2026"/>
                <Baseline points="528,2080 573,2092 617,2095 647,2095"/>
                <TextEquiv>
                    <Unicode>Blsuche</Unicode>
                </TextEquiv>
            </TextLine>
            <TextLine id="tr_1_tl_98" custom="readingOrder {index:97;}">
                <Coords points="138,2157 502,2128 650,2155 747,2123 749,2065 690,2067 618,2105 466,2089 442,2107 414,2090 353,2108 142,2033"/>
                <Baseline points="149,2130 167,2130 211,2133 256,2130 301,2130 346,2127 390,2127 435,2124 480,2124 525,2121 570,2118 614,2118 659,2118 704,2118 749,2113"/>
                <TextEquiv>
                    <Unicode>1908 F. E. Brandt in Gmunden, l'hotochromiskarte Nr. 224</Unicode>
                </TextEquiv>
            </TextLine>
            <TextLine id="tr_1_tl_99" custom="readingOrder {index:98;}">
                <Coords points="3975,2275 4122,2305 4163,2280 4304,2262 4389,2275 4435,2250 4557,2268 4564,2146 3980,2160"/>
                <Baseline points="3984,2262 4026,2265 4070,2265 4115,2262 4160,2259 4205,2256 4249,2250 4294,2247 4339,2244 4384,2244 4428,2244 4473,2244 4518,2241 4563,2244"/>
                <TextEquiv>
                    <Unicode>Abbotin 4. XII 13</Unicode>
                </TextEquiv>
            </TextLine>
            <TextLine id="tr_1_tl_100" custom="readingOrder {index:99;}">
                <Coords points="1646,2284 1915,2264 2040,2311 2166,2289 2259,2304 2309,2275 2379,2277 2377,2189 2184,2176 2067,2201 1644,2203"/>
                <Baseline points="1656,2277 1701,2277 1745,2277 1790,2274 1835,2274 1880,2274 1922,2274 1966,2280 2011,2280 2056,2283 2101,2280 2145,2283 2190,2283 2235,2283 2280,2283 2324,2280 2369,2277 2381,2280"/>
                <TextEquiv>
                    <Unicode>Votre amié avec leur ami</Unicode>
                </TextEquiv>
            </TextLine>
            <TextLine id="tr_1_tl_101" custom="readingOrder {index:100;}">
                <Coords points="2483,2295 2524,2314 2596,2287 2716,2313 2769,2286 3034,2305 3119,2284 3120,2178 2735,2169 2647,2187 2596,2166 2540,2189 2486,2164"/>
                <Baseline points="2492,2292 2495,2289 2539,2292 2584,2292 2629,2292 2674,2286 2718,2286 2763,2280 2808,2283 2853,2280 2897,2280 2942,2280 2987,2280 3032,2280 3077,2277 3121,2277"/>
                <TextEquiv>
                    <Unicode>13. VIII</Unicode>
                </TextEquiv>
            </TextLine>
            <TextLine id="tr_1_tl_102" custom="readingOrder {index:101;}">
                <Coords points="1016,2334 1059,2336 1127,2311 1152,2321 1204,2307 1249,2320 1345,2295 1401,2321 1404,2198 1290,2192 1150,2212 1121,2192 1019,2184"/>
                <Baseline points="1026,2304 1047,2304 1092,2301 1137,2301 1181,2298 1226,2301 1271,2295 1316,2292 1360,2295 1405,2295"/>
                <TextEquiv>
                    <Unicode>26. I 14</Unicode>
                </TextEquiv>
            </TextLine>
            <TextLine id="tr_1_tl_103" custom="readingOrder {index:102;}">
                <Coords points="3986,2354 4055,2350 4125,2379 4195,2348 4279,2364 4509,2338 4630,2354 4634,2262 4561,2282 4503,2268 4439,2305 4274,2266 4235,2293 4195,2278 4147,2311 3989,2275"/>
                <Baseline points="3996,2342 4011,2339 4055,2339 4100,2339 4145,2336 4190,2333 4234,2330 4279,2327 4324,2324 4369,2324 4414,2327 4458,2324 4503,2321 4548,2318 4593,2315 4637,2309"/>
                <TextEquiv>
                    <Unicode>Wiener Bleim. zum 19.</Unicode>
                </TextEquiv>
            </TextLine>
            <TextLine id="tr_1_tl_104" custom="readingOrder {index:103;}">
                <Coords points="1730,2449 1926,2411 2013,2452 2508,2413 2753,2438 2821,2398 2982,2427 3065,2407 3067,2316 2938,2355 2617,2320 2219,2388 2035,2336 1734,2334"/>
                <Baseline points="1742,2414 1769,2411 1814,2414 1859,2414 1904,2411 1948,2411 1993,2411 2038,2414 2083,2414 2127,2411 2172,2414 2217,2414 2262,2411 2307,2411 2351,2411 2396,2408 2441,2408 2486,2405 2530,2405 2575,2402 2620,2402 2665,2405 2709,2402 2754,2399 2799,2396 2844,2396 2888,2393 2933,2390 2978,2387 3023,2387 3068,2381"/>
                <TextEquiv>
                    <Unicode>Leibe Arthur, entschuldigen Sie, daß ich nicht</Unicode>
                </TextEquiv>
            </TextLine>
            <TextLine id="tr_1_tl_105" custom="readingOrder {index:104;}">
                <Coords points="1136,2398 1148,2397 1163,2407 1170,2400 1180,2409 1189,2402 1227,2424 1241,2422 1252,2411 1266,2418 1281,2413 1277,2361 1245,2366 1223,2348 1193,2345 1166,2350 1155,2363 1134,2364"/>
                <Baseline points="1146,2396 1190,2399 1235,2402 1280,2405 1283,2405"/>
                <TextEquiv>
                    <Unicode>G.C.P.</Unicode>
                </TextEquiv>
            </TextLine>
            <TextLine id="tr_1_tl_106" custom="readingOrder {index:105;}">
                <Coords points="3271,2492 3928,2424 4417,2416 4602,2459 4605,2355 3975,2364 3772,2409 3276,2363"/>
                <Baseline points="3282,2453 3309,2453 3354,2450 3399,2447 3444,2447 3488,2441 3533,2438 3578,2435 3623,2435 3667,2429 3712,2429 3757,2429 3802,2429 3847,2426 3891,2426 3936,2423 3981,2420 4026,2417 4070,2414 4115,2414 4160,2414 4205,2411 4249,2408 4294,2411 4339,2411 4384,2411 4428,2411 4473,2411 4518,2405 4563,2402 4608,2405"/>
                <TextEquiv>
                    <Unicode>Halen Urtheil, ich bin heute Vormittag hier angekommen,</Unicode>
                </TextEquiv>
            </TextLine>
            <TextLine id="tr_1_tl_107" custom="readingOrder {index:106;}">
                <Coords points="172,2486 622,2495 829,2450 1041,2484 1137,2443 1505,2477 1506,2386 1367,2368 1227,2424 969,2377 890,2425 842,2393 611,2429 174,2372"/>
                <Baseline points="182,2468 211,2462 256,2465 301,2465 346,2465 390,2459 435,2459 480,2456 525,2456 570,2450 614,2453 659,2453 704,2453 749,2453 793,2450 838,2450 883,2453 928,2453 972,2450 1017,2447 1062,2447 1107,2444 1152,2438 1196,2441 1241,2444 1286,2444 1331,2447 1375,2450 1420,2450 1465,2450 1510,2447"/>
                <TextEquiv>
                    <Unicode>Hieber Arthur, ich bin schon wieder gerüttet, aber</Unicode>
                </TextEquiv>
            </TextLine>
            <TextLine id="tr_1_tl_108" custom="readingOrder {index:107;}">
                <Coords points="1746,2506 1927,2536 1995,2493 2101,2524 2187,2481 2798,2497 2934,2477 2936,2413 2499,2418 2431,2454 2083,2424 2013,2452 1924,2411 1748,2454"/>
                <Baseline points="1757,2480 1775,2480 1820,2486 1865,2486 1910,2486 1954,2486 1999,2483 2044,2483 2089,2480 2133,2477 2178,2474 2223,2477 2268,2477 2312,2474 2357,2474 2402,2474 2447,2471 2492,2468 2536,2465 2581,2465 2626,2465 2671,2465 2715,2465 2760,2465 2805,2462 2850,2465 2894,2462 2939,2465"/>
                <TextEquiv>
                    <Unicode>gleich Ihren Brief verutwortet habe; ich hatte</Unicode>
                </TextEquiv>
            </TextLine>
            <TextLine id="tr_1_tl_109" custom="readingOrder {index:108;}">
                <Coords points="3282,2536 3495,2551 3937,2490 4140,2520 4251,2474 4365,2510 4537,2481 4539,2440 3930,2422 3283,2484"/>
                <Baseline points="3291,2518 3333,2515 3378,2509 3423,2509 3467,2509 3512,2506 3557,2501 3602,2498 3647,2495 3691,2495 3736,2495 3781,2492 3826,2492 3870,2486 3915,2483 3960,2480 4005,2480 4049,2480 4094,2477 4139,2474 4184,2471 4229,2474 4273,2474 4318,2474 4363,2474 4408,2474 4452,2474 4497,2468 4542,2468"/>
                <TextEquiv>
                    <Unicode>unter Blich und Dauer, im seinenden Regen,</Unicode>
                </TextEquiv>
            </TextLine>
            <TextLine id="tr_1_tl_110" custom="readingOrder {index:109;}">
                <Coords points="138,2529 310,2572 462,2535 661,2565 776,2520 1345,2560 1424,2529 1426,2467 826,2450 622,2497 140,2492"/>
                <Baseline points="149,2521 176,2524 220,2527 265,2530 310,2533 355,2533 399,2530 444,2527 489,2524 534,2521 578,2518 623,2515 668,2515 713,2518 758,2518 802,2518 847,2518 892,2518 937,2515 981,2512 1026,2509 1071,2506 1116,2506 1160,2503 1205,2503 1250,2503 1295,2503 1340,2503 1384,2506 1429,2509"/>
                <TextEquiv>
                    <Unicode>die anhaltende große Kälte zwingt mich mich</Unicode>
                </TextEquiv>
            </TextLine>
            <TextLine id="tr_1_tl_111" custom="readingOrder {index:110;}">
                <Coords points="3835,2567 4104,2535 4186,2574 4249,2538 4543,2527 4543,2502 4439,2483 4353,2518 4272,2481 4141,2518 3950,2490 3916,2517 3837,2504"/>
                <Baseline points="3847,2539 3873,2542 3918,2542 3963,2536 4008,2536 4052,2536 4097,2533 4142,2536 4187,2533 4232,2533 4276,2533 4321,2530 4366,2530 4411,2527 4455,2524 4500,2524 4545,2521"/>
                <TextEquiv>
                    <Unicode>schüttet es noch immer. Von</Unicode>
                </TextEquiv>
            </TextLine>
            <TextLine id="tr_1_tl_112" custom="readingOrder {index:111;}">
                <Coords points="1757,2579 2354,2585 2544,2533 2862,2567 2972,2554 2975,2465 2836,2515 2717,2476 2250,2531 2182,2486 2006,2536 1761,2510"/>
                <Baseline points="1769,2551 1814,2551 1859,2554 1904,2554 1948,2554 1993,2554 2038,2554 2083,2548 2127,2551 2172,2548 2217,2548 2262,2548 2307,2548 2351,2545 2396,2545 2441,2539 2486,2536 2530,2533 2575,2530 2620,2530 2665,2530 2709,2530 2754,2530 2799,2530 2844,2530 2888,2527 2933,2527 2978,2527"/>
                <TextEquiv>
                    <Unicode>einer noch Beschwerden und Wohnungen</Unicode>
                </TextEquiv>
            </TextLine>
            <TextLine id="tr_1_tl_113" custom="readingOrder {index:112;}">
                <Coords points="3282,2601 3337,2592 3362,2615 3470,2576 3602,2604 3652,2579 3674,2601 3740,2574 3790,2588 3819,2570 3823,2513 3754,2524 3686,2510 3511,2556 3455,2527 3400,2544 3334,2522 3285,2536"/>
                <Baseline points="3294,2578 3330,2578 3375,2575 3420,2572 3464,2572 3509,2569 3554,2566 3599,2563 3644,2563 3688,2563 3733,2557 3778,2554 3823,2560"/>
                <TextEquiv>
                    <Unicode>und zehn - 3 Uhr</Unicode>
                </TextEquiv>
            </TextLine>
            <TextLine id="tr_1_tl_114" custom="readingOrder {index:113;}">
                <Coords points="1754,2630 2459,2656 2911,2601 2997,2639 3043,2628 3047,2522 2431,2596 1755,2583"/>
                <Baseline points="1763,2617 1796,2620 1841,2623 1886,2623 1930,2626 1975,2626 2020,2620 2065,2620 2110,2620 2154,2617 2199,2614 2244,2614 2289,2614 2333,2614 2378,2614 2423,2608 2468,2611 2512,2608 2557,2605 2602,2599 2647,2602 2692,2599 2736,2599 2781,2596 2826,2593 2871,2590 2915,2587 2960,2587 3005,2584 3050,2575"/>
                <TextEquiv>
                    <Unicode>und war sehr verstimmt; geht scheint es nach</Unicode>
                </TextEquiv>
            </TextLine>
            <TextLine id="tr_1_tl_115" custom="readingOrder {index:114;}">
                <Coords points="140,2624 425,2639 618,2588 1069,2630 1189,2585 1433,2585 1435,2531 1295,2565 1188,2527 998,2553 776,2520 661,2565 312,2572 140,2536"/>
                <Baseline points="149,2587 185,2593 229,2596 274,2599 319,2599 364,2599 408,2596 453,2593 498,2590 543,2590 587,2587 632,2590 677,2590 722,2590 767,2590 811,2590 856,2587 901,2584 946,2581 990,2581 1035,2584 1080,2581 1125,2578 1169,2578 1214,2581 1259,2578 1304,2581 1348,2578 1393,2581 1438,2578"/>
                <TextEquiv>
                    <Unicode>zu Hause zu bleiben. Kann al/o auch heute nicht</Unicode>
                </TextEquiv>
            </TextLine>
            <TextLine id="tr_1_tl_116" custom="readingOrder {index:115;}">
                <Coords points="3283,2639 3471,2665 3633,2619 4023,2637 4519,2581 4618,2617 4659,2531 3285,2594"/>
                <Baseline points="3294,2632 3318,2632 3363,2629 3408,2626 3453,2626 3497,2626 3542,2623 3587,2620 3632,2617 3676,2617 3721,2614 3766,2611 3811,2605 3855,2602 3900,2596 3945,2596 3990,2593 4035,2593 4079,2593 4124,2590 4169,2590 4214,2587 4258,2584 4303,2584 4348,2584 4393,2584 4437,2581 4482,2581 4527,2581 4572,2581 4617,2584 4661,2593"/>
                <TextEquiv>
                    <Unicode>den Sterzen der Natur hat ich also noch mehr bemerkt</Unicode>
                </TextEquiv>
            </TextLine>
            <TextLine id="tr_1_tl_117" custom="readingOrder {index:116;}">
                <Coords points="3299,2717 3711,2683 3753,2712 3851,2662 3953,2701 4000,2660 4349,2685 4410,2646 4573,2660 4577,2599 3758,2644 3634,2617 3511,2673 3303,2644"/>
                <Baseline points="3312,2689 3324,2689 3369,2689 3414,2686 3459,2689 3503,2686 3548,2680 3593,2677 3638,2674 3682,2671 3727,2668 3772,2665 3817,2662 3861,2659 3906,2659 3951,2656 3996,2656 4040,2653 4085,2653 4130,2647 4175,2647 4220,2644 4264,2644 4309,2641 4354,2635 4399,2638 4443,2635 4488,2635 4533,2635 4578,2635"/>
                <TextEquiv>
                    <Unicode>können und der Tag unterschiedet sich les geht nicht</Unicode>
                </TextEquiv>
            </TextLine>
            <TextLine id="tr_1_tl_118" custom="readingOrder {index:117;}">
                <Coords points="145,2707 1295,2655 1361,2692 1499,2674 1501,2622 1361,2587 1274,2630 759,2626 618,2588 145,2649"/>
                <Baseline points="155,2662 161,2665 205,2671 250,2671 295,2668 340,2668 384,2668 429,2665 474,2662 519,2662 564,2659 608,2659 653,2659 698,2662 743,2662 787,2662 832,2659 877,2656 922,2653 966,2656 1011,2653 1056,2653 1101,2653 1146,2656 1190,2653 1235,2653 1280,2650 1325,2650 1369,2653 1414,2653 1459,2656 1504,2656"/>
                <TextEquiv>
                    <Unicode>zur Generalprobe der Liebelei gehen – besten</Unicode>
                </TextEquiv>
            </TextLine>
            <TextLine id="tr_1_tl_119" custom="readingOrder {index:118;}">
                <Coords points="1768,2705 2309,2685 2375,2717 2721,2669 2941,2701 3054,2676 3056,2619 2999,2642 2864,2587 2685,2653 2343,2626 1770,2667"/>
                <Baseline points="1778,2692 1805,2692 1850,2692 1895,2689 1939,2692 1984,2689 2029,2689 2074,2689 2118,2686 2163,2683 2208,2680 2253,2680 2298,2677 2342,2680 2387,2680 2432,2680 2477,2677 2521,2674 2566,2671 2611,2671 2656,2668 2700,2668 2745,2668 2790,2665 2835,2662 2880,2659 2924,2662 2969,2659 3014,2659 3059,2659"/>
                <TextEquiv>
                    <Unicode>und nach normal zu werden und gestern</Unicode>
                </TextEquiv>
            </TextLine>
            <TextLine id="tr_1_tl_120" custom="readingOrder {index:119;}">
                <Coords points="3330,2757 3405,2782 3969,2724 4030,2762 4107,2714 4550,2701 4618,2683 4621,2637 3334,2714"/>
                <Baseline points="3342,2742 3372,2745 3417,2745 3462,2745 3506,2742 3551,2739 3596,2733 3641,2730 3685,2730 3730,2724 3775,2721 3820,2718 3864,2715 3909,2715 3954,2712 3999,2712 4043,2709 4088,2706 4133,2706 4178,2700 4223,2700 4267,2697 4312,2697 4357,2697 4402,2692 4446,2689 4491,2689 4536,2686 4581,2683 4625,2680"/>
                <TextEquiv>
                    <Unicode>viel von meinem letzten Tag in Wien, wo es ein</Unicode>
                </TextEquiv>
            </TextLine>
            <TextLine id="tr_1_tl_121" custom="readingOrder {index:120;}">
                <Coords points="154,2764 297,2742 417,2776 607,2726 1003,2728 1164,2769 1300,2721 1429,2741 1431,2673 1257,2699 1195,2665 1039,2694 801,2667 745,2705 589,2662 525,2699 156,2707"/>
                <Baseline points="164,2736 182,2733 226,2736 271,2733 316,2733 361,2733 405,2736 450,2730 495,2730 540,2727 584,2727 629,2727 674,2727 719,2727 764,2727 808,2727 853,2727 898,2724 943,2721 987,2724 1032,2724 1077,2721 1122,2721 1166,2721 1211,2721 1256,2721 1301,2718 1346,2721 1390,2721 1435,2721"/>
                <TextEquiv>
                    <Unicode>denk für die Karte. Die drei Einakter</Unicode>
                </TextEquiv>
            </TextLine>
            <TextLine id="tr_1_tl_122" custom="readingOrder {index:121;}">
                <Coords points="1781,2798 2264,2750 2350,2791 2660,2744 3086,2776 3108,2680 2445,2683 2373,2717 2219,2685 2080,2739 1981,2692 1784,2703"/>
                <Baseline points="1790,2766 1811,2766 1856,2763 1901,2763 1945,2760 1990,2760 2035,2760 2080,2757 2124,2754 2169,2748 2214,2745 2259,2742 2304,2742 2348,2742 2393,2742 2438,2742 2483,2736 2527,2736 2572,2733 2617,2733 2662,2730 2706,2730 2751,2727 2796,2727 2841,2727 2886,2727 2930,2730 2975,2730 3020,2733 3065,2733 3109,2730"/>
                <TextEquiv>
                    <Unicode>habe ich sogar einen Nachmittagrausfluch versuchen</Unicode>
                </TextEquiv>
            </TextLine>
            <TextLine id="tr_1_tl_123" custom="readingOrder {index:122;}">
                <Coords points="3346,2821 3457,2848 3862,2780 4213,2796 4320,2755 4575,2793 4609,2689 4510,2728 4163,2712 4072,2755 3957,2726 3350,2766"/>
                <Baseline points="3357,2802 3402,2805 3447,2802 3491,2799 3536,2796 3581,2790 3626,2790 3670,2787 3715,2787 3760,2781 3805,2781 3849,2775 3894,2772 3939,2769 3984,2769 4029,2766 4073,2766 4118,2766 4163,2763 4208,2763 4252,2763 4297,2757 4342,2754 4387,2748 4431,2748 4476,2748 4521,2742 4566,2736 4611,2733"/>
                <TextEquiv>
                    <Unicode>unafhirlich geregnet hat. Übrigens theile ich</Unicode>
                </TextEquiv>
            </TextLine>
            <TextLine id="tr_1_tl_124" custom="readingOrder {index:123;}">
                <Coords points="165,2850 1454,2809 1426,2739 1118,2764 996,2730 883,2764 715,2730 537,2787 167,2759"/>
                <Baseline points="176,2793 205,2796 250,2796 295,2799 340,2802 384,2802 429,2805 474,2805 519,2805 564,2802 608,2799 653,2799 698,2796 743,2796 787,2796 832,2802 877,2799 922,2799 966,2796 1011,2796 1056,2796 1101,2793 1146,2793 1190,2790 1235,2784 1280,2787 1325,2787 1369,2787 1414,2787 1459,2787"/>
                <TextEquiv>
                    <Unicode>sind für 31. ungesetzt, — aber das wissen Sie</Unicode>
                </TextEquiv>
            </TextLine>
            <TextLine id="tr_1_tl_125" custom="readingOrder {index:124;}">
                <Coords points="1789,2848 2990,2836 2961,2767 2656,2784 2497,2751 2355,2789 2158,2755 2037,2807 1791,2798"/>
                <Baseline points="1799,2832 1829,2832 1874,2832 1919,2832 1963,2829 2008,2829 2053,2826 2098,2820 2142,2817 2187,2817 2232,2817 2277,2817 2321,2820 2366,2817 2411,2814 2456,2811 2501,2811 2545,2808 2590,2808 2635,2805 2680,2805 2724,2802 2769,2802 2814,2802 2859,2805 2903,2805 2948,2805 2993,2811"/>
                <TextEquiv>
                    <Unicode>bei dem ich selbstverstündlich eingerignet</Unicode>
                </TextEquiv>
            </TextLine>
            <TextLine id="tr_1_tl_126" custom="readingOrder {index:125;}">
                <Coords points="3373,2914 3572,2862 3620,2891 3878,2879 4193,2821 4333,2868 4519,2821 4521,2773 4378,2787 4320,2753 4226,2794 3866,2778 3590,2837 3378,2827"/>
                <Baseline points="3384,2874 3405,2874 3450,2868 3494,2865 3539,2859 3584,2853 3629,2850 3673,2847 3718,2847 3763,2844 3808,2844 3852,2841 3897,2841 3942,2838 3987,2835 4032,2826 4076,2826 4121,2826 4166,2823 4211,2820 4255,2820 4300,2817 4345,2814 4390,2811 4434,2811 4479,2808 4524,2808"/>
                <TextEquiv>
                    <Unicode>anz grd einige breche zu sein. Nach dem</Unicode>
                </TextEquiv>
            </TextLine>
            <TextLine id="tr_1_tl_127" custom="readingOrder {index:126;}">
                <Coords points="163,2882 335,2922 688,2875 1206,2902 1313,2853 1497,2868 1524,2832 1145,2807 1034,2843 906,2805 747,2845 163,2853"/>
                <Baseline points="173,2874 185,2874 229,2877 274,2877 319,2877 364,2877 408,2877 453,2880 498,2877 543,2874 587,2874 632,2871 677,2871 722,2871 767,2868 811,2868 856,2868 901,2871 946,2868 990,2865 1035,2865 1080,2862 1125,2859 1169,2853 1214,2853 1259,2853 1304,2850 1348,2850 1393,2850 1438,2850 1483,2850 1528,2850"/>
                <TextEquiv>
                    <Unicode>wol schon. Wenn Sie auf Berlin verzichten, werden</Unicode>
                </TextEquiv>
            </TextLine>
            <TextLine id="tr_1_tl_128" custom="readingOrder {index:127;}">
                <Coords points="1770,2939 2031,2943 2169,2893 2219,2938 2590,2889 2769,2918 2975,2886 2977,2836 2796,2819 2631,2859 2278,2827 1985,2879 1897,2839 1773,2852"/>
                <Baseline points="1781,2900 1817,2903 1862,2903 1907,2903 1951,2900 1996,2900 2041,2894 2086,2894 2130,2891 2175,2888 2220,2888 2265,2888 2309,2888 2354,2886 2399,2888 2444,2886 2489,2883 2533,2880 2578,2880 2623,2877 2668,2874 2712,2874 2757,2871 2802,2871 2847,2874 2891,2871 2936,2874 2981,2871"/>
                <TextEquiv>
                    <Unicode>wurde. Ich wünsche, daß Ihre neuen stüne.</Unicode>
                </TextEquiv>
            </TextLine>
            <TextLine id="tr_1_tl_129" custom="readingOrder {index:128;}">
                <Coords points="3373,2975 4186,2893 4356,2923 4457,2882 4460,2821 4333,2868 4200,2837 3849,2887 3726,2870 3661,2904 3570,2862 3377,2911"/>
                <Baseline points="3384,2939 3399,2939 3444,2939 3488,2936 3533,2927 3578,2921 3623,2918 3667,2918 3712,2912 3757,2912 3802,2909 3847,2906 3891,2906 3936,2900 3981,2897 4026,2891 4070,2888 4115,2888 4160,2886 4205,2886 4249,2883 4294,2880 4339,2880 4384,2874 4390,2874 4434,2874 4461,2874"/>
                <TextEquiv>
                    <Unicode>en Mittagessen zu schließen. Auch</Unicode>
                </TextEquiv>
            </TextLine>
            <TextLine id="tr_1_tl_130" custom="readingOrder {index:129;}">
                <Coords points="184,2945 1458,2965 1526,2961 1530,2871 362,2922 186,2887"/>
                <Baseline points="196,2936 232,2939 277,2939 322,2939 367,2939 411,2936 456,2933 501,2939 546,2936 590,2933 635,2930 680,2930 725,2930 769,2927 814,2930 859,2927 904,2927 949,2927 993,2924 1038,2924 1083,2921 1128,2921 1172,2918 1217,2915 1262,2915 1307,2912 1351,2909 1396,2909 1441,2909 1486,2909 1531,2906"/>
                <TextEquiv>
                    <Unicode>Sie wol schon hier sein und mir wird hoffentlich</Unicode>
                </TextEquiv>
            </TextLine>
            <TextLine id="tr_1_tl_131" custom="readingOrder {index:130;}">
                <Coords points="1789,2990 2845,2959 3027,2943 3029,2887 1791,2945"/>
                <Baseline points="1799,2969 1823,2969 1868,2969 1913,2966 1957,2966 2002,2966 2047,2963 2092,2960 2136,2957 2181,2954 2226,2954 2271,2954 2315,2951 2360,2951 2405,2951 2450,2948 2495,2945 2539,2942 2584,2942 2629,2942 2674,2939 2718,2939 2763,2939 2808,2936 2853,2936 2897,2933 2942,2933 2987,2933 3032,2933"/>
                <TextEquiv>
                    <Unicode>von gutem Walter begünstigt werden mögen.</Unicode>
                </TextEquiv>
            </TextLine>
            <TextLine id="tr_1_tl_132" custom="readingOrder {index:131;}">
                <Coords points="3402,3025 4157,2947 4369,2973 4385,2913 4188,2893 3867,2945 3405,2956"/>
                <Baseline points="3414,2996 3447,2993 3491,2990 3536,2990 3581,2981 3626,2978 3670,2978 3715,2975 3760,2972 3805,2969 3849,2966 3894,2963 3939,2957 3984,2957 4029,2951 4073,2948 4118,2942 4163,2939 4208,2939 4252,2939 4297,2939 4342,2933 4387,2933"/>
                <TextEquiv>
                    <Unicode>gen ganz nett, da wer das Wetter in</Unicode>
                </TextEquiv>
            </TextLine>
            <TextLine id="tr_1_tl_133" custom="readingOrder {index:132;}">
                <Coords points="195,3022 837,2997 912,3047 1034,2997 1254,3029 1404,3006 1404,2950 1302,2938 965,2934 910,2970 738,2938 690,2968 648,2934 484,2977 197,2952"/>
                <Baseline points="205,3005 244,3008 289,3008 334,3008 379,3005 423,3005 468,3005 513,3002 558,3005 602,3002 647,3002 692,3002 737,2999 781,2996 826,2993 871,2993 916,2990 961,2987 1005,2987 1050,2987 1095,2987 1140,2987 1184,2990 1229,2990 1274,2990 1319,2990 1363,2990 1408,2984"/>
                <TextEquiv>
                    <Unicode>der Wetter erlauben mich dabei zu sein</Unicode>
                </TextEquiv>
            </TextLine>
            <TextLine id="tr_1_tl_134" custom="readingOrder {index:133;}">
                <Coords points="1789,3063 2044,3081 2655,3011 2956,3050 3008,3043 3011,2965 2938,2934 2646,2977 2538,2952 2313,3015 2132,2963 1791,3029"/>
                <Baseline points="1799,3041 1805,3041 1850,3041 1895,3038 1939,3038 1984,3038 2029,3035 2074,3035 2118,3035 2163,3032 2208,3029 2253,3029 2298,3029 2342,3026 2387,3023 2432,3017 2477,3014 2521,3011 2566,3011 2611,3008 2656,3008 2700,2999 2745,2996 2790,2999 2835,2993 2880,2990 2924,2990 2969,2990 3014,2990"/>
                <TextEquiv>
                    <Unicode>und geist. Ihre Frau und Sie herzlichste</Unicode>
                </TextEquiv>
            </TextLine>
            <TextLine id="tr_1_tl_135" custom="readingOrder {index:134;}">
                <Coords points="3642,3054 3948,3090 4097,3015 4159,3049 4229,3029 4294,3058 4423,3029 4476,3052 4482,2956 4140,2947 3909,2991 3815,2973 3772,3006 3645,2997"/>
                <Baseline points="3653,3041 3679,3038 3724,3038 3769,3035 3775,3035 3814,3032 3858,3029 3903,3026 3948,3017 3993,3014 4038,3011 4082,3008 4127,3005 4172,3005 4217,3005 4261,3005 4306,3002 4351,3002 4396,2999 4440,2999 4485,2993"/>
                <TextEquiv>
                    <Unicode>2. Ihm Frau und Sie herzlichste greif¬</Unicode>
                </TextEquiv>
            </TextLine>
            <TextLine id="tr_1_tl_136" custom="readingOrder {index:135;}">
                <Coords points="3378,3092 3387,3092 3405,3104 3423,3097 3428,3101 3434,3095 3439,3099 3455,3095 3470,3106 3477,3102 3486,3110 3497,3111 3500,3020 3488,3020 3477,3011 3457,3027 3450,3020 3428,3027 3416,3016 3402,3018 3393,3009 3382,3008"/>
                <Baseline points="3390,3059 3414,3059 3459,3059 3503,3053"/>
                <TextEquiv>
                    <Unicode>mider</Unicode>
                </TextEquiv>
            </TextLine>
            <TextLine id="tr_1_tl_137" custom="readingOrder {index:136;}">
                <Coords points="186,3097 901,3102 989,3147 1164,3074 1304,3111 1304,3040 1206,3009 998,2999 912,3045 831,3013 727,3043 584,3009 186,3031"/>
                <Baseline points="196,3085 232,3085 277,3085 322,3085 367,3082 411,3082 456,3079 501,3077 546,3077 590,3077 635,3071 680,3071 725,3071 769,3068 814,3068 859,3062 904,3062 949,3065 993,3065 1038,3065 1083,3065 1128,3065 1172,3065 1217,3068 1262,3071 1307,3074"/>
                <TextEquiv>
                    <Unicode>Ihre Frau und die herzlichste grüßend Ihr</Unicode>
                </TextEquiv>
            </TextLine>
            <TextLine id="tr_1_tl_138" custom="readingOrder {index:137;}">
                <Coords points="4206,3102 4231,3099 4249,3106 4270,3092 4283,3092 4301,3101 4306,3097 4326,3113 4347,3099 4365,3104 4367,3047 4329,3043 4315,3056 4306,3052 4294,3056 4286,3050 4256,3047 4233,3031 4208,3036"/>
                <Baseline points="4217,3077 4237,3079 4282,3082 4327,3079 4372,3074"/>
                <TextEquiv>
                    <Unicode>Grüßler</Unicode>
                </TextEquiv>
            </TextLine>
            <TextLine id="tr_1_tl_139" custom="readingOrder {index:138;}">
                <Coords points="2775,3172 2828,3165 2841,3174 2902,3160 2918,3169 2929,3160 2961,3169 2954,3040 2922,3045 2905,3038 2882,3050 2875,3043 2850,3049 2830,3036 2812,3036 2791,3049 2769,3049"/>
                <Baseline points="2781,3115 2826,3118 2871,3118 2915,3121 2960,3124 2963,3124"/>
                <TextEquiv>
                    <Unicode>Gneton</Unicode>
                </TextEquiv>
            </TextLine>
            <TextLine id="tr_1_tl_140" custom="readingOrder {index:139;}">
                <Coords points="1689,3208 1770,3188 1893,3205 1936,3183 2010,3205 2067,3181 2101,3201 2157,3176 2339,3176 2338,3063 2282,3079 2221,3059 2144,3088 2001,3065 1949,3081 1911,3052 1800,3067 1755,3034 1684,3029"/>
                <Baseline points="1698,3121 1742,3124 1787,3124 1832,3127 1877,3133 1922,3133 1966,3136 2011,3142 2056,3139 2101,3139 2145,3142 2190,3145 2235,3145 2280,3145 2324,3142 2342,3142"/>
                <TextEquiv>
                    <Unicode>Herzlichste Grüße Euch allen Stel</Unicode>
                </TextEquiv>
            </TextLine>
            <TextLine id="tr_1_tl_141" custom="readingOrder {index:140;}">
                <Coords points="1143,3188 1245,3188 1299,3156 1315,3165 1331,3160 1363,3169 1358,3088 1322,3093 1268,3119 1204,3081 1182,3097 1155,3097 1136,3086"/>
                <Baseline points="1149,3133 1193,3142 1238,3148 1283,3148 1328,3148 1366,3148"/>
                <TextEquiv>
                    <Unicode>schuster.</Unicode>
                </TextEquiv>
            </TextLine>
            <TextLine id="tr_1_tl_142" custom="readingOrder {index:141;}">
                <Coords points="380,3183 419,3179 480,3205 557,3167 622,3172 654,3190 706,3172 733,3187 772,3172 808,3187 810,3124 756,3106 650,3119 545,3088 468,3095 426,3115 382,3104"/>
                <Baseline points="390,3166 408,3166 453,3163 498,3160 543,3160 587,3160 632,3157 677,3157 722,3157 767,3157 811,3157"/>
                <TextEquiv>
                    <Unicode>Die Paul Marsa.</Unicode>
                </TextEquiv>
            </TextLine>
            <TextLine id="tr_1_tl_143" custom="readingOrder {index:142;}">
                <Coords points="387,3532 435,3531 448,3543 489,3538 498,3532 512,3534 512,3461 493,3459 480,3470 471,3462 462,3470 457,3464 451,3468 444,3462 435,3471 423,3462 405,3471 387,3466"/>
                <Baseline points="396,3545 441,3545 486,3545 516,3545"/>
                <TextEquiv>
                    <Unicode>P.S.</Unicode>
                </TextEquiv>
            </TextLine>
        </TextRegion>
    </Page>
</PcGts>
