4504 3657
1148 878 2083 1008 dringenden Ein ledungen
1154 966 2129 1088 folgend, vielleicht doch einige
1152 1030 2096 1149 Tage der? verbringe. – Über die
1163 1099 2093 1225 Gustel u. Angelegenheit hat ich
1141 1172 2101 1294 nichts gelesen – ich war damals
1163 1242 2111 1359 gend in der Brühl. als den
1180 1301 2153 1431 hinterlikal der „Stresse“ und die
1144 1369 2233 1473 Fackel“. Der Leitartikel war echte
1169 1457 2241 1569 11 f. Presse, dünn, feig und gemeine
1214 1502 2199 1623 - der brave“ Schüler. Der mir sich
1156 1575 2183 1693 vor Strafe schützen und sich beim Herrn
1177 1645 2183 1770 Jahrer einschmüheln will —
1189 1698 2167 1851 doch, glauben Sie und, haben Sie in
1172 1772 2156 1896 den Augen vieler Leute sehr an
1156 1849 2254 1973 Bedeutung geworden, weil Sie Gegen¬
1170 1928 2240 2044 stand eines Leitnetükes waren und
1172 2003 2164 2128 des Quantum Neid, das Theun in
1170 2066 2297 2208 diesen Tagen zu gedacht war, ist vielleicht
1177 2156 2171 2274 Ursache des Drucks, den Sie in
1149 2225 2183 2384 falscher Diegnohe – wozu wären Sie
1142 2316 2191 2443 denn Kosten? – Gelingseßh nur immer
1175 2398 2283 2551 und der jetzte hoffentlich schon verschwunden.
2289 766 3336 889 ist. Der Druck nämlich, nicht der
2289 818 3349 948 Neid. Der Reschittl vor dem Blatt
2307 892 3283 1009 und besonders vor dem Gewüsch
2306 969 3392 1086 an der Stelle, die sich sonst nur mit¬
2313 1022 3335 1158 Grügung. Wolf oder den Reden
2339 1086 3382 1221 Wilhelms beschäftigt, wurzelt doch
2306 1166 3312 1301 noch sehr tief – trotz Kraus. Die
2324 1249 3370 1358 11. L. Presse hat also gewiß Ihren
2318 1302 3359 1429 dank erwartet und eigentlich
2330 1366 3368 1502 blieb Ihnen zu nichts anders übrig
2335 1457 3361 1579 nach den Gesetzen der Höflichkeit
2334 1540 3340 1667 daß Sie sich darüber ärgern, es
2328 1582 3417 1728 gelan ihn haben, begreife ich sehe gut.
2366 1677 3450 1795 Es ist so wie hin und da bei Tonpers
2334 1742 3408 1873 Man hat schlecht gegessen und sich
2359 1817 3450 1953 sehr gelangweilt aber beim Fortgehre
2359 1911 3283 2013 den 12 man doch der Haus freu¬
2362 1978 3431 2103 für den genußreichen Abend und
2374 2054 3374 2174 schämt sich dabei, während man
2366 2121 3382 2246 es ausspricht. Wenigstens ich habe
2372 2206 3415 2341 mir früher diese Regie speſen.
2374 2283 3380 2426 - das Schümen - gemacht.
2397 2377 3261 2514 Ist denke ich nicht mehr.
