4504 3593
1882 684 2004 765 en de
2304 958 2694 1091 an Rgesse
2359 1207 2505 1317 P.S
1746 1294 2854 1422 abgelehrt, die ich vor einer Woche erhalten. Auch
1749 1365 2888 1469 einen Tag kann ich wol leicht fort, aber die
1746 1432 2851 1530 ist dann doch die Fahrt zu theun und da Sie
1760 1499 2909 1592 in eine Woche doch noch nach Wien kommen.
1772 1545 2883 1655 hier: ist's im Hoffahaus noch recht belebt, das Stelle
1780 1611 2892 1716 trägt dazu bei, daß man glauben Mann im Hertste
1760 1672 2833 1758 zu sein. Ebermann. Kässer, der Wein Kraus, auch
1775 1734 2839 1828 In daßg. der Steckamährend, zeigt sich. Der
1777 1789 2836 1892 Arme. Die Notizen über d. lezte knopf“ verfolgen
1771 1845 2654 1941 ihn unberüherzig auch noch im Tuli!
1793 1905 2857 2011 Litte, empfehlen Sie auch bessere Thre Freund¬
1775 1973 2642 2066 Mann, Schwester und Schwägerin.
2001 2039 2799 2171 herzlichs zu Pastor.
1938 2351 2618 2549 Correspondens Karte.
2231 2487 2337 2543 ogen.
2223 2523 2453 2600 19.9.00
1597 2551 2827 2796 Herrn Dr Artner Schmiede,
1921 2894 2287 3066 in Wien
1870 3032 2728 3246 IX. Frankgasse 1
