4488 3608
1552 724 2183 902 Dieser Geelen 23. Th. 6.
2443 737 2857 932 Wien 6.X.64
1475 869 2814 1025 Lieber Nothur! Ist das bei Ihnen befindliche
1495 968 2805 1102 Erempar der reine Tor“ für mich er¬
1507 1050 2886 1194 reichtbar, durch: liegt es vielleicht in einem
1495 1131 2911 1273 Ihrer Lücher schrunke, daß ich es abhören konnte?
1495 1214 2875 1355 Prag verkugt nämlich 2 Exemplare und
1556 1298 2830 1402 Mann besitzt mir eines.) Bitte mir eine
1507 1389 2282 1527 eine kurze Verständigung.
1556 1450 2823 1604 Ihn. wie und Sie herzlichst grüßend
2373 1588 2606 1694 Gustar.
2395 1671 2549 1746 Mart
2597 1891 2963 2051 27. II. 64
2078 1898 2416 2043 B.F.P
1595 2031 2934 2199 Lieber Urtheil. Besten dank, oder
1585 2128 2976 2275 es geht bei der nicht. Nach hat schon früher
1574 2233 2927 2357 eine Verabredung mit einem Kollegen,
1545 2300 2985 2445 getroffen und ich muß ein Bösendrohrseel
1577 2388 2970 2499 einen Liederabend mit machen, zu dem
1568 2459 2981 2587 man mir – ich weiß nicht warum — eine
1594 2526 2974 2640 Karte ins Haus geschickt hat. Da ich nun
1590 2615 2963 2712 einmal denkend zugesagt hat, muß ich wol
2545 2674 3001 2809 Dichst grüßend.
1611 2687 2547 2834 gehen. — Thea Frau wird Sie herz¬
2683 2773 2820 2877 ntor
