4472 3594
1724 731 2774 855 die zwei Nummern? “Kitteriki”
1718 809 2815 944 werde ich heute te sorgen. Sehen Sie
1722 899 2796 1032 wie es sich verlohnk, gemeint zu
1750 963 2797 1092 sein! Wären Sie im Kitteriki
1747 1034 2758 1151 geprüfen werden. Sie würden
1727 1122 2688 1221 vielleicht nicht einmal eine
1722 1201 2722 1315 Numer kaufen lassen. – Richard
1737 1259 2828 1417 und Frau habe ich hier in Wien gesprochen
1740 1327 2745 1440 die Frau seines Vaters Beer, die
1728 1395 2749 1540 schon lange leidend war, ist plötzlich
1754 1478 2710 1596 gestorben, den Vater hat er jetzt
1744 1551 2803 1677 mit sich nach stört /ach genommen.
1941 1630 2807 1780 Von mir kann ich ihnen nichts
1721 1695 2749 1827 berichten. Deder äußere noch innere
1721 1765 2719 1885 Erlebnisse. Im deutschen Theater“
1743 1844 2768 1964 war ich nicht, dafür habe ich auch Schall
2869 1845 2957 1950 .
1735 1898 2728 2024 und Rauch“ nicht mit meinem Besuch,
1720 1976 2763 2100 beehrt. Geschäfte sollen nicht gut ge¬
1710 2039 2635 2175 wesen sein?  Bitte, sagen Sie
1692 2129 2773 2250 den beiden jungen Damen mein besten¬
1676 2193 2773 2318 Dank für ihre freundlichen Worle und
1695 2262 2707 2407 bestellen Sie meine ergebensten
1694 2327 1937 2453 Geiste.
2110 2352 2530 2492 ihres Hk. Tho
2524 2393 2771 2513 Justar
