4488 3658
615 725 2143 913 Gennachtsanfall der Frau, der auf den nehen Tod
642 862 2115 1009 Hinnvorße (der Art konnte auch damit beginne)
660 947 2152 1055 (wie im ersten Stück) der drüher und im
670 1015 2166 1176 berühmter Professor über den Jusend und das wahr Ende
693 1145 1253 1269 der Frau sprechen)
1218 1269 1612 1420 Zweiter k. 1.
693 1383 2097 1538 Lei Inlin, er erfährt am Treue den Tod
634 1491 2154 1634 der Frau Wegrat. Drei Sinne ungesch. wie
666 1581 2162 1750 Bisher, mir daß drein eigentlich von ihrer
681 1726 2164 1854 Abschied nimmt, sie heiratet eine Mann diese
707 1805 2176 1946 achtet, der alles weiß; sie ist es endlich neide
668 1887 2166 2046 immer nur um Verzeihung zu bekleten und ihn
691 2021 2158 2162 anzuschmachten; man seiht wie schmerzlich es
703 2088 2172 2235 Indem ist auch dieß Gewohnheit zu bezichten
678 2198 2152 2331 daß er im Treue an der letzten Zeit immer wie
691 2288 2245 2443 an einer lezten Zuflucht gedacht hat. Dann der Doctor
693 2390 2182 2551 der im eigenen Auftrag kommt, das von Inlin
695 2494 2172 2655 zu fordern, was die Verstorben von ihm fodern
764 2604 2172 2753 wollte. Er sagt, daß sie die fehte Absicht hatte.
2319 725 3810 899 daß er in ihrem Sinne sprechete; wird von
2343 829 3953 1009 Talien hochmutig zurückgewiesen, der sich jeden
2364 976 3959 1121 Einweischung in seine Ungdegenheit verbeitete.
2435 1060 4014 1182 denn Telien mit Salix, der aber ganz nogles
2378 1153 3906 1296 ist und schon von der Andeutung peinlich
3460 1255 3857 1373 Schluß wie
2370 1251 3403 1396 berührt und erschüttert ist.
2421 1355 3690 1491 bisher.“ Ich kann morgen – zu Dir
2993 1475 3227 1616 II. le 2.
2398 1585 3989 1728 Lei Wegrat. Selik, driter, der zu neuiren
2400 1681 4036 1826 sicht ob Julien schon gesprochen. Selve überhand
2443 1775 4014 1907 dein Seler in Wegrat. habe sagt Wegrat, daß
2414 1866 3975 2007 er mich seine Absicht, sich der Reisige /:ll) heiß an¬
2380 1976 4014 2111 zu schließen, verzichten will um bei ihm, dem
2421 2058 4030 2196 Einfangeworden zu bleiben. Wegrat nimmt diese
2441 2174 3912 2317 Opfer nicht an mit Motivirg wie bisher
2435 2237 4006 2380 was Salix erkeien lisst wie selbstlos dieser
2467 2343 3945 2504 Vater ist, zu dem er bisher kein achtes
2480 2449 3994 2567 Verhaltnis geseinden (müßte er schon im ersten
2498 2535 3900 2659 ltet in der Siene mit der 1 Mutter (egen) denn
2512 2632 3938 2755 Julien. Seien wir bisher. Wegrat ab.
