4504 3657
1197 887 2271 990 erzählt, daß er ein Rathauspak¬
1223 953 2179 1065 den Ringbunnen gesehen hat.
1238 1035 2177 1149 und„ best er eine Suitaler¬
1242 1115 2260 1265 Locte hat. (Man hat ihm wirklich
1244 1214 2211 1314 eine gemacht, seine Mittel er¬
1236 1293 2150 1390 laufen ihm des bereits) Auch
1239 1367 2162 1484 über seinen Gesundheir zu stand
1208 1450 2149 1565 können Sie beruhigt sein, denn er
1208 1531 2233 1647 hat – gleichsam als Glanzimmer mit
1213 1621 2124 1724 letzte production, u in meiner
1228 1701 2232 1852 Gegenwart gezeigt, dass alles tadellos
1228 1795 2127 1928 fünktiviert und daß er nicht
1214 1882 2098 2026 im Verdeuungsstörungen leide.
1269 1975 2119 2113 Kurz; ich ha’s mich mit ihm
1239 2081 2142 2200 besser unterhalten, als neulich
1168 2152 2137 2304 im Carl Theater«, bei Tal des
1204 2240 2162 2388 gebeis! Es war nicht meine
2335 880 3370 1009 Wahl, ich würde mitgenommen.
2338 979 3430 1091 Das Stück ist eine nette knekdete, die
2347 1055 3400 1180 für einen A2C reichen würde und
2358 1134 3333 1253 die mit primitiver Technik zu
2346 1213 3433 1312 vier Acten zerdehnt wird. Hie ind
2358 1297 3419 1399 de ein hübsches Witzwirt, aber elles
2361 1367 3435 1493 wird gehnmal gesagt und jede zwei¬
2365 1461 3435 1559 deutigkeit so geheft und breit getreten
2354 1516 3371 1651 bis sie denichten Rest von stiltenkrie¬
2372 1616 3385 1739 verlärt. Darstellung (bis auf die
2362 1688 3410 1824 Triesch) Ausstellung. Regie un¬
2361 1773 3395 1908 wahrscheinlich schlecht. Es ist auch
2360 1866 3363 1975 ganz abgefallen mir der dritte Art
2383 1931 3373 2064 hatte Leifall. Die Kritik ist dies
2358 2047 3376 2160 mal dem Gastspiel gegen über recht
2364 2112 3355 2245 kritisch, das Publikum sehr kühl
2361 2198 3374 2323 aber gute Häuser machen sie doch
2347 2271 3386 2419 denn es ist kalt und auf reindliß.
2326 2357 3381 2506 der Frühlig ist wieder einmal
