3288 4184
2940 402 3115 532 359
937 476 2969 632 Nichts Unsinniges, überallsen Sie mir alles
889 640 2887 794 weitere, früher als Sie ahnen, werden sich
945 754 2739 942 die Pforten Ihres Gefängnisses öffnen.
937 939 2731 1090 Ich will nichts sener Gnade verdanken.
479 1003 691 1119 Des.
934 1069 2882 1262 Ich bitte Sie als den letten Beweis Ihrer
482 1148 778 1350 Julia.
947 1252 1807 1442 Treue, warten Sie.
1006 1408 3080 1596 Vicomtesse, ich beginne zu vermuten, mit wel
490 1490 688 1604 Des.
1008 1556 2900 1760 chem Plan Sie sich tragen. Und Sie, der
958 1723 2977 1919 die ihm gegenüberstand Sie konnten glauben
958 1895 2657 2067 dass er Ihnen mehr traut als andern?
958 2003 3083 2218 Ich weiss, dass er mir nicht traut. Nun gehn
490 2114 791 2244 Julia.
958 2178 3006 2371 Sie zu meinem Vater, er wird glücklich sein
1003 2347 3080 2572 Sie zu sehn, ich will Sie nachher noch ein
910 2543 1527 2723 mal sprechen
