3336 4136
1048 661 3006 888 Bl. Na die jungen Leut, die heut begra-
885 669 989 800 Pr.
1147 824 2895 1053 ben werd. Die Agathe Klachr von der
1138 1013 3102 1216 Hofbuchbinderwitne in der Teinfaltstrasse
1132 1176 2962 1475 Und den Franzosen. Ein Graf is er gewe¬
1100 1429 1304 1539 sen.
722 1534 3003 1717 Uralt. Her. Junge Leut./ zu dem kleinen Mädchen/
297 1717 695 1958 miall.
1077 1787 2971 2008 Hörst Greterl, junge Leut. / setzt sich
1080 1967 2930 2209 auf einen Grabstein/Was hat ihnen denn
1211 2165 1624 2302 g fehlt?
707 2249 3041 2575 Frau Bl. Nichts hat ihnen gfehlt. Ins Wasser sinds
1077 2532 1435 2663 gangen.
710 2631 2750 2878 Uralt. H. Warum sinds denn ins Wassergagent
698 2881 2762 3093 Frau Bl. Na umgebracht haben sie sich halt.
710 3047 2895 3213 Uralt H. So so, ham sies nicht erwarten können.
1065 3227 2884 3483 Schauts an was ich für eine Geduld hab.
704 3448 2849 3649 Frau Bl. Aus unglücklicher Liebe habn sie sich
1062 3588 1542 3838 angebracht.
