3432 4184
2614 361 2759 539 75
1268 563 2859 707 dass das Hochverat ist. Nimm Dich
1257 692 2829 907 in Acht Bernburg den Vaterland so
1251 898 2143 1096 Böses zu wünschen.
677 1100 998 1242 Berab.
1208 1051 2901 1276 Ich nach mir verflucht wenig aus dem
1215 1245 2871 1480 Vaterland. Seht, wenn sie um mich
1215 1421 2886 1650 schickten von den Franzosen / Geläck
1298 1627 2865 1812 ter/ und liessen mir sagen, hier
1221 1805 2712 1984 hast Du ein Bataillon Du sollst
1293 1952 2716 2181 drauf und dran, hei sie hätten
1225 2126 2893 2355 nich gleich mit Maut und Haar. Der
1281 2340 2803 2559 wo sie mich brauchen können, ist
1274 2515 2007 2716 mein Vaterland.
656 2657 1066 2848 Rabenau.
1206 2714 1752 2865 Hochverrat.
663 2897 958 3107 ltelt.
1128 2837 2833 3050 Lassen Sie ihn doch meine Herren. xxx
1221 3028 2880 3224 denken Sie, es gab eine Zeit, wo je
1213 3215 2865 3436 der, der kämpfen wollte sich irgend
1236 3387 2776 3615 so verben liess. Und es gibt Ge¬
1228 3576 2769 3835 schichten von Söldnerführern, die
