6824 4376
6102 384 6331 539 253
3971 559 6007 771 Ein vierter. Ganz Wien fliegt in die Luft.
3977 671 6283 918 Major. / ist dazu gekommen/ Hier hat niemand zu
4407 846 6483 1052 befehlen als ich, die Stiege soll geräumt werden
4462 1021 6337 1210 den. Fort. Wer noch einen Schritt heauf
3510 1018 4149 1273 Landsche creede
4361 1147 6194 1437 macht, wird niedergeschossen. Ich würde
3561 1213 4126 1396 eingerich!
4419 1290 6291 1543 es säbst sehr bedauern meine Heren. Aber
3521 1362 4066 1520 Hedundi dabei
3518 1471 4035 1660 (Reublius=I)
4476 1457 6159 1706 ich kann wederIhnen noch mir helfen.
4536 1620 6228 1861 Herr Major, es ist ja eine Botschaft
4026 1672 4456 1861 EStiefel.
4404 1807 6472 2004 beim Erzherzog Maximilian. Es finden ja Un -
4511 1961 5451 2153 terhandlungen statt.
4456 2073 6417 2280 Das sig alles richtig sein., wir haben hier
4023 2188 4359 2328 Major.
4465 2202 6503 2475 nichts zu tun, als die Bastei zu verteidigen,
4436 2432 6268 2598 Befehle empfagen wir aus der Hofburg ud
4482 2595 6334 2770 nicht von der Strasse. / zum Gardisten"/
4485 2761 5136 2928 Legen Sie an.
4439 2847 6308 3149 Die Leute von der Stiege wiederherunter.
4513 3054 5769 3249 In die Burg, zum Erzherzog.
4086 3011 4373 3252 Rufe:
4083 3166 6288 3401 Ein andrer. Der Erzherzog ist nicht mehr in der
4519 3303 6326 3561 Burg, er ist an die Donau marschiöt.
4356 3495 6202 3794 he A Ruivent atgegebe d Asf. Beilly-
