6664 4488
689 978 1386 1143 11 Joh Jdoin e
335 1106 1211 1324 seert meh J im renie
403 1579 1313 1780 Jai edosé elb,nni
437 1746 1179 1948 . Adoszus hab Jah
238 1905 1406 2106 and    neded nedootaegj og
3547 420 3714 683 r
5789 578 5979 703 213
4009 754 6115 964 Strassenkreuzung. Eine Strasse läuft vorn an
4014 916 6118 1094 der Rampe. Die andre geht von vorn links nach
3462 992 3824 1213 tried.
4023 1086 6016 1279 rechts hinten. Die Strasse ziemlich schmal.
3467 1177 3850 1392 lauen
4014 1216 6192 1486 Lin/ks die Mauern des Gartens des Marquis. Die
4029 1355 6248 1647 Mauer geht ziemlich weit nach hinten, endet auf
4034 1514 6271 1744 einem freien Platz. Rechts gleichfalls eine Mau
4048 1698 6217 1916 er. An diese schliessen sich Häuser. Im Hinter
4040 1823 6209 2058 grund freies Feld. Rechts ziemlich weit hinten
4054 1970 6280 2211 ein grosses Gebäude. Die Front etwa in der Fort
4063 2138 6248 2345 setzung der Linie von der Mauer gedacht. In der
4063 2268 6297 2466 Ferne Hügel. Vorn rachts an der Ecke en Meilen
4082 2438 6362 2625 sten. Linka Rechts an der Mauer etwas weiter hin
4088 2611 5661 2855 ten eine hölzerne Bank ohne Lehne.
4077 2829 4681 2985 Morgengraun.
4091 2900 5625 3138 Etzelt (auf der Bank schlummernd.)
4097 3050 6297 3252 Ein Landmann (mit einem kanarrenden Karren kommt)
4116 3300 4488 3428 vorbei.
4224 3385 5058 3572 zelt., (wacht auf.
4355 3510 6316 3711 ann. Guten Morgen. O hab ich den Herr auf
4644 3660 6206 3907 geweckt, war nicht meine Absicht
