3272 4120
2681 366 2863 540 362
971 447 2711 713 Ungezählte fragen sich, wie es kommt,
933 727 2958 887 dass er in Feindesland weilen kann und noch
927 906 2915 1041 immer lebt. Die Antwort ist einfach. Weil
897 1044 3075 1209 die Menschen feig sind. Es gibt einen einzige.
903 1236 2939 1361 der so kühn ist, dass er sich an den Gewal
911 1358 2820 1570 tigen wagen würde. Der bist Du Medardus.
903 1556 2275 1695 Töte hn, Medardus, töte ihn.
900 1730 1800 1841 Bin ich, bist Du.
445 1724 786 1860 Medard.
868 1789 2991 2017 Töt ihn. Wenn es gelingt bist Du der Befrei
450 1909 743 2099 Julia.
919 1979 2665 2199 er der Menschheit. Töt ihn Medardus.
919 2139 2877 2351 Und die Herzöge von Barry sind Könige von
455 2223 800 2345 Medard.
884 2367 1421 2489 Frankreich.
944 2475 3018 2662 Vielleicht auch das. Du sollst, o was könnt
472 2543 770 2660 Julia.
941 2635 2871 2784 ich Dir alles versprechen...vor allem nur
949 2803 2825 2972 dies, wenn es misslingt, so folg ich Dir
895 2942 2942 3126 nach. Ich schwör es Dir bei unsern toten Ge
1000 3115 2679 3335 schwistern. Aber wenn es gelingt...
965 3254 3007 3506 Genug, schweige endlicht. wenn es geschieht,
458 3340 786 3441 Medard.
914 3446 3028 3671 Julia, wenn es je geschähe... ich schwöre Dir,
