6840 4536
216 595 386 798 G.H.F.P.
499 627 750 901 G:C:H:F:S:
280 853 885 1052 sie, xxx daa
441 994 988 1194 G.C.H.F.D.Haeh E.Ed.
328 1171 866 1393 G.C.H.F.P.
232 1338 769 1551 G.C.H.F.S.
489 1503 676 1657 G.C.H.F.P.
245 1641 666 1863 G.C.H.F.T
257 2146 508 2375 G.H.F.P.
595 2654 801 2835 G.H.F.P.
467 2802 1158 2983 [incompréhensible] d'autre et
399 2947 1329 3150 Ce noue mai Jggee
386 3237 808 3456 Teerne Erz.
351 3404 940 3613 reuil ditat
6184 402 6396 672 327
4392 563 6535 859 sen sitzen uns auf dem Genick wie früher. Wir
4398 820 6367 1010 sollten zu Gott beten, dass nicht noch so
4405 1001 6451 1187 ein Sieg kommt. Es bedeutet doch nur eine
4398 1149 5071 1326 Schlacht mehr.
4817 1120 6634 1384 nei. hi nu alle vergragt. Opfer unis falle.
4440 1319 6625 1548 Es ist doch ein Anfang. Soll ich Ihnen was er -
3938 1322 4286 1573 Etzelt.
4430 1612 6651 1824 zählen. Die Nassauer, die jetzt eingerückt sin
4434 1782 6451 2027 die machen gar kein Hehl daraus, dass sie
4447 1969 6429 2198 nur die erste Gelegenheit abwarten zu uns
4437 2136 6425 2358 überzugehn. Und in Paris solle auch nicht
4479 2297 6580 2494 zum besten stehn für Napeleon. Und in Deut
4443 2465 5264 2683 land der Schill.
3967 2622 6532 2844 Eschenb. Ja ein Anfang ist es, aber es wird noch lange
4405 2783 6187 3015 dauern.  Wa kömert-clut. nederski.
5856 2931 6441 3143 wer cild.
3961 3134 6551 3340 Der Gehilfe. / atemlos/ Herr Etzelt sie sind da. Mili
4402 3279 6477 3488 tär ist da, Hausdurchsuchung. Verzeihn Sie
4437 3407 6342 3607 um Gotteswillen Herr Etzelt ich hab mir
4472 3571 6348 3803 nicht helfen können, ich hab ihnen den
