6824 4376
710 1611 1272 1862 hierden kenten
704 1823 1374 1973 toutes aussi a
377 2003 1296 2173 Monsieur, il y a dit
473 2120 1302 2308 J.12 offl rieb
877 2281 1413 2449 de même bais
6395 440 6571 566 252
4458 533 6350 742 ist noch zwei Tage weit, bis sie kommt
4550 736 6478 904 ist von Wien nichts mehr andres übig, als
4586 868 5323 1063 ein paar Muern.
4030 1027 6437 1245 Ein andrer. Ich frag nur, warum lasst man sie nicht
4413 1215 6416 1395 herein die Franzosen. Heen sie uns vor vier
5404 1305 5760 1398 Eu deuille
4503 1335 6475 1524 Jahren was getan? Freilich, damals hat man
4455 1515 6014 1694 ihnen gleich die Tore aufgemacht.
4042 1676 6248 1862 Ein andrer. Ein halbes Jahr sind sie in unser
4509 1814 6440 2009 Stdt gelegen, ist es uns schleht gegangen?
4054 1979 6365 2123 Stiefel. Die weisse Fahne soll ausgesteckt werden.
4042 2144 5607 2311 Ein andrer. Ja, die wisse Fahne.
4033 2293 6374 2452 Stiefel. Hiaunf auf die Basteizum Kommandaten. Wir
4556 2419 6416 2620 wollen nicht zu grunde gehn. Die weisse
4395 2584 6532 2763 Fahne./ sie stürmen über die Stiege hinnauf.
4021 2775 6422 2967 Gardist. / hät sie zurück. / Hier wird niemand mehr
4542 2886 6206 3105 heraufgelassen.
4048 3042 6245 3263 Stiefel. Wir wollen zum Kommandaten der Bastei.
4054 3182 6110 3419 Der Gardist. xxx wird niemand heraufgelassen.
4042 3365 6368 3557 Andre. Die weisse Fahne soll ausgesteckt werden.
4045 3527 5922 3748 Ein anderer. Es brennt ja schon überall.
4042 3703 6062 3895 Ein dritter. Und in der Burg liegt Pulver,
5356 3823 6161 3958 Ce as I. - De Mr Wylid
