3192 4056
2384 361 2623 516 3 68
832 500 2859 656 sehen ihm die Leute nach, er läd sich Gäste
866 712 2875 880 nach Schönbrunn, die schwerwenzeln vor ihm
837 837 2793 1031 tausende sind für nichts gestorben, haben
877 1026 2822 1217 ihr Leben hingegeben, ruhmlos und es gibt
829 1106 2963 1292 Leute, deren Leben ganz ohne Wert ist und sie
795 1307 2769 1515 setzen es nicht ein. Ich begreife die Welt
874 1488 2867 1658 nicht. Was schützt ihn? Die Welt würde auf
930 1634 2737 1828 atmen wie erlöst. Und niemand wagt es.
832 1810 2854 2014 Es wäre Mord, Frau „Lach“, Gerecht
367 1815 704 1943 Etzelt.
826 1977 1613 2113 Es wäre Gericht.
364 1972 710 2105 Frau K.
834 2131 2030 2262 Wer darf sich vermessen.
330 2139 672 2262 Etzelt.
842 2251 2851 2487 Das Urteil über ihn ist längst gesprochen.
375 2309 720 2434 Frau/K.
890 2400 1098 2503 n Ew.
890 2445 2740 2655 wer die Sendung in sich fühlt darf es
848 2602 1379 2822 vollführen.
