6792 4520
724 637 896 870 88
1127 888 2812 1107 innamrdenad sie nie jetzt ausbraben
534 1037 2511 1288 reidos meded liw dotibae re tat st. muß
502 1226 2310 1486 J tot beidoada endo tsiftw ud.Jntemag
380 1422 2701 1656 dot als mamtidos Jdota dotu edost null aubre beM
505 1600 2260 1831 nneA l2.fenin jjoo aaßxo.tettuk ned
415 1781 2257 1971 odtsga auk.datm Juert asb das n###
397 1942 2254 2234 ban 'tqo### mied eia Jmmin ro xxx
590 2143 2245 2383 Jhotn Rood mitz elb äus ela Jaaffa
435 2286 2243 2549 Idotii as estel as nimittä
380 2491 2240 2721 als aus! das dotileret.dol alom dolm
1390 2704 2245 2902 ab Jdota gede dot
552 2818 2231 3072 sautim baedA us doo a ldow Jartw ud
2286 2882 2631 3130 .'a une
1904 3107 2213 3256 noaae
467 3151 2619 3449 reda „meastä neate idow dot anax asQ“.btabeM
1002 3416 2231 3624 (ab blad tai edoatuä etb
873 3583 2616 3816 Kedtspa nesstö neb desa det2.X.usry
1188 3796 2613 4000 entered bied jds edtsaa
984 3992 2596 4187 aus lesä tdoin tadeta ua.dnedosä
3974 607 6193 899 Mehard. Du siehst mich doch heute nicht zum
4403 806 6231 1007 ersten Mal so. Vier Wochen schon steck
4450 1025 5335 1212 ich in dem Gewand.
2803 1136 3183 1343 a s»r?
3977 1183 6322 1387 Eschenb. Bist eben tüchtig hineingewachsen in den
4462 1413 5060 1559 vier Wochen.
5180 1466 5443 1621 under
4027 1501 5957 1726 Frau K. Wo verst Du heut den gansen Tag.
3983 1697 6269 1971 Medard. Verzeih Mutter, dass ich nicht zu Mit
4433 1837 6307 2102 tag daheim war, es gab so viel zu tun.
4062 2099 6211 2318 Eschenb. An allen Ecken und Enden Abschied zu
4438 2304 4806 2470 nehmen.
4012 2415 6211 2648 Medard. Nicht einmal dazu war Zeit Oheim, Habt
4444 2643 6252 2794 Ihr übrigens gehört, dass sich der Käs
4444 2762 6263 2981 man umgebracht hat, der Schuster, weil
4450 2987 5846 3180 ihn das Los traf dazubleiben?
4035 3127 6357 3425 Eschenb. Ja die Kunde von der Heldentat hat Deine
4435 3355 5846 3577 Mutter nach Hause begebracht.
4914 3489 5198 3606 with
4214 3469 6284 3749 Medan Uhd denkt nur vor mir in den Ohrn lag
4435 3691 6296 3989 bis jetzt ich möchte tauschen mit- ihm,
