3304 4184
2477 330 2657 483 358
856 464 3006 676 ter tausend, auch er ist unschädlich im Augen
941 685 2927 846 blick wo Napoleon nicht mehrmam Leben ist.
895 783 2839 1006 Ja mn konnte schwören, dass gerade dieser
916 1017 3003 1146 eine als verster den Vicomte zum Regenten aus
848 1124 2973 1298 ruft, sobald die Nachricht eintrifft. Alles,
911 1309 2932 1465 alles liegt darin. Wir sind es Vicomtesse,
914 1413 2921 1617 die vor dem geschlossenen Tore stehn. Da
916 1606 2959 1806 rauf kommt es an, im Augenblick, da das Tor
922 1784 3109 1942 aufspringt. Und ich bin bereit mich zu opfer-
971 1893 3137 2092 Sie kommen nicht so weit. Was sind Sie schon.
461 2016 756 2136 Julia.
930 2043 3093 2280 Desalteux? Sie werden dieses Haus nicht ver-
933 2212 2779 2438 lassen, um in die Freiheit zu gelangen.
1020 2433 3068 2583 Das einzige was ich für Sie erwirken konnte
884 2599 2935 2744 war, dass Ihnen das Leben geschenkt bleibt.
933 2749 3123 2869 Konnten Sie das? Es wird ein Irrtum gewesen so
477 2809 676 2916 Des.
1039 2899 2908 3025 sein, Aber fürchten Sie nichts. Es wird
990 3049 2823 3186 nicht hier geschehn, Vicomtesse, Ihnen
1001 3213 3090 3382 sollen alle Unannehmlichkeiten erspart sein.
957 3388 1694 3557 Leben Sie wohl,
960 3505 3063 3682 De saulteux, nichts Unsinniges, haben Sie Ge
496 3578 791 3780 Julia.
960 3764 1219 3879 duld.
