6824 4520
598 848 1426 1092 G.Jqnadredi sie BJ
540 1087 1782 1300 vom xxxe hiezu xxx
1354 1202 2053 1403 toutes ou je ne
1164 1363 2268 1581 I ets do imow ergeht ei8
932 1343 1153 1573 e me le
1814 1685 1995 1872 aiee
437 1682 1435 1900 eis.neioenq-s noim?
543 1814 1570 2044 dessen soeb ald xo 1. nen
359 2004 1414 2228 nie ldow beiw se,noei
5882 558 6095 727 177
4229 693 6322 917 Frau K. Aen Medardus, was ist das Ergendwas
4669 848 6440 1095 verbirgst Du mir. Von wem kommt diese
4640 1044 4988 1245 Frau.)
5471 1052 6181 1271 Ich weiße nach.
4246 1210 5819 1406 Medard. (Wie soll ich das wissen.)
4249 1357 6564 1567 MødFrau K. Wem kann den schon bekannt sein, dass
5460 1455 6124 1552 Sie nicht zu können,
4632 1530 6498 1690 Du verwundet bist...Medardus, am Ende...
4269 1679 5825 1877 Medard. Ich weiss nicht Mutter,
4255 1849 5092 2053 Anna und Nerina.
4281 1935 6520 2188 Nerina. Guten Abend. / es ist dunkler geworden/
4278 2116 6365 2340 Medard. Wer ists, Ch.. Bitte, wollt Ihr mich
4695 2271 6408 2472 nicht allein lassen. Allein sag ich.
4292 2461 5534 2654 Anna und Frau K. liiks ab.
4747 2579 6581 2780 Sie sind es; (wir haben uns ja heute mor
4287 2648 4603 2855 Mdard.
4672 2714 6535 2938 gens gesehn.) Bitte kommen Sie näher, (was
4706 2884 5854 3111 haben Sie mir zu sagen?)
4718 3033 6564 3246 Sie sind also wirklich nicht... ach Gott
4301 3125 4637 3246 Nerna.
4692 3171 6480 3384 wie dumm. Das seh ich ja. Wie geht es
4709 3410 6035 3559 Ihnen Herr Medardus Klaehr?
4732 3528 6535 3758 Sie sprechen wohl nicht nur im eigenen
4284 3559 4649 3723 Medad.
