6824 4488
6269 409 6454 600 151
4436 570 6463 782 allem in die Stadt, Du weisst ja wo die Leu
4357 779 4854 951 te wohnen.
3972 915 5224 1176 Nerina. Zu welchen Leuten?
4400 1051 6257 1242 Ich möchte doch wissen, (ob ich wirklich
3975 1154 4278 1336 Julia.
4397 1154 6433 1463 gerächt bin) Man hat schon gehört, dass Leu
4384 1351 6290 1570 te von Degenstichen Genesen. So geh doch.
4406 1557 5242 1736 Zu diesen Leuten?
3994 1573 4336 1791 Nerina.
3984 1691 6424 1891 Julia. Es schickt sich wohl, - besonders wenn er
4372 1842 6351 2042 nicht tot ist, man könnte sich nach seinem
4469 2027 5421 2203 Befinden erkundigen.
4448 2154 6272 2354 Sie zweifeln dass er ta ist Fräulein...
4018 2188 4366 2357 Nerina.
4394 2333 5402 2515 Es wäre doch möglich.
4018 2403 4321 2527 Julia.
4448 2472 6363 2682 Es war ja gewiss nur Bescheidenheit, dass
4018 2569 4378 2694 Nerina.
4412 2594 6402 2800 der Vicomte sich so ausdrückte. Gewiss hat
4409 2769 6524 3006 der arme Bursch schon nicht mehr geatndt, als
4366 2945 6524 3145 der Vicomte sich entfernte. Er hat nur so, eine
4403 3112 6099 3272 Art die Worte zu setzen der Vicomte.
4457 3272 6327 3469 Möglich. Aber ich möcht es wissen. Geh.
4045 3321 4366 3469 Julia.
4436 3394 6502 3597 Vielleicht sprichst Du die Mutter. Ich meine
4433 3566 6472 3803 wenn er nur verwundet ist. Vielleicht könn -
