3304 4216
2486 297 2682 538 355
819 564 1685 718 Julia. Desaulteux.
819 660 2949 928 Sie nehemn mein Kommen hin, als hätten Sie es
368 779 564 885 Des.
893 882 1333 1049 erwarte t.
792 975 2923 1171 Sie verlangen mich staunend zu sehn? Ich wuss
382 1063 668 1206 Julia.
851 1124 2981 1341 te ja, dass Sie heute kommen würden. Gestern
851 1320 2454 1508 Abend hat es mir Bonaparte gesagt.
845 1460 2907 1683 Er weiss dass ich komme! Und ich bin frei.
390 1553 594 1707 Des.
869 1672 1497 1821 und ich lebe?
2149 1704 2449 1834 seine
859 1738 2896 1958 Ermessen Sie draus den Grad der Verachtung,
403 1874 700 1998 Julia.
928 1988 1874 2141 den er für Sie hegt.
872 2064 2870 2279 Er hat Unrecht, Er sollte sich nicht spie
408 2205 625 2316 Des.
888 2276 2870 2464 len. Er weiss nichts alles. Erweiss nicht.
904 2409 2936 2600 Gedulden Sie sich mir zu sagen was er nicht
437 2507 734 2624 Julia.
949 2568 2878 2753 weiss, bis ich Ihnen mitgeteilt habe, was
191 2650 822 2849 in Frict in Triche
906 2743 2886 2960 ihm bekannt ist. Soll ich Ihnen die sech
164 2814 633 2968 Der Rent¬
949 2899 3002 3103 zehn Personen nennen, die heute vor drei W
233 2910 541 3093 nicht
928 3074 2960 3238 chen in den chinesischen Bädern zusammen ge
917 3214 2870 3379 kommen sind? Es ist Ihnen gelungen eine
893 3358 2931 3554 grössere Anzahl der Bourbonenpartei heranzu
941 3538 2902 3766 ziehn. Sie haben die Rekrutenaushebung ge
