6776 4328
490 1713 1290 1921 (0e adraad. a.
645 1886 1430 2017 entreur de ces
461 2034 1290 2215 Monsieur M. D.
502 2201 1348 2370 zweg miedab J no in
619 2315 1252 2536 Volles
1060 2519 1264 2682 les
467 2507 978 2703 negastique d
473 2653 943 2817 tew dol.
5864 347 6065 552 238
4451 511 6246 736 so sprechen höre? Die Franzosen sind in
4451 695 6380 916 Wien. Alles wacht wieder in mir auf. Und
4439 881 6337 1065 Medardus mahnt mich, das ich es nicht zu
4413 1045 4950 1211 schwenehme.
4480 1319 6445 1500 / kommt, in bürgerlicher Tracht. / Gten 4ber
4019 1378 4396 1500 Eschenb.
4463 1518 6252 1684 Warum habt Ihr die Ladentüre zu. Esist
3660 1483 4276 1684 Herr Büsperte.
3698 1658 4285 1839 ond de Coll -
4472 1675 6334 1827 drückend schwül. Für hute ist es mit dem
4466 1807 6261 1970 Einmarsch zu Ende. es wird still in den
4436 1956 6217 2137 Stassen. Du kannst ruig öffnen lassen
4069 2134 6421 2306 Etzelt. / öffet die Ladentüre, Blick auf die Saras
4480 2280 5753 2405 se Dämmerung, wenig Leute.
4486 2390 6477 2577 / sitzt auf den untersten Stufen der Wendel,
3984 2481 4320 2601 Medard:
4492 2566 4828 2752 treppe.
4472 2685 6407 2872 Du Medardus, ich ah Dich nicht gleich in
3946 2749 4326 2916 Eschenb.
4436 2898 6436 3041 der Dunkelheit. Noch in Degen an der Seite.
4521 3018 6404 3184 Hast Du den Aufr### nicht gelesen? Es ist
4492 3187 6418 3345 das erste, was Bonapate verfügt hat. Und
4480 3301 6500 3526 Du gehörst ja zur Landwehr. Du bist Kriegs
