6824 4360
705 584 1325 813 Monsieur de
469 1223 1131 1449 reffor.neioam
1207 3420 1748 3584 G.C.F.M.D
1190 3557 1944 3820 G.C.H.F.P. 'M. D.
6108 472 6305 669 268
4148 649 6335 902 Julia. Mit Ihnen, ja haben Sie mich denn nicht
4371 872 4908 1030 verstanden?
3594 882 4010 1066 du vrai
4594 974 5079 1075 was killed
3557 1003 6194 1184 ### Ww.. Warum wollen Sie hier bleiben Julia?
3590 1141 4043 1295 Mémollt
4056 1180 6282 1351 Julia. Ich bleibe hier um Ihre Nachrichten
3702 1256 3872 1466 for
4403 1302 6341 1472 zu erwarten. Ich bleibe hier, bis Sie mir
4377 1430 6417 1672 die Nachricht senden, dass die Zeit für eine
4407 1616 5502 1830 grosse 2 Tat)reif ist.
4102 1744 5531 1941 Vic. Für eine Tat... Ruf.
4049 1885 6285 2141 Julia. Wollen Sie mich dazu brigen, (es mit einem
4377 2075 6377 2266 armseligen Wort auszusprechen? Es könnte ja
4410 2236 6315 2410 doch nur ein Wort sein, dass meinen Vor -
4371 2367 6197 2544 satz beschipinft. Ehendie Tat geschehn,
4430 2525 5266 2613 may ys Nann
4331 2541 6459 2734 ist das Wort, das sie bezeichnet niedrig, elnd
4469 2662 6407 2908 verbrecherisch. (Ja, ein Verbrechen ist es,
4371 2866 6328 3036 solange es nur Plan ist. Ede Erlösung für
4456 3026 6282 3194 Frankreich, für die Menschheit, wenn es
4318 3180 4961 3348 Tat geworden.
4374 3325 5528 3528 Julia was haben Sie vor?
4056 3298 4262 3469 Vic.
4056 3479 6423 3656 Julia. Nichts habe ich vor. Es gibt keinen Vorsatz.
4367 3646 6351 3856 Wenn die Nachrichten nicht kommen, die ich
