6808 4360
508 1564 1345 1778 ###oslqme hervoll ei.
546 1772 1582 1937 Jemalxx werden xxx
489 1904 1365 2084 I is nedield a.m. ein
471 2071 1468 2298 nur das xxx.xxxx
904 2386 1152 2530 G.C.H.F
443 2702 889 2842 Kamstagst.
765 2862 951 3006 .P.
505 3424 1265 3645 Von der Stadt und
6021 500 6196 652 26 7
4385 569 6435 850 dass von denen, die ahnen mit welchen Plänen
4426 716 6263 997 ich dieses Haus verlasse, nur wenige an
4395 976 5575 1164 unser Wiedersehn glauben.
4805 1069 5248 1182 Willer he is
4390 1015 6325 1304 Aber Sie wollen mich doch wiedersehn. (Sie
3998 1149 4284 1363 Julia.
4457 1203 6425 1463 wollen mich zu Ihrer Gattin machen. Wollen
4465 1440 5467 1641 in meinen Armen sein.
4465 1497 6399 1778 Ob ich will Julia,... Mai es darauf
4027 1618 4403 1757 Vicomte.
4635 1682 5176 1803 und d'avoir
4421 1698 6443 1948 Und der Wille ist alles. Wur wenn es Ihnen
4011 1801 4313 1927 Julia.
4480 1855 6484 2076 gelingt werd ich Ihnen glauben, dass Sie es
4532 1945 6454 2252 wahrhaft gewollt haben. Nur wenn es Ihnen
4490 2110 6567 2396 gelingt, werden Sie es selber glauben dürfen.
4449 2277 6500 2525 Dass Kaiser Bonaparte Kaiser von Frankreich
4591 2429 6461 2713 werden wollte glaub ich, denn er ist es.
5044 2561 6330 2718 Dase he wird in Nallein geh der
4202 2666 5915 2896 Vicomte. Julie kommen Sie mit mir.
4490 2857 4890 3025 Vicomte!
4065 2885 4372 3004 Julia.
4534 2893 6356 3179 Julia, th schwöre Ihnen, Sie werden mir
4086 3040 4462 3171 Vicomte.
4519 3037 6443 3295 sein wie eine Schwester, nicht Ihre Finger
3630 3213 4452 3385 Aller und trichter.
4552 3236 6425 3470 spitze werd ich berühren, Sie mögen mich
4498 3362 6428 3633 einen Schuft einen Hund heissen, wenn ich
4519 3524 6479 3826 versuche mich Ihnen zu nähern, aber kommen
4565 3808 5155 3996 Sie mit mir,
