3272 4136
2513 320 2697 537 otl
806 543 2749 722 Bez ehungen zu Dir. Du vergisst, dass ich
847 703 2792 901 die Vicomtesse von Barry bin und dass wir
817 868 2231 1061 einen gemeinsamen Feind haben.
798 1039 1943 1208 Einen gemeinsamen Feind?
350 1056 678 1246 Medard.
811 1161 2760 1327 Den Herrn der Welt. Das Ungeheuer, das
358 1221 651 1408 Julia.
852 1373 2649 1539 mit seiner Tatze über der Erde lastet.
863 1509 2106 1672 Was kümmert mich Bonaparte
356 1541 695 1674 Medard.
817 1658 2896 1829 Sag das nicht. Du hassest ihn. Wer hat Dei
361 1715 651 1897 Julia.
817 1767 3007 1997 nen Vater umgebracht? er. Wer Deinen Oheim? Er
917 1965 2958 2152 Wenn auch durch andrer Hände. Beide lebten
871 2095 2863 2339 noch, wenn er nicht wäre. Aber das weisst
825 2252 2893 2437 Du alles selbst. Von mir will ich sprechen.
830 2415 2893 2594 Du siehst wie ich mich in Beine Hände gebe
839 2581 2624 2763 Weisst Du, warum der Vicomte fort ist?
830 2768 2912 2915 Er führt die Angelegenheiten unserer Familie
931 2909 2969 3094 in Frankreich. Es gibt heute in Frankrei
839 3058 2890 3243 hunderttausend, die nur darauf warten, dass
950 3235 3001 3419 die Herzöge von Barry wieder den Tron Frankf
958 3422 2852 3566 reichs besteigen. Ein Jubel ginge durchs
847 3520 2839 3726 Land, wenn Napeleon nicht mehr existierte.
