3416 4200
2034 357 2274 449 G.C.F.P.
2617 373 2797 523 52
1209 468 2937 636 ich den blinden Mann so schonungslos,
1258 650 2857 806 nie meine Mutter so starr gesehn,
1297 765 2389 894 meine schwerte so soll kosten,
488 816 1064 1011 Ich bei erstloben.
1216 845 2891 988 Ich musst so tun, als fügt ich mich,
1205 1048 2783 1159 sonst hätt ich vielleicht aus dem
1249 1159 2946 1345 Haus nicht mehr heraus können. So is
2495 1343 2714 1447 Rece.
1214 1336 2967 1626 Haus. Keine, keine Hoffnung. - Bist Du
1256 1569 1613 1716 bereit?
781 1762 1120 1889 Agathe.
1209 1726 2866 1882 Hier hab ich eben meinem Bruder ge.
1200 1882 3052 2087 schworen, dass ich nie Schande über un
1209 2140 2859 2242 ser Haus bringen werde. Und mir sel
1244 2230 2815 2527 ber schwur ichs längst. (Und Duk,
1209 2483 1933 2617 bist Du bereit?
779 2615 1078 2801 Franz.
1239 2663 2949 2838 (Dein Schicksal ist meins. Willst Du
1239 2785 2811 2993 in dem Augenblick zweifeln, wo es
1196 3048 2946 3209 sich oben erfüllt.) Frage Da Dich noch
1334 3237 2923 3430 einmal Agathe, siehst Du keine an
1198 3387 2202 3552 dre Rottung für Dich.
769 3499 1143 3730 Frau K.
1212 3592 2315 3727 wirf/t einen Blick hin.
