3288 4168
2680 354 2861 510 376
977 522 2818 766 Schloss. Er ist Leutnant bei der Garda.
1017 692 2829 925 Ich wohne ganz nah in dem kleinen Haus
980 896 1925 1095 beim Meidlinger Tor.
991 1201 1991 1435 Die Türe öffnet sich.
997 1317 3097 1550 Liechtenstein, Bubna und andre treten heraus,
1008 1539 2610 1665 und gehn über die Stiege herunter.
596 1645 2916 1899 Das Volk unten! Da sind sie. Das ist der Fürst
1020 1844 2841 2017 Liechtenstein. Wer, der grosse? Friede,
1115 1974 3132 2190 Friede, wir wollen den Frieden. Es lebe de
1083 2123 3063 2308 Fürst Liechtenstein. Der Kaiser Franz soll
1078 2317 2907 2515 leben. Ruhe. Es lebe Napeleon. Friede,
1037 2510 1389 2654 Friede.
1034 2584 3120 2812 Einige ringen die Hände/ Lauter abgerissene
1098 2847 1360 2965 Rufe.
1101 2901 3166 3100 Die Garden unten präsentieren. Die Gesandten
1173 3138 2086 3293 gehen rechts ab. 18
660 3218 2850 3475 Erster Bürger  Ich glaub nicht an den Friedeb.
1170 3385 2827 3636 Nein, sie haben nicht so ausgesehn.
663 3458 1046 3731 Zweiter.
