6808 4376
3694 456 5476 793 heute sagen: ich liebe mit – der ist es. „heut ist
3688 485 4861 723 1st weissacht-was derbl. id ull die¬
3609 514 4106 665 dit cette date...
4698 563 5331 761 che Vermehlei-
6107 540 6284 679 255
4004 679 6316 923 Medard. Du glaubst? nie wieder sei t jener Nacht.
4373 854 6252 1080 Schloss und Park sind bewacht, ich konnte
3813 932 4225 1098 viel sehr.
4472 1037 6382 1182 nicht hinein. Die Hunde klefften. Lakaien
3604 1138 4161 1356 as I am recite
4443 1159 6388 1368 schlichen an den Mauernherum. Und die letzt
4536 1356 6429 1524 ten Tage konnt ich ja nicht mehr hinüber,
4530 1516 6353 1681 die Stadttre sind alle versperrt. Aber
4536 1684 4965 1835 morgen.
3714 1670 4367 1870 Oud de m Holveil
4460 1789 6249 2009 Wo lebst Du Medardus, weisst Du nicht?
3740 1838 4007 1986 made
4042 1858 4388 1977 Etzelt.
4515 1992 4913 2184 Sprich...
4077 2012 4428 2157 Medard.
4039 2102 6377 2349 Etzelt. Du weisst nicht, das Julie morgen den Vi-
4425 2277 5793 2465 omte von v. Barry heiratet.
4149 2428 4974 2663 Medard. "/lacht/
4074 2579 6307 2750 Etzelt. ich schwörs Dir, es steht heute in der
4568 2747 4980 2939 Zeitung.
4062 2872 5633 3098 Medard. Morgen sagst Du, morgen,
4504 3110 5047 3238 Ja, morgen.
4086 3116 4443 3246 Etzelt.
4512 3159 6449 3368 Morgen sind die Tore offen, ich will Gast
4080 3281 4437 3484 Medard.
4553 3351 6475 3575 bei dieser Hochzeit sein. Man hat sie ge
4553 3482 6499 3749 zwungen, kein Zweifel. Oder hat sie mei -
4556 3723 5273 3903 ner gespottet?
