6824 4392
6164 422 6347 646 du 17.
4420 627 5118 819 dungen erlegen.
3957 776 6453 1024 Trembly. Es war zu erwarten. Ich hab ihn auf dem Sohl
4460 947 6214 1105 Schlachtfeld gesehn, man hat nicht ge
4370 1074 6325 1273 glaubt ihn lebend in die Stadt zu bringen.
4417 1226 6403 1428 Sr. Majestät der Kaiser von Frankreich soll
3951 1282 4299 1505 Berger
4426 1415 5481 1577 ihn sehr geliebt haben.
4417 1480 6406 1747 Es war einer unserer herrlichsten Generäle.
3960 1605 4361 1775 Trembly.
4435 1713 6235 1872 Es scheint, dass Bojaparte Unterschiede
3976 1769 4299 1977 Frau K.
4333 1837 6394 2030 macht / früher/ man hat gestern hier erzählt,
4441 2055 6372 2185 dass er den Befehl gegeben hat alle unheil
3597 1977 4296 2269 (c.est Frai B. I.)
4438 2179 6481 2412 bar schwer Verwundeteten auch die eigenen in
4485 2346 5410 2508 die Donau zu werfen.
4441 2471 6428 2644 Sie sollten nicht alles glauben was die Leu
3982 2554 4361 2663 Trembly.
4445 2613 6394 2790 te erzählen, Frau Klaehr. Und manches un
4398 2800 6298 2958 glaubliche was wahr ist, besser verstehn.
4441 2945 6481 3094 Ich für meinen Teil würde mir nichts bessres
4438 3094 6474 3281 wünschen. Schade, dass nicht immer ein Fluss
4441 3265 6397 3433 in der Nähe ist, um die Leiden der Verloren
4451 3417 5177 3631 ben abzukürzen.
