6808 4392
5829 519 6035 638 iyi 9
4434 622 5281 806 denn die gekriegt.
3964 801 4315 974 Frau K.
4419 795 5413 971 Wellen Sie sie haben?“
3959 979 4295 1092 Frau B.
4460 966 6361 1090 Ich will Sie nicht berauben. Ein Stückerl
4496 1129 6330 1265 wenn Sie erlauben. Wir haben seit drei
4419 1263 6485 1418 Tagen kein Gebäck im Haus gehabt. Und wissens
4432 1451 6443 1606 was das Pfund Kalbfleisch heut kostet? Einen
3946 1415 4354 1661 U. Le Verre
4413 1617 4762 1761 Guldde.
5457 1586 6304 1743 verhänget - Tell
3897 1761 4261 1898 Berger
4419 1756 6314 1929 Ja wif gchn noch alle zugrunde. Und dazu
6136 1870 6304 1942 Mr Wm
3582 1865 4344 2022 fristain ertrechoup
4460 1903 6469 2061 noch das Bettelvolk in der Stadt, man weiss
3577 1981 4277 2141 Haben von Telt
4395 2032 6423 2211 gar nicht was man eigentlich wünschen sollt.
3582 2094 3876 2260 schoft
3956 2226 4287 2378 Frau K.
4413 2182 6348 2340 Was, dass die Stadt in Flammen aufgegangen
4455 2353 6053 2508 wär, oder dass man nie geboren wär.
3931 2681 4331 2792 Medardus
4406 2696 6374 2838 / kommt/ (Guten Morgen, das wünscht Du Dir,
4395 2846 5560 2972 man würde viel versäumen.
4398 2978 6296 3125 grad sag ich Ihrer Mutter, sie sollt sich
3936 2957 4305 3145 Frau B.
4341 3117 6237 3311 moderieren, jetzt wos so streng zugeht in
4432 3280 6229 3494 Wien. Es könnt noch das grösste Malheur
4383 3461 5026 3603 herauskommen.
4388 3628 6402 3783 Was ist das heut wieder für ein schöner Tag,
3933 3579 4230 3745 Medard
4416 3794 6306 3923 ich glaub es hat noch nie einen so herr
