6792 4376
6035 460 6242 623 260
4024 591 6539 813 St. Mars. Vor einer Stunde hat Bonaparte die Deputatio
4527 773 6358 992 empfangen. Ich habe den Fürsterzbischof
4537 939 6329 1139 und den Landmarschall vorfahren gesehn.
4393 1111 6520 1267 Wien steht unter französischer Oberherrschaft,
4477 1289 6170 1461 wissen Sie was das für uns bedeutet?
4011 1427 6336 1593 Dausan. Es hätte viel zu bedeuten, wenn wir heute
4521 1546 6348 1752 Abend noch hier wären. Aber in zei Stun
4387 1736 6082 1884 den sind wir auf dem Weg nach Paris.
4443 1830 6295 2059 Sind Sie dessen so sicher, Dagusa? (wir
4005 1843 4280 2099 St M.
4496 2027 6354 2228 sind Flüchtige, Auswanderer und in Neo
4358 2165 6477 2375 leons Augen nichts viel besseres als Verräter.
4443 2318 6398 2519 Wenn wir Unglück haben könnten wir als De-
4437 2500 5810 2669 serteure ausgeliefert werden.
4483 2653 6361 2794 Sie erzählen mir keine Neuigkeiten. Aber
4011 2638 4402 2794 Dagusan.
4437 2791 6536 2982 Renault hat alles gut vorbeitetet. Es ist ein
4502 2938 5901 3126 förmlicher Plan ausgearbeitet.
4024 3113 6398 3304 St. Mas. Für unsre Flucht, sprechen Sie es nur aus.
4449 3248 6542 3470 Und es ist eine Flucht unter tausend Gefahren
4437 3410 6498 3632 Und selbst wenn wir nach Pais gelangen, sind
4577 3573 5863 3801 wir dort sicherer als hier?
4017 3739 4424 3933 Dagusan
