6824 4408
5802 480 5976 634 31 5
4334 602 6404 816 bringen Sie die Milch herein. Aber es wird
4420 829 6201 944 nun Zeit sein den Verband zu wechseln.
4435 920 6261 1093 Tun Sies nicht. Mein armer Kamerad hat
3984 1006 4336 1197 Trembly
4488 1147 6386 1270 wenss gut geht noch eine Stunde zu leben.
4435 1233 6485 1434 Er schlummert jetzt, so zu sagen, wir wollen
4446 1468 5697 1583 ihn lieber nicht aufwecken.
4454 1611 6360 1734 Sie sagen das so ruhig, verzeihn Sie dass
3974 1604 4323 1747 Frau K.
4412 1752 5786 1943 ich frage, ist es Ihr Freund.
4464 1930 6315 2036 man gewöhnt sich dran seine Freunde
4003 1945 4368 2065 Trembly,
4412 2102 5160 2229 dterben zu seh.
4456 2193 6493 2391 Sie haben schon viele Schlachten mitgemacht?
4000 2237 4336 2368 Frau K.
4514 2336 6506 2503 Wenn ich alles mitrechne 38, aber die letzt
4023 2412 4378 2532 Trembly.
4532 2485 5343 2584 Neu in bluly - we die
4514 2519 6295 2662 war die blutigste. Es wird Sie freuen
4464 2649 6448 2808 Frau Klaehr., so wie sich die Oesterreicher
4472 2837 6480 2986 vorgestern geschlagen haben, das hab ich an
4477 2996 6529 3160 unsern Feinden noch nie gesehn. Wenn Napole
4610 3166 6352 3283 on immer solche Gegner gehabt hätte.
4488 3265 6498 3468 Wer er wahrscheinlich nicht der grosse Feld
4016 3319 4365 3447 Frau K.
4477 3439 5976 3598 herr geworden / sie frühstücken/
4626 3554 5447 3682 tripli mai. Maßé
4451 3624 6545 3854 wär er ein noch grösserer geworden, Frau
3992 3650 4381 3776 trembly.
4441 3815 4795 3956 Klaehr.
