6808 4504
5995 477 6216 652 215
4321 613 6297 902 ist. wie immer, ich bin hier festgebannt.
4318 795 6310 1043 Eschenbacher in Unt/om eines Grdisten
4297 996 5413 1197 auf andern von rechts.
368 965 621 1124 G.H.F.P.
4336 1150 5181 1340 Eschenb. Etzelt..
4349 1236 6109 1515 Etzelt. Sie Meister Eschenbacher.
4362 1385 6375 1630 Eschenb. Was machen Sie zu so früher Stun -
4433 1622 4866 1752 de hier?
4368 1708 6464 1922 Etzelt. Später die Antwort. Sie wissen doch,
4391 1870 6490 2057 dass Medardus gestern Abend plötzlich aus dem
4381 2044 5145 2224 Haus verschwand.
4952 2039 5859 2248 50. dies ist mir bekom¬
4396 2164 6302 2420 Eschenb- Freilich weiss ichs. Ich war ja
4422 2321 6469 2540 abends bei meiner Schwester, wollte nach dem
4409 2477 6336 2670 Schwerverwundeten sehn und fand es lustig
4433 2592 6391 2829 genug, dass er nicht mehr daheim war. Eine
4433 2746 6482 2978 verschleiert Dame hat ihn entfürht. Man muss
4175 2769 4391 3030 12
4433 2866 6498 3113 sagen so ein junger Mensch hat ettge Lebens
4428 3072 6464 3285 kraft. Vormittag, begrübt er seine Schwester,
4451 3205 6321 3424 ein paar Stunden drauf, schlägt er sich,
4451 3348 6341 3588 kriegt einer Stich ins Herz., und abends
4459 3473 6550 3810 ist er in der Laune zu einem Liebesaben teuer.
