6808 4568
4874 221 5681 434 Wellem Antzug
6256 302 6580 471 The 08
5129 358 5752 544 Cepe Pioen
6130 431 6362 649 229.
4440 518 4984 662 Burgbastei.
4508 634 6538 775 Eine hohe Mauer, som breit, dass sie beinah
4493 820 6359 959 die ganze Bühne einnimmt, zieht von vorn
4482 936 6270 1099 linkes nach hinten, biegt in einem sehr
4408 1104 6477 1251 stumpfen Winkel nach rechts um. Vr dieser Bie
4500 1236 6338 1372 gung liegt das Tor, das geschlossen ist.
4490 1393 6356 1504 Eine steinerne Treppe mit Geländer führt
4500 1540 6443 1696 auf die Bastei, die in ihrer ganzen Ausdeh
4542 1698 6433 1814 nung praktikabel ist. Henseits der Bastei
4487 1801 6367 1977 sind die Vostädte gedacht, zu sehen sind
4458 1932 6569 2140 nur etliche Turmspitzen und eine schwarze Fah-
4487 2108 6425 2271 ne. Unten am Tor, also in der Stadt einige
4443 2298 5641 2437 Mann von der Bürgermiliz.
4440 2418 6364 2581 Ausserdem einige Männer und Frauen im Ge
4450 2618 4792 2747 spräch.
4535 2655 6412 2860 Zuf der Bastei oben, ziemlich weit rück.
4500 2884 6498 3005 wärts eine Kanone, mit Bedienungsmannschaft
4506 3015 6501 3202 Weiter vorn an der Wehr der Bürgerhauptmann
4582 3197 6401 3341 Bargetti und zwei andre Bürgermilitärs.
4500 3349 6275 3462 Ausserdem eini/ge promenierende Leute.
4490 3478 6448 3643 Eine Gruppe, in deren Mittelpunkt Herr Ber
