<?xml version="1.0" encoding="UTF-8" standalone="yes"?>
<PcGts xmlns="http://schema.primaresearch.org/PAGE/gts/pagecontent/2013-07-15" xmlns:xsi="http://www.w3.org/2001/XMLSchema-instance" xsi:schemaLocation="http://schema.primaresearch.org/PAGE/gts/pagecontent/2013-07-15 http://schema.primaresearch.org/PAGE/gts/pagecontent/2013-07-15/pagecontent.xsd">
    <Metadata>
        <Creator>prov=READ-COOP:name=TrHtr:version=2.1.0:model_id=51170:date=25_07_2023_14:53</Creator>
        <Created>2023-05-10T12:16:53.019+02:00</Created>
        <LastChange>2023-07-25T14:53:28.483+02:00</LastChange>
        <TranskribusMetadata docId="1428191" pageId="55402114" pageNr="380" tsid="130688086" status="IN_PROGRESS" userId="64420" imgUrl="https://files.transkribus.eu/Get?id=BKUSAYLBWFOWFWSPOIDCZDVY&amp;fileType=view" xmlUrl="https://files.transkribus.eu/Get?id=EZTCISDUKKSUOTCXTGROSYSX" imageId="44676936"/>
    </Metadata>
    <Page imageFilename="1428191_0380.jpg" imageWidth="6728" imageHeight="4328">
        <ReadingOrder>
            <OrderedGroup id="ro_1711797891019" caption="Regions reading order">
                <RegionRefIndexed index="0" regionRef="tr_1"/>
            </OrderedGroup>
        </ReadingOrder>
        <TextRegion id="tr_1" custom="readingOrder {index:0;}">
            <Coords points="3832,582 6453,582 6453,3788 3832,3788"/>
            <TextLine id="tr_1_tl_1" custom="readingOrder {index:0;}">
                <Coords points="5971,691 6001,694 6067,651 6091,651 6128,675 6155,675 6155,537 6141,537 6075,585 6062,574 6035,582 6011,563 6003,569 5971,563"/>
                <Baseline points="5987,632 6077,632 6160,632"/>
                <TextEquiv>
                    <Unicode>305</Unicode>
                </TextEquiv>
            </TextLine>
            <TextLine id="tr_1_tl_2" custom="readingOrder {index:1;}">
                <Coords points="4295,845 6242,813 6242,718 6104,678 5554,699 5464,757 4590,672 4297,749"/>
                <Baseline points="4310,823 4369,823 4459,823 4548,817 4638,817 4727,817 4817,817 4907,811 4996,811 5086,805 5175,805 5265,805 5354,805 5444,805 5533,799 5623,799 5712,793 5802,793 5892,793 5981,793 6071,793 6160,787 6250,787"/>
                <TextEquiv>
                    <Unicode>Und dann wollen wir eiligst beraten was zu</Unicode>
                </TextEquiv>
            </TextLine>
            <TextLine id="tr_1_tl_3" custom="readingOrder {index:2;}">
                <Coords points="3816,853 3848,840 3896,861 3946,861 4005,840 4095,861 4098,752 4055,776 4026,773 4013,760 3970,760 3938,784 3899,768 3872,787 3856,773 3819,784"/>
                <Baseline points="3832,841 3922,835 4011,835 4101,835"/>
                <TextEquiv>
                    <Unicode>Assa.</Unicode>
                </TextEquiv>
            </TextLine>
            <TextLine id="tr_1_tl_4" custom="readingOrder {index:3;}">
                <Coords points="4279,1018 6120,994 6335,943 6338,864 5700,834 5488,912 4954,925 4698,866 4279,946"/>
                <Baseline points="4292,979 4369,979 4459,979 4548,979 4638,973 4727,973 4817,967 4907,973 4996,967 5086,967 5175,961 5265,961 5354,961 5444,961 5533,955 5623,955 5712,955 5802,949 5892,949 5981,949 6071,949 6160,943 6250,943 6339,937"/>
                <TextEquiv>
                    <Unicode>tun ist, um die Komödie fortzusetzen, um</Unicode>
                </TextEquiv>
            </TextLine>
            <TextLine id="tr_1_tl_5" custom="readingOrder {index:4;}">
                <Coords points="4289,1148 6256,1135 6277,1020 4289,1079"/>
                <Baseline points="4304,1128 4310,1134 4399,1134 4489,1134 4578,1128 4668,1128 4757,1128 4847,1122 4936,1122 5026,1122 5115,1122 5205,1122 5295,1116 5384,1116 5474,1116 5563,1116 5653,1110 5742,1110 5832,1104 5921,1104 6011,1104 6100,1098 6190,1098 6280,1092"/>
                <TextEquiv>
                    <Unicode>Ihren Vater bei seinem Wahn zu lassen, ohne</Unicode>
                </TextEquiv>
            </TextLine>
            <TextLine id="tr_1_tl_6" custom="readingOrder {index:5;}">
                <Coords points="4289,1305 4935,1281 5041,1334 5251,1273 5676,1331 6250,1262 6250,1169 6120,1214 5971,1153 4991,1236 4292,1196"/>
                <Baseline points="4304,1289 4375,1289 4465,1289 4554,1283 4644,1283 4733,1283 4823,1283 4913,1277 5002,1277 5092,1271 5181,1271 5271,1271 5360,1271 5450,1271 5539,1271 5629,1271 5718,1265 5808,1265 5898,1259 5987,1259 6077,1259 6166,1253 6256,1247"/>
                <TextEquiv>
                    <Unicode>das Leben der andern unnötig aufs Spmel zu</Unicode>
                </TextEquiv>
            </TextLine>
            <TextLine id="tr_1_tl_7" custom="readingOrder {index:6;}">
                <Coords points="4350,1475 4372,1472 4396,1491 4467,1486 4526,1459 4619,1478 4645,1451 4693,1467 4690,1398 4640,1387 4611,1398 4568,1385 4531,1401 4502,1374 4475,1374 4433,1401 4403,1403 4388,1390 4348,1401"/>
                <Baseline points="4363,1438 4453,1438 4542,1438 4632,1444 4698,1444"/>
                <TextEquiv>
                    <Unicode>setzen.</Unicode>
                </TextEquiv>
            </TextLine>
            <TextLine id="tr_1_tl_8" custom="readingOrder {index:7;}">
                <Coords points="4308,1642 6386,1613 6442,1483 4308,1544"/>
                <Baseline points="4322,1587 4387,1593 4477,1593 4566,1593 4656,1593 4745,1593 4835,1593 4924,1587 5014,1587 5104,1587 5193,1581 5283,1581 5372,1581 5462,1581 5551,1581 5641,1575 5730,1575 5820,1570 5909,1570 5999,1570 6089,1564 6178,1564 6268,1564 6357,1570 6447,1581"/>
                <TextEquiv>
                    <Unicode>Wenn der Dr. Assalagny sich über etwas berate</Unicode>
                </TextEquiv>
            </TextLine>
            <TextLine id="tr_1_tl_9" custom="readingOrder {index:8;}">
                <Coords points="3840,1690 3917,1693 3957,1666 4010,1685 4069,1653 4130,1677 4130,1544 4058,1560 4015,1541 3936,1547 3917,1531 3840,1544"/>
                <Baseline points="3856,1605 3945,1611 4035,1605 4125,1611 4136,1611"/>
                <TextEquiv>
                    <Unicode>Julia.</Unicode>
                </TextEquiv>
            </TextLine>
            <TextLine id="tr_1_tl_10" custom="readingOrder {index:9;}">
                <Coords points="4356,1781 6309,1751 6346,1602 4975,1706 4358,1674"/>
                <Baseline points="4369,1755 4381,1749 4471,1755 4560,1755 4650,1749 4739,1749 4829,1749 4918,1743 5008,1743 5098,1743 5187,1743 5277,1743 5366,1737 5456,1737 5545,1731 5635,1731 5724,1725 5814,1725 5903,1725 5993,1719 6083,1719 6172,1719 6262,1713 6351,1719"/>
                <TextEquiv>
                    <Unicode>will, hat er gewiss seine Vorschläge schon</Unicode>
                </TextEquiv>
            </TextLine>
            <TextLine id="tr_1_tl_11" custom="readingOrder {index:10;}">
                <Coords points="4473,1924 6362,1900 6285,1807 4475,1855"/>
                <Baseline points="4489,1904 4578,1904 4668,1904 4757,1904 4847,1904 4936,1898 5026,1898 5115,1898 5205,1892 5295,1892 5384,1892 5474,1892 5563,1886 5653,1886 5742,1886 5832,1880 5921,1880 6011,1880 6100,1874 6190,1874 6280,1874 6369,1874"/>
                <TextEquiv>
                    <Unicode>mitgebracht, ich bin bereit sie zu hören.</Unicode>
                </TextEquiv>
            </TextLine>
            <TextLine id="tr_1_tl_12" custom="readingOrder {index:11;}">
                <Coords points="4390,2121 4587,2070 4831,2118 5187,2057 5291,2097 5456,2054 5605,2073 5607,1988 5512,1951 5318,1996 4943,1969 4587,2022 4393,1980"/>
                <Baseline points="4405,2059 4447,2059 4536,2059 4626,2059 4716,2059 4805,2059 4895,2059 4984,2059 5074,2053 5163,2053 5253,2047 5342,2047 5432,2047 5521,2047 5611,2041"/>
                <TextEquiv>
                    <Unicode>Sie gehen morgen zur Cour.</Unicode>
                </TextEquiv>
            </TextLine>
            <TextLine id="tr_1_tl_13" custom="readingOrder {index:12;}">
                <Coords points="3848,2115 3893,2121 3914,2110 3965,2123 3994,2105 4018,2121 4037,2107 4119,2118 4119,2009 4031,2025 3962,1998 3936,2012 3907,1996 3896,2001 3877,1982 3848,1990"/>
                <Baseline points="3862,2083 3951,2077 4041,2077 4125,2083"/>
                <TextEquiv>
                    <Unicode>Assa.</Unicode>
                </TextEquiv>
            </TextLine>
            <TextLine id="tr_1_tl_14" custom="readingOrder {index:13;}">
                <Coords points="4263,2424 4348,2373 6176,2352 6104,2251 5219,2307 4877,2224 4621,2312 4265,2299"/>
                <Baseline points="4280,2363 4304,2363 4393,2369 4483,2369 4572,2369 4662,2369 4751,2363 4841,2363 4930,2363 5020,2358 5110,2358 5199,2358 5289,2358 5378,2358 5468,2352 5557,2352 5647,2346 5736,2346 5826,2346 5915,2346 6005,2346 6095,2340 6184,2334"/>
                <TextEquiv>
                    <Unicode>vielleicht wollte es Julie ursprünglich</Unicode>
                </TextEquiv>
            </TextLine>
            <TextLine id="tr_1_tl_15" custom="readingOrder {index:14;}">
                <Coords points="4313,2546 6245,2527 6306,2408 5695,2360 5435,2471 4313,2477"/>
                <Baseline points="4328,2519 4339,2519 4429,2525 4519,2525 4608,2525 4698,2525 4787,2519 4877,2513 4966,2513 5056,2513 5145,2513 5235,2507 5324,2507 5414,2507 5504,2507 5593,2507 5683,2501 5772,2501 5862,2501 5951,2501 6041,2495 6130,2489 6220,2489 6309,2483"/>
                <TextEquiv>
                    <Unicode>nicht und jetzt beredet sie Absalagny dazu/</Unicode>
                </TextEquiv>
            </TextLine>
            <TextLine id="tr_1_tl_16" custom="readingOrder {index:15;}">
                <Coords points="4318,2751 6447,2668 6378,2575 4321,2618"/>
                <Baseline points="4333,2674 4393,2680 4483,2680 4572,2680 4662,2680 4751,2680 4841,2674 4930,2674 5020,2668 5110,2668 5199,2668 5289,2668 5378,2662 5468,2662 5557,2662 5647,2662 5736,2656 5826,2650 5915,2656 6005,2650 6095,2650 6184,2650 6274,2650 6363,2644 6453,2644"/>
                <TextEquiv>
                    <Unicode>Sie werden Gelegenheit haben Bonaparte zu spre</Unicode>
                </TextEquiv>
            </TextLine>
            <TextLine id="tr_1_tl_17" custom="readingOrder {index:16;}">
                <Coords points="4366,2873 6237,2870 6312,2854 6317,2716 5878,2692 5557,2764 5336,2711 5156,2780 4369,2743"/>
                <Baseline points="4381,2835 4441,2835 4530,2835 4620,2835 4710,2835 4799,2835 4889,2829 4978,2829 5068,2823 5157,2823 5247,2823 5336,2823 5426,2823 5515,2817 5605,2817 5695,2811 5784,2811 5874,2811 5963,2805 6053,2805 6142,2805 6232,2799 6321,2799"/>
                <TextEquiv>
                    <Unicode>chen. Es ist kein Zweifel, dass er falsch</Unicode>
                </TextEquiv>
            </TextLine>
            <TextLine id="tr_1_tl_18" custom="readingOrder {index:17;}">
                <Coords points="4361,3030 5267,3027 5360,2979 5445,3035 6139,3019 6141,2923 5756,2881 4364,2947"/>
                <Baseline points="4375,2984 4447,2990 4536,2990 4626,2990 4716,2990 4805,2984 4895,2984 4984,2984 5074,2984 5163,2978 5253,2978 5342,2972 5432,2972 5521,2972 5611,2966 5701,2966 5790,2966 5880,2960 5969,2960 6059,2960 6148,2949"/>
                <TextEquiv>
                    <Unicode>unterrichtet ist. Er weiss vielleicht</Unicode>
                </TextEquiv>
            </TextLine>
            <TextLine id="tr_1_tl_19" custom="readingOrder {index:18;}">
                <Coords points="4271,3157 4696,3213 5158,3146 6110,3168 6367,3131 6370,3024 4271,3064"/>
                <Baseline points="4286,3151 4316,3151 4405,3151 4495,3146 4584,3146 4674,3146 4763,3146 4853,3140 4942,3134 5032,3134 5121,3134 5211,3134 5301,3134 5390,3128 5480,3128 5569,3128 5659,3122 5748,3122 5838,3122 5927,3122 6017,3116 6106,3116 6196,3110 6286,3110 6375,3104"/>
                <TextEquiv>
                    <Unicode>nicht einmal, dass Ihr Herr Vater ein Kranker</Unicode>
                </TextEquiv>
            </TextLine>
            <TextLine id="tr_1_tl_20" custom="readingOrder {index:19;}">
                <Coords points="4284,3351 6325,3317 6370,3184 4287,3237"/>
                <Baseline points="4298,3313 4316,3307 4405,3313 4495,3307 4584,3307 4674,3307 4763,3301 4853,3301 4942,3301 5032,3301 5121,3295 5211,3295 5301,3289 5390,3289 5480,3289 5569,3283 5659,3283 5748,3283 5838,3277 5927,3277 6017,3277 6106,3277 6196,3271 6286,3265 6375,3271"/>
                <TextEquiv>
                    <Unicode>ist, und dass nichts was in diesem Haus unter</Unicode>
                </TextEquiv>
            </TextLine>
            <TextLine id="tr_1_tl_21" custom="readingOrder {index:20;}">
                <Coords points="4403,3508 6399,3468 6439,3364 4563,3370 4406,3426"/>
                <Baseline points="4417,3462 4477,3468 4566,3462 4656,3462 4745,3456 4835,3456 4924,3456 5014,3456 5104,3450 5193,3450 5283,3450 5372,3444 5462,3444 5551,3444 5641,3438 5730,3438 5820,3438 5909,3432 5999,3432 6089,3432 6178,3432 6268,3426 6357,3432 6447,3426"/>
                <TextEquiv>
                    <Unicode>nommen wird, von ihm oder in seinem Auftrag,</Unicode>
                </TextEquiv>
            </TextLine>
            <TextLine id="tr_1_tl_22" custom="readingOrder {index:21;}">
                <Coords points="4361,3667 6407,3620 6410,3505 4364,3561"/>
                <Baseline points="4375,3617 4447,3623 4536,3617 4626,3617 4716,3617 4805,3611 4895,3611 4984,3611 5074,3611 5163,3605 5253,3605 5342,3599 5432,3605 5521,3599 5611,3599 5701,3593 5790,3599 5880,3593 5969,3587 6059,3587 6148,3587 6238,3587 6327,3581 6417,3581"/>
                <TextEquiv>
                    <Unicode>ernst zu nehemn ist / Frühes:/ Es gilt nicht</Unicode>
                </TextEquiv>
            </TextLine>
            <TextLine id="tr_1_tl_23" custom="readingOrder {index:22;}">
                <Coords points="4313,3832 5573,3763 5825,3829 6381,3760 6415,3635 4316,3734"/>
                <Baseline points="4328,3772 4357,3772 4447,3778 4536,3778 4626,3772 4716,3772 4805,3772 4895,3766 4984,3766 5074,3766 5163,3760 5253,3760 5342,3760 5432,3760 5521,3754 5611,3754 5701,3754 5790,3754 5880,3748 5969,3742 6059,3742 6148,3737 6238,3737 6327,3731 6417,3725"/>
                <TextEquiv>
                    <Unicode>mehr und nicht weniger als das Leben des Vi-</Unicode>
                </TextEquiv>
            </TextLine>
        </TextRegion>
    </Page>
</PcGts>
