6808 4360
5867 513 6067 704 273
4398 684 6290 910 G estatte Jula, dass ich Dir den General
4355 863 6285 1011 Rapp vorstelle. Meine Tochter, seit einer
4314 1000 6505 1171 Sunde die Comtesse von Barry. Der Herr Vicomte
4581 1162 4955 1249 s'est bekam
4404 1194 6346 1344 Ich habe gehört, dass die Hochzeit vor ei
4088 1223 4332 1408 Rapp.
4355 1339 6348 1512 ner Stunde stattfand. Und so will ich mich
4372 1504 6377 1649 gleich meines ersten Auftrags mit besonderm
4381 1652 6328 1846 Vergnügen entledigen. Sr. Majestät der Kai
4468 1814 6383 1956 ser von Frankreich sendet dem juhgen Baar
417 1788 852 1944 a5e 2asM5e
4410 1918 6209 2095 seine Glückwünsche, er seht s als eine
4367 2135 6337 2283 günstige Vorbedeutung für das Glück dieser
4367 2275 6409 2408 jungen Ehe an, dass sie gerade an dem Tag ge
4381 2440 6476 2590 schlossen wurde, an dem Wien kapituliert hat.
4427 2579 6383 2718 Und sich unter seiner Oberhoheit befindet.
4427 2732 6415 2863 Zugleich bittet er Sie, Vicomtesse, als be
4401 2889 6401 3095 scheidenes Hochzeitsgeschenk dies hier ent-
5163 3057 6201 3222 it in    -   of the
4396 3057 5105 3260 gegenzunehmen.
4068 3173 6395 3410 Marquis. Herr General wir sind nicht in der Lage..
4396 3312 6209 3520 Verzeihn Sie, Herr Marquis, ohne zu xxx
3978 3393 4242 3561 Rapp.
4387 3509 6334 3703 ahnen was Sie erwidern wollenm, befürchte
