3080 4152
2455 324 2628 427 399
834 482 2757 758 Es kommt nicht darauf an, was man zu tun
921 674 2798 868 imstande waäre, sondern auf das wozu man
930 810 2853 1041 bereit ist. Oft genug hab ich geschwankt
1916 940 2122 1041 mich
983 988 2630 1192 in meinem Leben und hundertmal ver
957 1081 2822 1434 achtet.) Soll ich Sie mit einer Lüge ent
1002 1283 2848 1508 lassen Herr General und mir heute Abend
988 1393 2762 1657 eine Kugel durch den Kopf jagen? - Wohl
981 1472 1129 1582 The
822 1479 973 1647 r
981 1578 2915 1827 weiss ich, dass Bonaparte von Freunden um
997 1769 2829 1976 geben und so geschützt, besonders gegen
1009 1880 2872 2136 mich, dass ich keine Macht mehr habe mei
1069 2081 2767 2275 nen Schwur wahr zu machen. Und doch
1033 2208 2824 2455 schwör ichs und darf es schwören, denn
1053 2390 2824 2613 neimand weiss wie das Schicksal weiter
1067 2534 2769 2760 seinen Gang geht: wenn es mir jemals
1067 2709 2870 2903 möglich wäre, wo immer ich ihm begegne,
1081 2879 2318 3062 ich würde Bonaparte töten.
1108 2980 2620 3251 Glauben Sie ihm nicht. He General
640 3158 976 3287 Frau K.
1112 3201 2256 3397 Es ist Ihr letztes Wort?
645 3335 887 3438 Rapp.
1127 3479 1762 3666 Mein letztes.
1076 3479 2704 3793 Mecla kladt. So wie u. 11
667 3522 1012 3680 Medard.
777 3699 1026 3867 Reyn
1165 3754 1479 3889 recht,:
