6840 4488
6076 543 6292 659 145
4340 651 6369 875 Er wird in Schönbrunn residiren, vielleicht
4342 843 6382 1083 in der Hoburg selbst wohl behütet von seinen
4474 978 6445 1212 Garden. Was hälf es uns, wenn er auch we -
4358 1159 6248 1346 niger gut behütet wäre Herr Marquis, ich
4408 1307 6524 1515 schwätze und schwäze und könnte ebensogut von
3723 1341 4245 1547 Von- und
4448 1473 6390 1673 Reisen in Persien erzählen.) Ich denke Her
3742 1497 4224 1686 plaudit
4366 1636 6390 1837 Marquis, mein Geschäft ist zu Ende. Der Vi
3758 1663 3918 1816 de
4385 1784 5821 1955 comte von Lexonville ist tot.
4374 1947 6437 2148 Bleiben Sie. Warten Sie. Mein Sohn ist tot.
4003 1955 4213 2121 Mar.
4369 2024 6369 2279 Ich habe eine Tochter, lassen Sie mich mit
4387 2263 4943 2445 ihr allein.
4026 2316 5122 2624 Cuit in Wmam Blut
4516 2519 6227 2822 (noch wichts, was auf einen Auschlag
4585 2682 6068 3009 tiger nop. Leben deutet! -
