6824 4360
748 3333 1414 3548 niea siexile
654 3501 1271 3679 quh nehmen nême
6109 526 6299 673 270
4065 651 6224 894 Vic. Julia, ich werde Ihrer würdig sein. Nun
4342 857 6445 1075 aber will ich kein andres Wort mehr von Ihnen
4408 1028 6411 1212 hören, diese letzten sollen mich begleiten,
4377 1193 6286 1346 wie ein Rausch. Und wenn ich auf dem Wege
4395 1343 4975 1548 untergehe...
4168 1477 6448 1673 Julia. Wenn Sie untergehn, so werden Sie den Sieg
4398 1642 5744 1835 nicht gewollt haben, Vicomte.
3997 1934 6498 2128 Marquis, Desaulteux, Renault, Assalagny, Daglisan, 11 Uhr
3990 2121 6445 2333 Marquis. Renault kommt euch an den Abschied zu mah -
4408 2224 6249 2448 nen, aber er wagte es nicht, die einige
3654 2358 4277 2548 Abschied wahn —
4420 2427 6373 2645 Stunde, die euch gehört zu stören. sokomm
3638 2489 4373 2673 M A M in der mitgeben.
3632 2601 4255 2760 of mr teger
4426 2592 4940 2766 ich selbst.
4121 2657 4321 2782 Coutes
3663 2710 3903 2844 gleich.
4405 2691 6482 2891 Renault stört nicht. Ich habe schon von dem
3651 2760 4274 2934 Dineilt
3601 2872 3997 3059 mentut
4464 2897 6358 3059 Vicomte Abschied genommen. Sie denk ich
3626 2934 4096 3162 (hoctu.)
4420 3031 6398 3215 ja früher wiederzusehn Renault, Sie werden
4467 3205 6059 3374 uns Nachrichten aus Paris bringen.
4102 3339 6439 3545 Renault. Und ich gehe auch früher. Wir müssen eine
4445 3501 6249 3685 Strecke zu Fusse spazieren. Die Wagen.
4417 3620 6255 3888 in Kammerdiener/ kommt/ Herr Marquis,
