6840 4488
6309 488 6543 655 146.
4429 573 5160 718 Marquis. Julie.
4404 772 6480 954 Ich habe Sie versanden mein Vater, was wün
3963 680 4309 914 Julia.
4423 910 5273 1109 schen Sie von mir.
3963 1021 6495 1251 Mar. (Der Vicomte de Viry istDein Vetter, er bewibt
4416 1184 6530 1427 sich um Dich. Hier ist unsee letzte Hoffnung.
3698 1269 4161 1449 s et très se
4517 1351 6382 1559 Es muss einer in Paris an Ort und Stelle
3704 1427 4155 1537 - abé.
3708 1493 4174 1663 in Enkelboh
4470 1512 6473 1723 sein. Ein Haupt muss da sein, das die Krone
3714 1641 4205 1799 Hé. ds une
4442 1666 6401 1874 trägt bis der, dem sie gebührt sie auf sein
5742 1770 6206 1877 &c. &c. being
3582 1802 3777 1959 du
4363 1843 6480 1988 Haupt setzt, Mein Enkel Julie. Bist Du bereit
4382 1991 5739 2192 die Gattin Devirys zu werden?
4375 2123 4955 2309 Das bin ich,
3931 2088 4246 2306 Julia.
4410 2236 6426 2526 Und trotz der Trauer bald Hochzeit u halten?
3944 2337 4158 2441 Mar.
4429 2419 5787 2668 Sobald Sie wünschen mein Vate.
3991 2488 4293 2611 Julia.
4410 2570 6565 2879 Und bereit am Hochzeitetar mit ihm abzureisen?
3994 2693 4221 2807 Mar.
4404 2826 6385 3027 Das nicht) Ihm zu folgen wenn es Zeit ist.
3982 2876 4293 3084 Julia.
5497 2961 5720 3078 to the
4454 2958 6376 3128 Denn es scheint mir klüger und nützlicher
4363 3144 6555 3323 für unsere Sache zu sein, wenn ich hier bleibe.
5903 3273 6294 3389 Sir Dues
4360 3282 6454 3478 In der Nähe des Orts, wo der der unser Feind
4369 3478 5191 3645 ist sich aufhält.
4372 3600 6253 3840 Julia, lern ich Dich erst heut erkennen?
3988 3682 4199 3849 Mar.
