3144 4136
2456 344 2674 480 3 70
609 499 2663 767 sondern Grossmannssucht, künstliches Hinein
701 712 2145 920 renden, vielleicht Eifersucht.
617 835 2701 1119 Ich schwöre Dir, dass ichs nicht wusste. Ich
251 966 510 1094 edard.
633 993 2658 1247 glaube es übrigens nicht. Sie will nur die
644 1149 2756 1375 tat selbst vollführen. Nun bin ich wieder
745 1318 2726 1561 frei. Nun weiss ich, dass ich es auf eigne
778 1512 1326 1719 Faust täte.
712 1632 2805 1836 Welche Verwirrung. Nun steh ich hier auf dem
903 1746 2726 2003 Grabe meiner Schwester,wo alles seinen
775 1951 2764 2167 Anfang nahm. Dich zu retten schuwr ich und
729 2098 2846 2336 habs vergessen. Nun kann ichs doch noch tun,
737 2259 2707 2491 indem ich ihr die Tat entwinde. Aber töt
759 2418 2953 2647 ich nun den Feind Oesterreichs oder den Gelieb
857 2579 2748 2822 ten Julius.. oder töt ich eigentlich nur
764 2838 1061 3026 mich.
