6744 4488
6100 390 6317 726 150
4040 581 6094 854 Vicomte. Es ist nicht viel, lassen Sie doch.
4024 839 6377 986 Julia. Trug man ihm fort, liess man ihn dort lie
4404 961 5642 1140 gen, ist ein Arzt bei ihm.
6251 1040 6443 1191 Een
4018 1090 6537 1348 Vicomte. Selbstverständlich ist er nicht allein.
4442 1247 5811 1458 Arzt ist bei ihm und Freunde.
4008 1448 4212 1577 Des.
4423 1407 6304 1583 kommt./. Herr Vicomte,- es ist wunderbar,
4382 1615 6358 1816 der Marquis wusste, dass Sie eben gekommen
4429 1725 6330 1888 sein. Er lässt sie bitten Herr Vicomte...
4517 1869 6352 2080 Renault ist hier. und er bittet auch Sie
4567 2048 5525 2249 gnädigste Fräulein.
3986 2158 6323 2444 Julia. Gleich, gleich. Gehn Sie nur Vicomte, ich
4376 2369 5017 2554 komne sofort.
4473 2497 5560 2673 Vicomte, Desaulteux ab.
3989 2667 4307 2837 Julia.
4410 2679 6396 2887 Höre.  schicke, nein,  nein dort schieke nie
4407 2865 4677 3025 mand.
3989 3000 4354 3160 Nerina.
4429 2950 5321 3188 Gnädigstes Fräulen.
4410 3129 5089 3336 Geh Du selbst.
3980 3185 4291 3308 Julia.
4410 3273 5792 3496 Wohin soll ich gehn Fräulein?
3993 3336 4329 3471 Nerina.
3993 3443 6298 3710 Julia. Nun sieh nach ihm, erkundige ich, fahr in
4360 3597 6433 3829 die Au. Oder nein., gleich in die Stadt, vor
