6856 4472
437 1746 1075 1945 imnalie die
549 1907 1194 2106 mérolew exer¬
446 2074 1544 2228 hier davon fol. 30 Jnnen
334 2196 1714 2427 v. J. nenii 't. r.. r. p. r.
430 2363 1717 2542 sia redA.. Bien... Sj rov is
388 2520 1624 2761 c.b. d. a. m., mien.. d.m.
603 2687 1589 2889 v. m. r. mai. mais elle ia
417 2844 1733 3053 [?] lii asw saisw Tew.n
501 3017 1798 3194 nicht xxx mich xxx
6266 360 6494 642 342
4369 539 5746 819 Wenn ich schön bitten dürft.
3942 584 4266 729 Bernd.
3942 767 4988 969 Medard. Du Bernburg..
3952 924 6532 1133 Bernb. Medardus, Etzelt, ja so sieht man sich wieder.
3945 1088 5759 1239 Medard. Du bist ein Kriegsgefangener?
4356 1194 6577 1377 Ja das ist ein seltsames Schicksal als Gefangen
3942 1265 4269 1451 Bernb.
4369 1345 6276 1573 ner in der eigenen Stadt spazieren gehn.
4414 1522 6121 1721 Wie lange haben ir uns nicht gesehn?
5033 1637 5714 1762 même leçon geflot.
3952 1701 6407 1871 Berger. Herr Bernburg Sie müssen uns aber erzählen?
4366 1871 6548 2016 Ja später, wenn vielleicht einer von den Herrn
3952 1897 4256 2096 Bernb.
4414 2009 6507 2183 ein Stückerl Brot bei sich hätte, oder sonst
4334 2160 6462 2340 was, Mit der Verpflegung siehst schlecht aus.
4382 2279 6536 2475 Seit gestern Mittag haben wir nichts gekriegt.
4366 2459 6503 2642 Ich hab gebeten man soll mich einsperren, die
4366 2610 6330 2822 kriegen doch wenigstens ein paar Krummen.
4411 2802 6459 3001 Geh zu uns nach Haus, bei uns findest Du si
3958 2802 4295 3024 Medard.
4436 2924 6398 3133 cher etwas. Begleiten kann ich Dich nicht
4423 3104 6478 3290 Bernburg. Ich muss hier warten. Da drin ist
4359 3252 6375 3438 mein Onkel Eschenbacher, den Du ja kennst.
4388 3403 5595 3605 So. Was ist denn da drin?
3958 3390 4266 3688 Bernb.
4388 3547 6494 3769 Auch ein Gefängnis. Wo kein Spital ist, ist
3952 3659 4308 3852 Medard.
