6744 4328
4010 351 6348 587 Bey- he is in been it - no de Carl. us.
4710 468 6351 627 glauben d er het aus, die gericht¬
4550 613 6342 793 Bruder Du bist zum küssen. / viellecht
4103 653 4443 781 Frau K.
4475 801 4997 981 Fra Berger/
5645 801 5941 955 was i
4512 912 6217 1077 Jetzt ist nurmdie Frage wohin mit dem
4068 918 4414 1080 Etzelt:
4486 1109 4913 1249 Schrämbel
4527 1243 6374 1434 Bei Euch wird man ihn suchen. Also über-
4028 1283 4411 1478 Eschenb.
4495 1403 5209 1530 lassts das mir.
4495 1548 6438 1728 Nein Jakob)Du begibst Dich in zu grosse Ge
4045 1571 4385 1702 Frau K.
4515 1731 4739 1873 fahr.
4504 1795 6443 2004 Bei mir wird man ihn nicht finden. Und der
4045 1905 4428 2033 Eschenb.
4687 1963 5572 2079 and hei iue it si i
4559 1937 6292 2192 Wachshuber wird sich hüten überhaupt,
4504 2157 6414 2329 eh Wien wieder den Wienern gehört. Kommen
4605 2277 6545 2483 SieEtzelt, gehn wir ins Magazin gebens mir
5674 2413 6316 2552 we schon was
4573 2474 6493 2683 den Schrämbel Nr. zei.)
4524 2625 5929 2802 Wie soll ich Dir danken Jakob,
4068 2642 4422 2799 Frau K.
4550 2828 5697 2924 Wieder vorbeimarschieren.
4539 2968 6112 3090 Ein Ruf: Es lebe Kaiser Napeleon.
5485 3058 5912 3281 &c hat
4161 3180 5192 3339 Frau K. Was war das?
4112 3255 6208 3496 Eschenb. Nur eier Jetzt ist es wieder still.
4544 3441 5895 3708 Schufte hatstüberall gegeben.
4152 3644 5810 3850 T. I Edm. A tat gevacht u werde mich
4707 3766 5346 3952 (officie etc.)
