3288 4152
2590 392 2768 555 360
690 449 1959 804 Julia. Medardus fülltwe
771 725 2741 912 Du hast Dich lange nicht sehn lassen, ien
330 785 628 928 Julia.
747 901 1461 1096 mein Geliebter.
806 1053 2752 1226 Verzeih Julia, ich bin nicht in der Laune
338 1058 679 1250 Medard
847 1210 2896 1415 zärtlich zu sein. Ich bin Deinem Ruf nur ge
806 1369 2758 1548 folgt, weil ich nicht von Dir missverstan
817 1532 2663 1708 den sein will. Ich komme nur von Dr Ab -
820 1700 1626 1873 schied zu nehmen.
823 1805 2955 2011 Ich weiss, was Dir widerfahren ist. Ich weiss
352 1902 652 2041 Julia.
874 1984 2760 2195 dass ungeheures Leid über Dich gekommen.
831 2130 2785 2330 Aber ist dies ein Anlass, Dich von mir zu
890 2300 2885 2511 trennen, könnt ich Dir Dein Leid nicht tra
844 2428 2590 2633 gen helfen? Vergisst Du, wer ich bin?
842 2590 2812 2782 Du bist eine, die ich einmal gehasst habe,
376 2706 698 2817 Medard
806 2739 2982 2963 Du bist eine die ich einmal geliebt habe. Ich
855 2939 2907 3099 weiss nicht, was länger vorbei ist, so fern
866 3093 1532 3304 ist das alles.
855 3250 2809 3448 Nichts ist fern. Deines Hasses und Deiner
414 3250 714 3545 Julia.
823 3375 2833 3599 Liebe will ich wert sein, sonst gehört ich
874 3545 2923 3759 Dir nicht. Doch Du sprichst nur von meinen
