6808 4376
6009 485 6187 623 251
4042 555 6331 743 Der Mann. - So bleib wenn Du nicht anders willst.
4419 718 6441 890 Ich geh nach Haus, ich schau zu den Kindenn.
4035 878 6279 1080 Berger. Ruhe meine Herrschaften, soeben ist der
5248 997 5429 1096 Lea
4490 1019 6374 1215 Richter von Gumpendorf mit einer Botannt
4471 1181 6223 1353 Khn Botschaft des Marschalls Berthier
4459 1369 5769 1547 an den Erzherzog abgegangen.
4042 1528 6263 1651 Stiefel Meine Herrn, gehn wir zu seiner Hoheit,
4453 1620 6506 1863 flehn wir ihn an, er möge unsre schöne, gros
4453 1829 6558 2001 se, herrliche Stadt nicht so jammerell zugrun
4413 1961 6438 2133 de gehn lassen. Das kann doch der Wille Sr.
4437 2142 6506 2311 Majestät nicht sein. Sollen unsre Frauen und
4526 2286 6411 2458 Kinderder Grausamkeit der Eroberer ausge
4533 2464 6451 2608 liefert weden? Halten kann sich dienStadt
4496 2590 6015 2759 nicht, das ist eine Umöglichkeit
4029 2762 6328 2943 Ein andrer. Der Erzherzog Karl ist xxx ja af dem
4401 2866 6190 3075 Weg, noch heut Nacht kann er da sein.
4017 3087 6484 3271 Ein andrer. Und wenn ernschon kommt, Haben die Frau
4407 3188 6500 3403 zosen ihn in Regensburg geschlagen, so werden
4533 3385 5726 3541 sies hier erst recht tun.
4029 3492 6469 3698 Stiefel Aber man hat uns ja irre geführt. Die Armee
