<?xml version="1.0" encoding="UTF-8" standalone="yes"?>
<PcGts xmlns="http://schema.primaresearch.org/PAGE/gts/pagecontent/2013-07-15" xmlns:xsi="http://www.w3.org/2001/XMLSchema-instance" xsi:schemaLocation="http://schema.primaresearch.org/PAGE/gts/pagecontent/2013-07-15 http://schema.primaresearch.org/PAGE/gts/pagecontent/2013-07-15/pagecontent.xsd">
    <Metadata>
        <Creator>prov=READ-COOP:name=TrHtr:version=2.1.0:model_id=51170:date=25_07_2023_14:53</Creator>
        <Created>2023-05-10T12:16:47.233+02:00</Created>
        <LastChange>2023-07-25T14:53:19.687+02:00</LastChange>
        <TranskribusMetadata docId="1428191" pageId="55401968" pageNr="348" tsid="130687971" status="IN_PROGRESS" userId="64420" imgUrl="https://files.transkribus.eu/Get?id=HUXTNXOFYMSBDAOXTUZXATZE&amp;fileType=view" xmlUrl="https://files.transkribus.eu/Get?id=WGZTRAZHLRFKBYAVXBASFCOJ" imageId="44676790"/>
    </Metadata>
    <Page imageFilename="1428191_0348.jpg" imageWidth="6824" imageHeight="4376">
        <ReadingOrder>
            <OrderedGroup id="ro_1711797838129" caption="Regions reading order">
                <RegionRefIndexed index="0" regionRef="tr_1"/>
            </OrderedGroup>
        </ReadingOrder>
        <TextRegion id="tr_1" custom="readingOrder {index:0;}">
            <Coords points="3970,594 6483,594 6483,3597 3970,3597"/>
            <TextLine id="tr_1_tl_1" custom="readingOrder {index:0;}">
                <Coords points="5968,661 5989,661 6025,679 6053,667 6074,685 6089,670 6111,664 6156,670 6160,585 6141,588 6129,576 6123,582 6105,564 6074,576 6059,564 6016,600 6007,591 5995,600 5971,597"/>
                <Baseline points="5987,650 6077,644 6166,644"/>
                <TextEquiv>
                    <Unicode>275</Unicode>
                </TextEquiv>
            </TextLine>
            <TextLine id="tr_1_tl_2" custom="readingOrder {index:1;}">
                <Coords points="4371,801 5502,868 5827,813 6254,896 6263,673 5715,606 5352,701 4374,676"/>
                <Baseline points="4387,782 4477,788 4567,788 4656,782 4746,776 4835,776 4925,770 5014,770 5104,770 5193,764 5283,764 5372,758 5462,752 5552,752 5641,746 5731,746 5820,740 5910,740 5999,734 6089,734 6178,734 6268,722"/>
                <TextEquiv>
                    <Unicode>nicht Ehre genug, dass ich den Degen mit</Unicode>
                </TextEquiv>
            </TextLine>
            <TextLine id="tr_1_tl_3" custom="readingOrder {index:2;}">
                <Coords points="4335,975 4432,950 4511,981 4737,953 4944,987 5285,972 5291,835 5252,816 5099,865 4850,835 4615,896 4475,826 4338,877"/>
                <Baseline points="4352,937 4399,943 4489,937 4578,937 4668,931 4758,931 4847,925 4937,919 5026,919 5116,913 5205,913 5295,901"/>
                <TextEquiv>
                    <Unicode>Ihnen gekreuzt habe?</Unicode>
                </TextEquiv>
            </TextLine>
            <TextLine id="tr_1_tl_4" custom="readingOrder {index:3;}">
                <Coords points="4058,1127 5629,1167 5760,1069 6123,1036 6123,981 4061,1017"/>
                <Baseline points="4077,1098 4161,1104 4250,1104 4340,1092 4429,1092 4519,1092 4608,1086 4698,1086 4787,1080 4877,1080 4967,1074 5056,1074 5146,1068 5235,1068 5325,1062 5414,1062 5504,1056 5593,1056 5683,1050 5772,1050 5862,1050 5952,1044 6041,1032 6131,1032"/>
                <TextEquiv>
                    <Unicode>Mar. Was soll dies alles bedeuten, was ge -</Unicode>
                </TextEquiv>
            </TextLine>
            <TextLine id="tr_1_tl_5" custom="readingOrder {index:4;}">
                <Coords points="4353,1267 4451,1292 4594,1255 4716,1258 4786,1301 4865,1264 4968,1307 4975,1148 4886,1185 4795,1167 4694,1197 4639,1161 4563,1188 4475,1173 4426,1200 4356,1194"/>
                <Baseline points="4370,1247 4441,1247 4531,1241 4620,1241 4710,1235 4799,1235 4889,1229 4978,1223"/>
                <TextEquiv>
                    <Unicode>schieht hier?</Unicode>
                </TextEquiv>
            </TextLine>
            <TextLine id="tr_1_tl_6" custom="readingOrder {index:5;}">
                <Coords points="3988,1438 5331,1474 5498,1426 5617,1493 5791,1462 5797,1298 4743,1282 4481,1346 4323,1286 3991,1368"/>
                <Baseline points="4005,1414 4011,1420 4101,1420 4190,1414 4280,1408 4370,1414 4459,1408 4549,1402 4638,1402 4728,1396 4817,1391 4907,1391 4996,1391 5086,1385 5175,1385 5265,1379 5355,1373 5444,1373 5534,1367 5623,1367 5713,1367 5802,1361"/>
                <TextEquiv>
                    <Unicode>Rapp. Beruhigen Sie sich Herr Marquis.</Unicode>
                </TextEquiv>
            </TextLine>
            <TextLine id="tr_1_tl_7" custom="readingOrder {index:6;}">
                <Coords points="4015,1602 4277,1578 4582,1633 4749,1578 4844,1618 4847,1505 4688,1459 4606,1505 4472,1487 4356,1532 4262,1487 4207,1526 4018,1514"/>
                <Baseline points="4035,1570 4047,1570 4137,1570 4226,1570 4316,1564 4405,1558 4495,1552 4584,1558 4674,1552 4764,1552 4853,1552"/>
                <TextEquiv>
                    <Unicode>Vb comte. Gehn Sie.</Unicode>
                </TextEquiv>
            </TextLine>
            <TextLine id="tr_1_tl_8" custom="readingOrder {index:7;}">
                <Coords points="3954,1746 5611,1770 5696,1758 5703,1621 4649,1602 3957,1678"/>
                <Baseline points="3970,1725 4005,1731 4095,1725 4184,1725 4274,1725 4364,1719 4453,1707 4543,1713 4632,1707 4722,1701 4811,1701 4901,1701 4990,1695 5080,1689 5170,1689 5259,1683 5349,1683 5438,1677 5528,1677 5617,1671 5707,1665"/>
                <TextEquiv>
                    <Unicode>Assalagny. Es ist ein Tolle, offenbar.</Unicode>
                </TextEquiv>
            </TextLine>
            <TextLine id="tr_1_tl_9" custom="readingOrder {index:8;}">
                <Coords points="3951,1907 5529,1919 5553,1800 5249,1739 3954,1828"/>
                <Baseline points="3970,1886 4035,1886 4125,1880 4214,1880 4304,1874 4393,1868 4483,1868 4573,1868 4662,1868 4752,1862 4841,1856 4931,1850 5020,1850 5110,1850 5199,1844 5289,1844 5378,1838 5468,1838 5558,1826"/>
                <TextEquiv>
                    <Unicode>Marquis. Man entferne ihn endlich.</Unicode>
                </TextEquiv>
            </TextLine>
            <TextLine id="tr_1_tl_10" custom="readingOrder {index:9;}">
                <Coords points="3975,2071 5888,2071 6068,1980 6418,2007 6421,1907 3978,1980"/>
                <Baseline points="3993,2041 4011,2047 4101,2041 4190,2041 4280,2041 4370,2029 4459,2029 4549,2029 4638,2029 4728,2023 4817,2023 4907,2017 4996,2011 5086,2011 5175,2011 5265,2005 5355,1999 5444,1993 5534,1993 5623,1988 5713,1988 5802,1982 5892,1982 5981,1976 6071,1970 6161,1970 6250,1964 6340,1958 6429,1958"/>
                <TextEquiv>
                    <Unicode>Medard. Toll seid Ihr alle, nicht ich. Meine Schwes</Unicode>
                </TextEquiv>
            </TextLine>
            <TextLine id="tr_1_tl_11" custom="readingOrder {index:10;}">
                <Coords points="4381,2218 5809,2221 6278,2129 6278,2065 4384,2114"/>
                <Baseline points="4399,2167 4405,2179 4495,2179 4584,2179 4674,2179 4764,2173 4853,2173 4943,2167 5032,2161 5122,2161 5211,2161 5301,2155 5390,2149 5480,2149 5569,2143 5659,2143 5749,2137 5838,2131 5928,2131 6017,2125 6107,2125 6196,2119 6286,2107"/>
                <TextEquiv>
                    <Unicode>ter habt Ihrgemordet, zu schlecht war sie</Unicode>
                </TextEquiv>
            </TextLine>
            <TextLine id="tr_1_tl_12" custom="readingOrder {index:11;}">
                <Coords points="4374,2407 4880,2336 5508,2397 5824,2288 6281,2303 6287,2209 4377,2266"/>
                <Baseline points="4393,2334 4411,2328 4501,2334 4590,2334 4680,2328 4770,2322 4859,2316 4949,2316 5038,2316 5128,2310 5217,2310 5307,2310 5396,2304 5486,2298 5575,2298 5665,2292 5755,2292 5844,2280 5934,2280 6023,2280 6113,2274 6202,2268 6292,2256"/>
                <TextEquiv>
                    <Unicode>Euch, sie war besser als Julie, denn Ihre</Unicode>
                </TextEquiv>
            </TextLine>
            <TextLine id="tr_1_tl_13" custom="readingOrder {index:12;}">
                <Coords points="5565,2431 5617,2458 5757,2413 5815,2434 5858,2413 5968,2431 5968,2373 5907,2358 5852,2379 5831,2358 5791,2358 5767,2333 5706,2352 5675,2321 5654,2321 5587,2364 5569,2361"/>
                <Baseline points="5581,2417 5617,2417 5707,2411 5796,2411 5886,2405 5975,2399"/>
                <TextEquiv>
                    <Unicode>Helene</Unicode>
                </TextEquiv>
            </TextLine>
            <TextLine id="tr_1_tl_14" custom="readingOrder {index:13;}">
                <Coords points="4384,2519 4649,2507 4767,2553 4965,2504 5179,2513 5264,2553 5371,2519 5374,2437 5157,2388 5042,2422 4953,2394 4883,2431 4758,2400 4673,2431 4387,2425"/>
                <Baseline points="4399,2483 4483,2489 4573,2483 4662,2483 4752,2477 4841,2471 4931,2465 5020,2465 5110,2465 5199,2465 5289,2459 5378,2459"/>
                <TextEquiv>
                    <Unicode>Gatti Herr Vicomte....</Unicode>
                </TextEquiv>
            </TextLine>
            <TextLine id="tr_1_tl_15" custom="readingOrder {index:14;}">
                <Coords points="4402,2726 5438,2699 6126,2586 6476,2638 6482,2464 6150,2541 5240,2574 4993,2504 4408,2592"/>
                <Baseline points="4423,2638 4513,2644 4602,2644 4692,2638 4781,2632 4871,2632 4961,2626 5050,2620 5140,2620 5229,2614 5319,2614 5408,2608 5498,2608 5587,2602 5677,2596 5767,2596 5856,2590 5946,2590 6035,2585 6125,2579 6214,2579 6304,2573 6393,2573 6483,2561"/>
                <TextEquiv>
                    <Unicode>/ zu den Lakaein/ soll ich vielleicht selbst?</Unicode>
                </TextEquiv>
            </TextLine>
            <TextLine id="tr_1_tl_16" custom="readingOrder {index:15;}">
                <Coords points="4042,2702 4064,2705 4082,2687 4112,2693 4164,2672 4176,2681 4195,2669 4222,2678 4256,2665 4253,2586 4237,2589 4222,2580 4198,2595 4186,2583 4164,2601 4158,2595 4143,2605 4100,2586 4085,2595 4067,2583 4039,2592"/>
                <Baseline points="4059,2656 4149,2662 4238,2662 4262,2656"/>
                <TextEquiv>
                    <Unicode>Vic.</Unicode>
                </TextEquiv>
            </TextLine>
            <TextLine id="tr_1_tl_17" custom="readingOrder {index:16;}">
                <Coords points="4521,2812 5316,2812 5416,2863 5864,2760 6266,2781 6294,2687 4524,2732"/>
                <Baseline points="4537,2793 4596,2793 4686,2787 4775,2787 4865,2782 4955,2782 5044,2782 5134,2776 5223,2770 5313,2770 5402,2764 5492,2764 5581,2758 5671,2752 5761,2752 5850,2752 5940,2746 6029,2740 6119,2740 6208,2734 6298,2734"/>
                <TextEquiv>
                    <Unicode>fasst ihn. In den Narrenturm mit ihm.</Unicode>
                </TextEquiv>
            </TextLine>
            <TextLine id="tr_1_tl_18" custom="readingOrder {index:17;}">
                <Coords points="4076,2998 5809,3001 5965,2900 6312,2915 6406,2806 4082,2879"/>
                <Baseline points="4095,2967 4173,2967 4262,2961 4352,2961 4441,2955 4531,2949 4620,2949 4710,2943 4799,2937 4889,2937 4978,2931 5068,2931 5158,2925 5247,2925 5337,2919 5426,2919 5516,2913 5605,2907 5695,2907 5784,2907 5874,2901 5964,2901 6053,2895 6143,2895 6232,2889 6322,2883 6411,2871"/>
                <TextEquiv>
                    <Unicode>Medard. Julie so rede doch ein Wort, so sags ih -</Unicode>
                </TextEquiv>
            </TextLine>
            <TextLine id="tr_1_tl_19" custom="readingOrder {index:18;}">
                <Coords points="4490,3135 5325,3196 5718,3159 5870,3061 6373,3065 6376,2973 4493,3016"/>
                <Baseline points="4507,3098 4590,3098 4680,3098 4770,3092 4859,3092 4949,3086 5038,3086 5128,3080 5217,3080 5307,3074 5396,3074 5486,3068 5575,3068 5665,3068 5755,3062 5844,3062 5934,3056 6023,3050 6113,3050 6202,3044 6292,3044 6381,3032"/>
                <TextEquiv>
                    <Unicode>nen. Ich weiss, sie haben Dich gezwungen</Unicode>
                </TextEquiv>
            </TextLine>
            <TextLine id="tr_1_tl_20" custom="readingOrder {index:19;}">
                <Coords points="4396,3284 4682,3302 4722,3281 4810,3317 4917,3287 5023,3339 5075,3305 5176,3348 5182,3202 4990,3162 4877,3183 4847,3156 4789,3189 4399,3202"/>
                <Baseline points="4411,3259 4471,3259 4561,3253 4650,3253 4740,3253 4829,3247 4919,3241 5008,3241 5098,3241 5187,3235"/>
                <TextEquiv>
                    <Unicode>Mir gehörst Du.</Unicode>
                </TextEquiv>
            </TextLine>
            <TextLine id="tr_1_tl_21" custom="readingOrder {index:20;}">
                <Coords points="4158,3491 4615,3433 4999,3488 5096,3439 5517,3470 5584,3448 5590,3314 5151,3345 4889,3299 4737,3357 4402,3305 4164,3348"/>
                <Baseline points="4178,3420 4250,3420 4340,3420 4429,3420 4519,3420 4608,3414 4698,3408 4787,3402 4877,3396 4967,3396 5056,3396 5146,3396 5235,3390 5325,3384 5414,3384 5504,3379 5593,3379"/>
                <TextEquiv>
                    <Unicode>Vicomte. Uebergebt ihn der Wache.</Unicode>
                </TextEquiv>
            </TextLine>
            <TextLine id="tr_1_tl_22" custom="readingOrder {index:21;}">
                <Coords points="4000,3601 5556,3588 6193,3695 6361,3652 6370,3451 4935,3500 4618,3433 4000,3521"/>
                <Baseline points="4017,3587 4047,3587 4137,3587 4226,3587 4316,3587 4405,3581 4495,3576 4584,3570 4674,3570 4764,3570 4853,3564 4943,3564 5032,3558 5122,3552 5211,3552 5301,3546 5390,3546 5480,3540 5569,3540 5659,3540 5749,3534 5838,3528 5928,3528 6017,3522 6107,3516 6196,3516 6286,3510 6375,3504"/>
                <TextEquiv>
                    <Unicode>Julia. Lasst ihn los, haagt ihn, sag ich. Gehn Sie</Unicode>
                </TextEquiv>
            </TextLine>
        </TextRegion>
    </Page>
</PcGts>
