6808 4360
6113 546 6297 663 278
4374 617 6325 793 Harmonie unserer Unterhaltung bringe, aber
4380 753 6251 951 glauen Sie mir meine Herren und auch Sie
4354 909 6382 1087 Vicomesse Renault wohnicht der richtige Um-
5733 1045 6025 1144 nen kort.
4391 1067 6356 1220 gang für Sie. Uebrigens wird er seine Sta
5801 1189 6113 1314 perlier.
5156 1203 5521 1294 me to be in
4386 1223 6132 1382 fe als Anhänger der Bourbnen erleiden,
4337 1393 6365 1546 denn ach für diese hatte er in Paris zu tun.
3998 1523 6251 1738 Margis. HerrnGeral.. ### keiner Antwort.
4332 1733 6410 1849 Es bedarf keiner Antwort. Ihr Erscheinen wird
3978 1736 4213 1939 Rapp.
4386 1883 6373 2022 die Antwort sein, de einzige dieSr. Maestät
4380 1973 6365 2183 in de Lage ist entgegenzunehmen. Ich bitte
4329 2191 6300 2370 Sie Heri Marquis, der Frau Manuise den Aus-
4332 2293 6141 2489 druck meiner Ehrerbietung mitzuteilen.
4326 2449 6229 2647 Doch beinah vergess ich Ihnen, das kleine
4343 2596 5872 2777 Geschenk hierzulassa, Vicomtesse.
4499 2758 4660 2868 soll
4009 2755 6285 2950 Julia. Ich nehm ihn als Abschlagszahlung auf die
4858 2913 5045 3004 New
4343 2930 6382 3120 Güter der Lexonvilles, die dressig Melen weit
4380 3092 5277 3242 an der Löre liegen.
4476 3211 5444 3318 Abzwäche dan dass er
4386 3259 5977 3392 Dafürwäre es zu gering, Vicomtesa.
4003 3264 4272 3398 Rapp.
4386 3395 6433 3593 Sr. Mjesät schenkt aus eigenem, aber er nimm
4320 3539 6285 3768 sich nicht das Recht heaus, herzuschenken
