3400 4184
2844 390 3030 622 101
1372 566 1966 776 Nichts.
817 798 2280 1048 Herr Bl. Mässigung Herr Föderl.
1243 946 3020 1141 / ist dazugekommen/ Aber meine Herrn,
814 1031 1133 1204 Weigl.
1248 1119 3088 1367 Sie tun ja rein als venn wir ganz reias
1218 1304 3196 1526 sen wären. Sie vergessen, dass unsre Arme
710 1312 1138 1430 Chen Ruhl.
588 1394 1122 1556 de très évée
542 1521 1075 1702 pule diser
1218 1499 2932 1716 auf Wien losmarschiert. Sie waren Und
638 1636 767 1771 P.
1194 1658 3165 1878 der Erzherzog Karl wird früher da sein wie
1328 1864 3102 2040 die Franzosen, er muss früher da sein.
1282 2018 3124 2263 Warum muss er- Haben wir nicht noch vor
858 2118 1224 2258 Herr F.
1334 2167 3228 2464 vier Wochen geglaubt, dass die Franzosen
1304 2379 3157 2632 Überhaupt nicht nach Oesterreich herein
1402 2582 2486 2816 kommen! Warum muss er-
1306 2747 3204 2973 Weil ich einen Sohn hab bei den Kürassie
905 2838 1210 2986 Weigl.
1292 2912 2967 3176 ren und heut nacht hab ich geträut,
1375 3124 2533 3333 dass ich ihn wiederseh.
930 3294 3140 3561 Herr F. Ich wünsch Ihnen, dass der Traun in Er
1312 3542 2016 3702 füllung geht.
