3224 4200
2613 380 2793 649 382
951 613 2494 804 Gardisten heran, fassen Medardus.
906 745 2150 978 Die Türe oben öffnet sich,
918 963 2150 1139 General Rapp tritt hervor.
930 1055 2876 1307 Was ist hier geschehn? / er eilt die Stie
493 1175 736 1316 Rapp
984 1271 1504 1444 gen hinab/
505 1331 2915 1713 Ein Gardist. Der junge Mensch hier hat die Vicom -
996 1558 2290 1773 tesse von Barry umgebracht.
990 1680 2963 1929 / erkennt Medardus/Sie? Man führe ihn ab.
535 1833 786 1964 Rapp.
1014 1851 2966 2069 Und man entferne diesen Leichnahm. Der Ka
1026 2018 2918 2231 ser wird erst nach der Parade von diesem
1032 2195 2087 2401 Unglücksfall erfahren.
984 2365 1997 2553 Die Türe öffnet sich.
571 2503 2835 2760 Ein Leutnant von der Gerde: Es ist zu spät Herr
1055 2664 2434 2870 General. Hier ist der Kaiser.
1052 2891 2198 3044 Die Wachen präsentieren.
