<?xml version="1.0" encoding="UTF-8" standalone="yes"?>
<PcGts xmlns="http://schema.primaresearch.org/PAGE/gts/pagecontent/2013-07-15" xmlns:xsi="http://www.w3.org/2001/XMLSchema-instance" xsi:schemaLocation="http://schema.primaresearch.org/PAGE/gts/pagecontent/2013-07-15 http://schema.primaresearch.org/PAGE/gts/pagecontent/2013-07-15/pagecontent.xsd">
    <Metadata>
        <Creator>prov=READ-COOP:name=TrHtr:version=2.1.0:model_id=51170:date=25_07_2023_14:53</Creator>
        <Created>2023-05-10T12:16:44.086+02:00</Created>
        <LastChange>2023-07-25T14:53:15.003+02:00</LastChange>
        <TranskribusMetadata docId="1428191" pageId="55401806" pageNr="331" tsid="130687911" status="IN_PROGRESS" userId="64420" imgUrl="https://files.transkribus.eu/Get?id=IIVMQUPAAWHPPRQIFGPAWRNI&amp;fileType=view" xmlUrl="https://files.transkribus.eu/Get?id=QCWRKFMXNOHRDXOMMZZHZOTJ" imageId="44676628"/>
    </Metadata>
    <Page imageFilename="1428191_0331.jpg" imageWidth="6808" imageHeight="4376">
        <ReadingOrder>
            <OrderedGroup id="ro_1711797808991" caption="Regions reading order">
                <RegionRefIndexed index="0" regionRef="tr_1"/>
            </OrderedGroup>
        </ReadingOrder>
        <TextRegion id="tr_1" custom="readingOrder {index:0;}">
            <Coords points="417,541 6525,541 6525,3902 417,3902"/>
            <TextLine id="tr_1_tl_1" custom="readingOrder {index:0;}">
                <Coords points="6083,620 6096,623 6112,615 6133,625 6163,617 6171,625 6195,628 6203,620 6235,631 6259,625 6264,516 6227,526 6176,486 6157,494 6131,481 6123,489 6088,484"/>
                <Baseline points="6101,596 6178,596 6268,591"/>
                <TextEquiv>
                    <Unicode>258</Unicode>
                </TextEquiv>
            </TextLine>
            <TextLine id="tr_1_tl_2" custom="readingOrder {index:1;}">
                <Coords points="4391,738 5636,695 5821,778 6312,791 6427,775 6427,564 6192,636 5797,553 5441,628 5324,572 5070,644 4530,591 4391,641"/>
                <Baseline points="4405,680 4465,686 4555,686 4644,686 4734,686 4823,686 4913,686 5002,686 5092,686 5181,686 5271,686 5361,686 5450,686 5540,686 5629,686 5719,680 5808,680 5898,680 5987,680 6077,680 6166,680 6256,680 6346,674 6435,674"/>
                <TextEquiv>
                    <Unicode>schaun Sie, in den Hals hat sie ein Granat -</Unicode>
                </TextEquiv>
            </TextLine>
            <TextLine id="tr_1_tl_3" custom="readingOrder {index:2;}">
                <Coords points="4426,909 4613,919 4658,885 4893,861 4931,890 4971,861 5345,941 5345,786 5227,796 5096,719 4426,762"/>
                <Baseline points="4441,835 4531,841 4620,835 4710,835 4799,835 4889,835 4978,835 5068,835 5158,835 5247,841 5337,835 5349,835"/>
                <TextEquiv>
                    <Unicode>splitter getroffen.</Unicode>
                </TextEquiv>
            </TextLine>
            <TextLine id="tr_1_tl_4" custom="readingOrder {index:3;}">
                <Coords points="4014,1061 5121,1008 5452,1106 6163,1034 6029,919 4014,874"/>
                <Baseline points="4029,996 4107,1002 4196,996 4286,996 4376,996 4465,996 4555,991 4644,996 4734,996 4823,996 4913,996 5002,996 5092,996 5181,996 5271,996 5361,996 5450,996 5540,996 5629,996 5719,996 5808,996 5898,996 5987,991 6077,996 6166,991"/>
                <TextEquiv>
                    <Unicode>Uralter H Tot, Aha, Weiss schon, weiss schon.</Unicode>
                </TextEquiv>
            </TextLine>
            <TextLine id="tr_1_tl_5" custom="readingOrder {index:4;}">
                <Coords points="4426,1192 4637,1160 4776,1200 5519,1171 5503,1080 4933,1117 4773,1034 4583,1090 4549,1058 4426,1069"/>
                <Baseline points="4441,1170 4447,1170 4537,1158 4626,1158 4716,1164 4805,1158 4895,1158 4984,1158 5074,1158 5164,1158 5253,1158 5343,1158 5432,1158 5522,1152"/>
                <TextEquiv>
                    <Unicode>/ setzt sich neben sie/</Unicode>
                </TextEquiv>
            </TextLine>
            <TextLine id="tr_1_tl_6" custom="readingOrder {index:5;}">
                <Coords points="4426,1406 5914,1390 5914,1256 5794,1224 4658,1277 4426,1195"/>
                <Baseline points="4441,1313 4489,1313 4578,1319 4668,1313 4758,1319 4847,1313 4937,1319 5026,1319 5116,1319 5205,1313 5295,1313 5384,1313 5474,1313 5564,1313 5653,1313 5743,1313 5832,1313 5922,1307"/>
                <TextEquiv>
                    <Unicode>Eine Trupp zieht wieder vorüber.</Unicode>
                </TextEquiv>
            </TextLine>
            <TextLine id="tr_1_tl_7" custom="readingOrder {index:6;}">
                <Coords points="4474,1513 5455,1470 5714,1553 6483,1529 6483,1384 4474,1422"/>
                <Baseline points="4489,1468 4519,1468 4608,1474 4698,1474 4787,1474 4877,1474 4967,1468 5056,1474 5146,1468 5235,1468 5325,1468 5414,1468 5504,1468 5593,1468 5683,1468 5772,1468 5862,1474 5952,1468 6041,1468 6131,1468 6220,1468 6310,1468 6399,1462 6489,1462"/>
                <TextEquiv>
                    <Unicode>Die Herren, die beim Geschütz nichts zu tun</Unicode>
                </TextEquiv>
            </TextLine>
            <TextLine id="tr_1_tl_8" custom="readingOrder {index:7;}">
                <Coords points="4019,1513 4054,1491 4118,1523 4231,1502 4311,1521 4308,1358 4265,1358 4239,1342 4174,1376 4142,1360 4084,1382 4052,1355 4017,1358"/>
                <Baseline points="4035,1474 4125,1480 4214,1480 4304,1480 4316,1474"/>
                <TextEquiv>
                    <Unicode>Major.</Unicode>
                </TextEquiv>
            </TextLine>
            <TextLine id="tr_1_tl_9" custom="readingOrder {index:8;}">
                <Coords points="4431,1649 6393,1705 6377,1553 4987,1585 4655,1505 4431,1563"/>
                <Baseline points="4447,1629 4519,1629 4608,1629 4698,1629 4787,1629 4877,1629 4967,1629 5056,1629 5146,1629 5235,1629 5325,1623 5414,1629 5504,1629 5593,1623 5683,1623 5772,1623 5862,1623 5952,1623 6041,1623 6131,1623 6220,1623 6310,1623 6399,1617"/>
                <TextEquiv>
                    <Unicode>haben, täten besser sich von der Bastei her</Unicode>
                </TextEquiv>
            </TextLine>
            <TextLine id="tr_1_tl_10" custom="readingOrder {index:9;}">
                <Coords points="4431,1812 5401,1785 5692,1860 5847,1809 6358,1857 6358,1721 4821,1753 4655,1665 4431,1686"/>
                <Baseline points="4447,1779 4537,1790 4626,1785 4716,1785 4805,1785 4895,1790 4984,1785 5074,1785 5164,1785 5253,1785 5343,1785 5432,1785 5522,1785 5611,1785 5701,1785 5790,1785 5880,1785 5969,1785 6059,1779 6149,1779 6238,1779 6328,1779 6364,1779"/>
                <TextEquiv>
                    <Unicode>unter zu begeben. Zu einem Sturm kommt es</Unicode>
                </TextEquiv>
            </TextLine>
            <TextLine id="tr_1_tl_11" custom="readingOrder {index:10;}">
                <Coords points="4522,1951 6518,2036 6497,1825 6176,1884 5746,1847 5559,1914 4522,1831"/>
                <Baseline points="4537,1934 4626,1940 4716,1946 4805,1946 4895,1946 4984,1946 5074,1946 5164,1946 5253,1940 5343,1946 5432,1940 5522,1940 5611,1940 5701,1940 5790,1940 5880,1940 5969,1940 6059,1940 6149,1940 6238,1940 6328,1940 6417,1940 6507,1934 6525,1940"/>
                <TextEquiv>
                    <Unicode>vorläufig nicht und es ist nicht viel gewon</Unicode>
                </TextEquiv>
            </TextLine>
            <TextLine id="tr_1_tl_12" custom="readingOrder {index:11;}">
                <Coords points="404,1988 454,2002 489,2036 556,2069 599,2077 631,2055 660,2060 703,2036 703,1892 687,1889 625,1924 551,1865 500,1892 478,1881 452,1908 433,1889 404,1884"/>
                <Baseline points="417,1970 507,1970 596,1970 686,1970 710,1970"/>
                <TextEquiv>
                    <Unicode>1o5e ce</Unicode>
                </TextEquiv>
            </TextLine>
            <TextLine id="tr_1_tl_13" custom="readingOrder {index:12;}">
                <Coords points="4420,2149 6345,2106 6345,2034 6168,2002 4618,2074 4420,2004"/>
                <Baseline points="4435,2095 4471,2095 4561,2095 4650,2089 4740,2101 4829,2101 4919,2101 5008,2095 5098,2095 5187,2095 5277,2095 5367,2095 5456,2095 5546,2089 5635,2095 5725,2095 5814,2089 5904,2089 5993,2089 6083,2095 6172,2089 6262,2089 6352,2089"/>
                <TextEquiv>
                    <Unicode>nen, wenn sie sich hier obenntotschiessen</Unicode>
                </TextEquiv>
            </TextLine>
            <TextLine id="tr_1_tl_14" custom="readingOrder {index:13;}">
                <Coords points="4487,2272 5340,2261 5578,2360 6053,2304 6342,2349 6342,2199 6232,2165 5575,2157 5471,2218 5318,2159 5022,2216 4746,2130 4487,2154"/>
                <Baseline points="4501,2250 4555,2250 4644,2250 4734,2250 4823,2250 4913,2250 5002,2244 5092,2250 5181,2244 5271,2250 5361,2250 5450,2250 5540,2244 5629,2250 5719,2250 5808,2244 5898,2244 5987,2244 6077,2244 6166,2244 6256,2244 6346,2244"/>
                <TextEquiv>
                    <Unicode>lassen. Sie werden in den nächsten Tagen</Unicode>
                </TextEquiv>
            </TextLine>
            <TextLine id="tr_1_tl_15" custom="readingOrder {index:14;}">
                <Coords points="4439,2427 5612,2432 5612,2360 5249,2357 5064,2266 4936,2312 4597,2296 4439,2333"/>
                <Baseline points="4453,2399 4543,2405 4632,2405 4722,2405 4811,2405 4901,2405 4990,2405 5080,2405 5170,2405 5259,2405 5349,2405 5438,2405 5528,2405 5617,2399"/>
                <TextEquiv>
                    <Unicode>bessee Verwendung finden.</Unicode>
                </TextEquiv>
            </TextLine>
            <TextLine id="tr_1_tl_16" custom="readingOrder {index:15;}">
                <Coords points="4463,2608 5369,2568 5508,2672 5941,2648 6032,2574 6299,2643 6470,2603 6473,2512 4466,2472"/>
                <Baseline points="4477,2561 4507,2561 4596,2567 4686,2567 4775,2567 4865,2567 4955,2567 5044,2567 5134,2567 5223,2567 5313,2567 5402,2567 5492,2567 5581,2567 5671,2567 5761,2567 5850,2567 5940,2567 6029,2567 6119,2567 6208,2567 6298,2561 6387,2561 6477,2555"/>
                <TextEquiv>
                    <Unicode>Das glaub ich nicht Herr Major. In der über</Unicode>
                </TextEquiv>
            </TextLine>
            <TextLine id="tr_1_tl_17" custom="readingOrder {index:16;}">
                <Coords points="4009,2582 4068,2598 4084,2582 4150,2595 4228,2579 4289,2600 4394,2584 4394,2480 4354,2464 4327,2483 4297,2472 4281,2483 4257,2464 4185,2496 4142,2472 4078,2488 4009,2472"/>
                <Baseline points="4023,2567 4113,2573 4202,2567 4292,2573 4381,2573 4399,2567"/>
                <TextEquiv>
                    <Unicode>Eschenb.</Unicode>
                </TextEquiv>
            </TextLine>
            <TextLine id="tr_1_tl_18" custom="readingOrder {index:17;}">
                <Coords points="4378,2785 6494,2763 6446,2638 6051,2576 5920,2651 5500,2675 4378,2640"/>
                <Baseline points="4393,2716 4441,2716 4531,2716 4620,2716 4710,2716 4799,2716 4889,2722 4978,2716 5068,2722 5158,2716 5247,2716 5337,2716 5426,2716 5516,2722 5605,2716 5695,2716 5784,2716 5874,2716 5964,2716 6053,2716 6143,2716 6232,2716 6322,2716 6411,2716 6501,2710"/>
                <TextEquiv>
                    <Unicode>gebenen Stadt hab ich nichts mehr angeszu tun</Unicode>
                </TextEquiv>
            </TextLine>
            <TextLine id="tr_1_tl_19" custom="readingOrder {index:18;}">
                <Coords points="4423,2910 5316,2876 5837,2942 6350,2889 6353,2793 5874,2822 5578,2758 4909,2828 4426,2747"/>
                <Baseline points="4441,2865 4531,2871 4620,2871 4710,2871 4799,2871 4889,2871 4978,2871 5068,2871 5158,2871 5247,2871 5337,2871 5426,2871 5516,2871 5605,2871 5695,2865 5784,2865 5874,2865 5964,2865 6053,2865 6143,2865 6232,2871 6322,2865 6358,2865"/>
                <TextEquiv>
                    <Unicode>als Riemen zu schneiden. Aber so lang ich</Unicode>
                </TextEquiv>
            </TextLine>
            <TextLine id="tr_1_tl_20" custom="readingOrder {index:19;}">
                <Coords points="4420,3076 5227,3033 5390,3127 5936,3132 6342,3052 6342,2964 5690,2910 5222,2985 4979,2900 4420,2942"/>
                <Baseline points="4435,3020 4525,3026 4614,3020 4704,3026 4793,3020 4883,3026 4972,3026 5062,3026 5152,3026 5241,3026 5331,3026 5420,3026 5510,3026 5599,3026 5689,3026 5778,3026 5868,3026 5958,3026 6047,3026 6137,3026 6226,3020 6316,3020 6346,3020"/>
                <TextEquiv>
                    <Unicode>bei der Bürgerlgarde bin, lassen mich der</Unicode>
                </TextEquiv>
            </TextLine>
            <TextLine id="tr_1_tl_21" custom="readingOrder {index:20;}">
                <Coords points="4463,3212 4589,3242 4682,3194 4832,3236 4880,3202 5575,3188 5575,3132 4966,3143 4733,3039 4463,3079"/>
                <Baseline points="4477,3176 4567,3182 4656,3182 4746,3182 4835,3182 4925,3182 5014,3182 5104,3182 5193,3182 5283,3182 5372,3182 5462,3182 5552,3182 5581,3182"/>
                <TextEquiv>
                    <Unicode>Herr Major nur heroben.</Unicode>
                </TextEquiv>
            </TextLine>
            <TextLine id="tr_1_tl_22" custom="readingOrder {index:21;}">
                <Coords points="4009,3410 4190,3429 4428,3343 4482,3373 4837,3359 4883,3343 4883,3239 4744,3247 4680,3218 4597,3258 4452,3223 4396,3266 4303,3239 4121,3255 4081,3285 4009,3271"/>
                <Baseline points="4023,3337 4113,3343 4202,3349 4292,3349 4381,3343 4447,3337 4537,3343 4626,3343 4716,3343 4805,3343 4889,3343"/>
                <TextEquiv>
                    <Unicode>Etzelt. Medardus!</Unicode>
                </TextEquiv>
            </TextLine>
            <TextLine id="tr_1_tl_23" custom="readingOrder {index:22;}">
                <Coords points="4420,3538 5644,3498 5914,3586 6235,3552 6235,3448 6123,3423 4909,3466 4698,3389 4420,3413"/>
                <Baseline points="4435,3504 4525,3504 4614,3504 4704,3504 4793,3504 4883,3504 4972,3504 5062,3504 5152,3504 5241,3498 5331,3504 5420,3504 5510,3498 5599,3498 5689,3498 5778,3498 5868,3498 5958,3498 6047,3504 6137,3504 6226,3510 6238,3510"/>
                <TextEquiv>
                    <Unicode>Die weisse Fahne, die Tore auf, Morgen,</Unicode>
                </TextEquiv>
            </TextLine>
            <TextLine id="tr_1_tl_24" custom="readingOrder {index:23;}">
                <Coords points="4017,3581 4129,3589 4140,3578 4193,3584 4212,3570 4276,3581 4316,3560 4348,3573 4345,3423 4276,3407 4241,3426 4212,3415 4190,3431 4148,3413 4089,3426 4070,3410 4014,3413"/>
                <Baseline points="4029,3504 4119,3504 4208,3504 4298,3510 4352,3504"/>
                <TextEquiv>
                    <Unicode>Medard.</Unicode>
                </TextEquiv>
            </TextLine>
            <TextLine id="tr_1_tl_25" custom="readingOrder {index:24;}">
                <Coords points="4984,3683 5022,3709 5048,3691 5070,3704 5174,3675 5254,3688 5334,3661 5409,3693 5420,3512 5324,3512 5262,3538 5182,3533 5158,3514 5059,3544 4992,3536"/>
                <Baseline points="5002,3629 5062,3635 5152,3629 5241,3623 5331,3617 5420,3617"/>
                <TextEquiv>
                    <Unicode>Unel!</Unicode>
                </TextEquiv>
            </TextLine>
            <TextLine id="tr_1_tl_26" custom="readingOrder {index:25;}">
                <Coords points="4420,3688 4525,3677 4599,3717 4690,3683 4752,3709 4792,3699 4792,3525 4765,3517 4714,3533 4688,3517 4487,3578 4420,3576"/>
                <Baseline points="4435,3659 4441,3653 4531,3659 4620,3659 4710,3659 4799,3653"/>
                <TextEquiv>
                    <Unicode>morgen!</Unicode>
                </TextEquiv>
            </TextLine>
            <TextLine id="tr_1_tl_27" custom="readingOrder {index:26;}">
                <Coords points="4129,3787 4714,3864 5115,3760 5741,3782 5749,3640 5390,3699 4861,3667 4132,3723"/>
                <Baseline points="4143,3779 4226,3779 4316,3784 4405,3784 4495,3784 4584,3779 4674,3773 4764,3773 4853,3761 4943,3755 5032,3749 5122,3743 5211,3737 5301,3731 5390,3725 5480,3719 5569,3713 5659,3719 5749,3719"/>
                <TextEquiv>
                    <Unicode>Zu gebelst dass deren Mast es to p</Unicode>
                </TextEquiv>
            </TextLine>
            <TextLine id="tr_1_tl_28" custom="readingOrder {index:27;}">
                <Coords points="4313,3905 4329,3907 4337,3899 4345,3905 4356,3894 4394,3915 4412,3902 4431,3905 4442,3894 4498,3891 4498,3843 4476,3848 4458,3840 4436,3851 4367,3811 4356,3822 4313,3819"/>
                <Baseline points="4328,3886 4417,3892 4501,3886"/>
                <TextEquiv>
                    <Unicode>see</Unicode>
                </TextEquiv>
            </TextLine>
        </TextRegion>
    </Page>
</PcGts>
