6728 4312
5937 503 6108 624 'so8
4332 588 6300 734 Palast in Flammen setzen kann. Jedes Wort
4307 745 6344 896 von mir würde die Sache verdächtiger machen.
4305 907 6014 1064 Lassen wir dem Schicksal seinen Lauf.
4321 1025 6526 1229 Wir wollen die Komödie lieber bis zu Ende führen
3895 1100 4142 1218 Assa.
4349 1231 6273 1410 Man könnte Leute kommen lassen, die Ihrem
4409 1391 5129 1548 Vater huldigen.
4368 1506 6369 1690 Oder wie wärs, wenn wir Napeleon selbst mit
3865 1548 4167 1690 Julia
4313 1690 5074 1855 spielen liessen.
4406 1792 5954 2007 Sie sind in guter Laune Fräulein.
3878 1869 4107 1993 Assa.
4343 2144 6366 2314 (Nun erst ein anderer Ton., über die Mutter
4458 2320 5121 2449 und so weater.
4615 2565 5165 2820 le ce avril né
4126 2817 5291 3059 Hélarius hilft. - -
4181 2991 5311 3208 I.. ick konnte rette
4214 3131 5250 3331 all in fact & are also.
