6760 4584
5990 530 6146 636 227
4481 569 6387 790 Komm Medardus, sieh um Dich, schau in Dch
3946 558 4314 727 Etzelt.
4564 751 6457 888 selbst, bedenke was Du bist. Du hast ander
4429 847 6143 1026 dres zu tun, als an Weiber zu denken.
4463 990 6460 1156 Auch andres, in meiner Seele ist viel Raum,
3953 1021 4304 1164 Medard.
4463 1187 6416 1309 ja es gibt auch ein Vaterland, dem ich was
3930 1190 4335 1356 huit dies.
3746 1309 4252 1494 La wird vie
4481 1281 6444 1494 schuldig bin. Es wird mir wieder einfallen.
3795 1408 4333 1587 zu erkennen
4468 1421 6460 1613 wenns an der Zeit ist. wenn das andre be
4473 1566 6517 1746 sorgt ist. Ich geh nach Haus. Doch nur, um
4463 1735 6452 1933 mich hinzulegen, ich bin noch krank Etzelt,
4468 1862 6457 2081 ja Etzelt ei Tage bin ich krank, nur heute
4463 2016 6411 2187 noch., so lange bis ich das Abenteuer mei
4499 2187 6333 2377 ner Nächte ausgelebt habe in der vorge
4463 2322 5138 2494 setzten Weise.
4468 2465 5192 2631 Mit Etzelt ab.
4418 2696 6382 2938 Es kommen noch immer Leute mit Waffen. Die
4421 2927 6411 3047 meisten gehn über den Platz nach rechts ab.
4463 3057 5826 3205 Nur wenige durch die Strasse,
4463 3205 6283 3312 Aus der Gartenpforte treten zwei Diener
4481 3377 4829 3481 heraus.
3961 3494 5663 3714 Erster Diener: Ja was gibts denn?
3972 3655 6063 3839 Zweiter D. Sind die Leute verrückt geworden?
