3256 4120
2465 323 2652 472 363
745 460 2798 699 Deiner denk ich nicht dabei. Es wird nicht
748 655 2782 891 geschehn, aber wenn es geschieht, nicht für
739 786 2944 1000 Dich. Denkst Du, ich lasse mir meinen Plan von
792 944 2847 1202 Dir aus der Hand winden? Machst Du mich zum
804 1090 2894 1320 Narren meiner eignen Tat? Die Gedanken, die
851 1254 2857 1453 längst in mir waren, mir selbst kaum be -
810 1435 3015 1667 wusst, sollen dadurch, dass Du sie aussprichst
829 1580 2779 1776 die Deinen werden? Ich kenne Dich nicht
764 1736 1602 2018 mehr. / er geht/
826 1972 2313 2307 Was war das, um Himmels willen.
369 2130 680 2264 Julia.
385 2332 2878 2645 Der Marquis / kommt/ ich grüsse Dich meine Tochter.,
860 2692 2931 2872 Wehe, sein Wahnsinn eilt meiner Lüge voraus.
391 2773 649 2888 Assa.
854 2804 2956 3040 Ich grüsse Dich, Mutter der künftigen Könige
397 2922 789 3055 Marquis.
863 2975 2999 3204 von Frankrei ch. Hörst Du die kananen donne rn.
953 3145 2912 3375 Man lasse die Karosse vorfahren. Ich eile
820 3310 2751 3555 nach Paris. Ich kann es nicht mehr sehn,
841 3490 3083 3689 aber noch einmal soll die Luft meines geliebten
