3064 4120
212 316 900 515 at 20/6 in the Cahe
194 427 911 644 trer de F.V.S.
2419 419 2582 569 392.
737 489 2717 670 Sie schon beinahe um den Verstand gebracht
114 585 593 779 den Kaiser.
1162 631 2650 787 Une sie wolle t un erstée Hés est.
766 652 1410 875 hatte.
779 766 2807 1017 Diese Zeit ist längst vorbei. Was ist alles
365 815 652 968 Ie dard.
1814 934 2088 1038 hath 14
789 965 2673 1157 seither geschehn. Ich wollte nicht Julia
1519 1092 2269 1214 möchte, nicht einen
841 1133 2613 1330 töten.) Ich hatte keine Ahnung, dass
740 1265 2603 1426 sie kommen sollte. Erst ihr Anblick em
776 1405 2342 1506 a rekiale in ou ant... La Beache. che Insta¬
750 1428 2577 1659 pörte mich, ich wartete mit der Absicht
776 1615 1835 1767 Bonaparte zu ermorden.
776 1765 2655 1979 Warum sagen Sie es mir. Was gewinnen Sie
303 1803 536 1923 Rapp
753 1935 1035 2104 damit.
768 1972 2668 2215 Ich erlöse mich damit von der ungeheuern
305 2098 657 2249 Medard.
768 2225 2631 2437 Lächerlichkeit als Lebensretter des Kai
877 2331 2805 2556 sers zu gelten, da ja doch nur ein Zufall
774 2512 2725 2732 mich verhindert hat sein Mörder zu werden
735 2696 2585 2908 Nicht ich war der Retter Bonaparte, die
743 2823 2823 3022 Vicomtesse war es, wäre sie mir nicht in den
774 3012 2559 3219 Weg gekommen, ich hätte ihn ermordet.
787 3139 2585 3351 Glauben Sie ihm nicht Herr General, es
313 3232 665 3338 Frau K.
735 3302 2681 3483 ist nicht wahr, ich weiss es besser.
740 3452 1806 3568 könnt Bevers-ertringen.
787 3480 2575 3726 Mutter Du weisst es nicht. Ich schwör
321 3542 662 3661 Medard.
