6808 4360
662 1150 924 1357 .V.H.H
558 1301 1020 1525 is to the
537 1970 787 2121 G.H.F.P.
1394 3486 1871 3672 Monsieur M. d
1473 3663 1987 3838 recevie ei
6339 561 6516 677 274
4381 668 6307 871 ich doch, dass Ihre Antwort unvollständig
4436 883 6440 1046 sein könnte, eh es mir vergönnt war, Sie mi
4485 982 6362 1182 dem vollen Inhalt meiner Sendung bekannt
4439 1168 6525 1333 zu mahen. Sr. Majestät, so gross als Feldherr
4445 1287 6048 1499 wie als Kenner menschlicher Seelen.
4041 1606 5246 1833 Medardus / stürzt herein./
3991 1810 4700 1952 Medardus. Jula.
4038 1920 5665 2115 Marquis. Was ist das, wer ist hier?
4488 2080 5586 2359 / Die andern ganz star/
4032 2266 4802 2440 Medard. Julie.
4044 2397 5877 2559 Marquis. Wer ist das, swer spricht hier.
4055 2556 5319 2798 Desault. Wer ist der Kerl?
4058 2786 5267 2902 Vicomte. Ist es möglich...
4052 2934 5520 3111 Assalagny. wa wodlen Sie denn?
4044 3059 6376 3251 Medard. Ich bin Medardus Klaehr. Diese hier kennt
4462 3265 4764 3367 mich..
4140 3349 6263 3573 Voomte. Sind Sie toll, wie kommen Sie herein?
4468 3530 6522 3742 Sind Sie noch nicht zufreieden. War es Ihnen
