3432 4184
2701 603 2907 756 ville.
1187 561 2400 844 Klang erhebt sich plötslitz
1192 777 2857 961 Wahrheit sagen und die Wahrheit
1197 966 2748 1166 ist dass wir getrunken sind, und
1208 1151 2821 1364 weil wir betrunken sind, reden wir
1208 1325 2831 1514 die Wahrheit und die Vahrheit ist,
1208 1538 2239 1761 dass wir Angst haben.
1226 1743 1551 1881 Unruhe.
605 1826 1855 1966 Piank. Ja Kamenden Angst.
644 1891 2740 2148 Rabensu. Sprich für Dich allein, derbesser
1026 2114 1818 2356 noch halte Paul.
709 2257 2790 2527 Plank. Nein, ich will reden, darum habt Ihr
1229 2561 2816 2694 keine Angst, weil Ihr albern seid.
1234 2730 2839 2847 Ich aber, ich hab Angst. Ich, der
1177 2909 2847 3044 Friedrich Plank. Mir schlottern die
1255 3075 2881 3231 Gebine. Schweiss tritt mir auf Stin
1195 3268 2834 3449 und Maar. Vorstecken möcht ich nichts
1148 3457 2883 3587 in einem Keller in einem Mauselech,
1322 3644 2626 3826 keine Kugel mich tafen kann.
