6776 4360
1070 1952 1389 2146 rece ae
1070 3304 1865 3473 eine darauf eine
1098 3438 2049 3661 sind dass T.I.w. aner xxx
1092 3576 2284 3861 reid als Texendole Jacob Tiw
6110 416 6295 638 Fei
4537 588 6548 842 Sie vergesen die Amnestie, die der neue Kon-
4042 632 4443 854 Dagusan.
4462 779 6007 970 sul erlassen hat vor neun Jahren.
4036 932 6548 1120 St Max. Ja wenn wir als Privatleute einkehrten. Aber
4502 1114 5885 1289 denken Sie, was wir vorhaben.
4039 1264 6470 1449 Dagusan, Ich verseh Sie nicht, St. Mars. Es scheint
4502 1389 6430 1577 dass die Luft von Schönbrunn. Sie wirr ge
4462 1564 4947 1730 macht hat.
4521 1724 6408 1896 Vielleicht hat sie mich zu verstande ge -
4049 1743 4446 1884 St. Mas.
4421 1846 6477 2052 bracht. Kurz und gut, Dagusan ich bin dieses
4430 1996 6477 2237 Lbens müde, seit meinem zwanzigsten Jahr leb
4515 2174 6361 2340 ih als ein ein Heimatlose. Ich bin in
4552 2306 6420 2490 Deutschland gewesen, ich habe unter Codé
4562 2462 6489 2644 für Frankreich gefochten, ich war in Russ
4559 2641 6364 2791 land, in Portugal, hätt ich doch getan,
4487 2772 6348 2985 was mein Bruder tat m Jahre 99. und wäre
4468 2947 6201 3119 mit hm nach Frankreich zurückgekehrt.
4483 3076 6370 3291 Was hätten Sie davo^ gehbat. Sie hatten
4055 3057 4380 3357 Dagan.
4483 3257 6489 3429 weder Ihre Adelsprivilegien,noch Ihr Gü
4562 3410 5491 3626 ter zurückerhalten.
4067 3592 6539 3848 St. Mars. hab ich sie jetzt? Was ist mein Adel wert?
