3384 4328
2902 388 3118 573 3 33
958 523 3015 717 Er ist mein Bruder. er ist unschuldig. Ich
501 573 853 712 Frau K.
1401 623 2691 748 it bei him in ai kist.
980 717 3057 894 selbst..er bestand darauf. Wir waren so tö -
1736 808 2005 933 ce ses
878 880 1606 1052 richt, so feig.
991 1002 2963 1193 Verzeihn Sie, für mich kommt ausschliess -
501 1058 939 1204 Leutnant.
983 1119 2943 1379 lich in Betracht,w die Exemplare gau-nden
944 1343 3115 1495 worden sind. Das andre ist Sache des Gerichts.
947 1515 3167 1703 Es sind drei Exemplare Herr Leutnant, Sie könne
518 1598 861 1802 Medard.
950 1700 3176 1891 sich doch denken, dass nicht drei Exemplare bei
1094 1897 2140 2057 einem Sattlermeister.
1008 1993 3101 2212 O es gibt Sammler aller Art. Und vielleicht
532 2063 928 2237 Lentant.
1005 2165 3090 2376 wird diese viel Auffassung die Richter milder
1016 2370 1409 2533 stimmen.
980 2456 2536 2694 So müssen Sie uns alle verhaften.
543 2556 889 2688 Medard.
1016 2647 3071 2835 (Hier wurde totz sorgältigster Nachforschung
551 2680 961 2943 Leutnant
1072 2799 2982 2993 nichts gefunden. Ich erleb es nicht das
994 2954 2954 3154 erstemal, dass sich in solcher Weise ein
1030 3143 3165 3314 Bürger für den andern aufopfern möchte. Aber
1235 3284 1440 3386 is it.
1044 3289 3143 3461 Frankreich hat nicht die Aufgabe Märtyrer zu
1141 3433 3054 3633 schaffen, sondern Gerechtigkeit zu üben.
