6808 4440
3662 469 4592 688 Oder. Caillauv-die Krüger
3827 552 4584 725 dans le tard - Le
6124 496 6332 682 132
4384 760 5495 951 Desaulteux und Caillad.
3926 906 5477 1077 Desault. Guten Morgen Caillard.
3952 1071 5842 1250 Caillard. Ich komme wo hl nicht zu spät.
4371 1191 6228 1383 Der Marquis ist in seinem Zimmerallein.
3947 1231 4251 1431 Des.
3960 1354 5759 1554 Caillard. Und Renault ist noch nichtda?
4317 1516 5634 1759 Nein, was bringen Sie neues?
3942 1628 4173 1724 Des.
4461 1722 6436 1967 Nichts besonderes. Ich bin auf den Bateien
3950 1826 4349 1943 Caillad.
4467 1913 5183 2076 herumgelungert.
4371 2167 6380 2345 Ist es also wahr, dass die Leute zur Vertei
3936 2148 4149 2332 Des.
4419 2295 5282 2505 digung herrichten?
4453 2444 6439 2638 Ja. Allerdings kommt nicht viel dabei herab
3947 2470 4387 2633 Caillard.
4371 2612 6513 2772 das kommt daher, weil sie selber nicht daran
3702 2673 4187 2881 et arablt.
4309 2737 6449 2942 glauben. Sie richten Schanzen auf, um ihr Ge-
3787 2836 4109 3027 Helene
4360 2934 6343 3105 wissen zu beruhigen, um sich nichts vorwer
4299 3099 6340 3275 fen zu müssen, nicht um die Stadt zu vertei
4307 3249 6345 3435 digen. Und das geügt ihnen. Im übrigen sind
4331 3430 6340 3608 sie so lustig als wenn es sich um die An-
4437 3584 6385 3760 kündigung eines neuen Ausstattungsstückes
4264 3736 6353 3915 handelte. Es wäre das beste Geschäft, wenn
