3064 4088
849 355 2433 552 Une hättest durch - u über nach
2667 365 2851 582 394
1257 446 2645 604 -denii medet - Eile teder
894 572 2620 703 Noch ist nichts verloren. Rapp wird
451 587 796 758 Etzelt.
924 685 2927 882 zurückkehren.und Bonaparte wird sich die Ge
924 834 2902 1040 legenheit nicht entgehn lassen noch einmal
2199 992 2350 1151 G.C.P.
917 1005 2035 1204 Gnade zu üben. —
882 1138 2866 1385 (Sei vernünftig Medardus, wohin starrst Du
448 1224 793 1368 Frau K.
924 1335 2796 1521 alles ist ja vorbiei, ja hättest Dus zur
882 1489 2902 1688 rechten Zeit getan, aber jetzt ist ja alles
937 1652 2927 1854 vorbei. In wenigen Tagen ist der Friede da,
942 1796 2861 1985 schmählich für uns, aber Ruhe kehrt wie -
929 1942 2783 2159 der ein. Und Du bist nun alles was ich
932 2118 1841 2327 noch habe Medardus.
934 2267 2924 2458 Mich hast Du nun wieder, doch nur weil ich
471 2315 806 2471 Medard.
937 2421 2788 2620 eben so sprach, wie ich sprach. Wär ich
902 2614 2703 2798 Dein Sohn (h och, wenn ich die Gnade des
962 2730 2642 2962 Verhassten hingenommen, mich wie ein
1380 2894 1846 3002 in tete nor
899 2902 2851 3138 Spitzbube davon geschlichen hätte mit ei
947 3070 2496 3274 nem Lohn, der mir nicht gebührt.
957 3224 2826 3443 Grosse Worte Medardus, die helfen nicht.
486 3284 831 3408 Etzelt,
957 3410 2614 3624 Und wenn Du vor Bonaparte gestanden
970 3559 2771 3733 wärst, weisst Du ob Du bei der Absicht
