3208 4104
2631 270 2803 436 380
959 491 1965 721 Sie frei herumlaufen.
520 579 2864 893 Ein Geheimpolizist. Ruhe, ich bitte um Ruhe meine
980 805 2931 1023 Herrschaften. Sr. Majestät der Kaiser von
980 936 2844 1210 Frankreich wird sofort erscheinen. Die
939 1055 2742 1335 Parade geht an. / leise zu Wachshuber/
957 1279 2908 1500 welche Unvorsichtigkeit, dass Sie sich an
1009 1425 2925 1683 einem so belebten Ort zeigen. Wir können
1012 1614 2858 1832 keinerlei Haftung für Ihre Person über
974 1750 2881 1954 nehmen. In wenigen Tagen wird der Friede
991 1867 2977 2140 erklärt, dann müssen Sie selbst schaun wie
1006 2111 1904 2317 Sie sich salvieren.
1047 2218 2998 2454 Herr Wachshuber, ich rat Ihnen gut, sprre
590 2300 936 2445 Etzelt.
1061 2370 3027 2646 Sie Ihr Geschäft zu und verlassen Sie Wien
1058 2605 1326 2785 aot
616 2631 907 2756 Wachs.
1021 2649 2873 2957 Hinter der Scene hört man Wagen halten,
1090 2844 2989 3027 ein vornehm gekleideter Herr kommt, geht
1154 3056 2093 3192 die Stiege hinauf. /
1102 3213 1919 3344 Wer ist denn das.
643 3262 983 3469 Bürger.
1212 3332 2631 3495 Empfängt denn Napoleon heute?
651 3425 1163 3617 Ein andrer.
