3304 4232
2697 370 2887 585 352
979 519 2951 738 Aber nun wird mir alles rätselhaft an ihr.
1011 688 3059 844 Seit jenem Tag, da wir meinen unglücklichen
1014 863 3051 1014 Sehn zu Grabe trugen, ist mir alles rätselb
969 1021 2914 1199 haft was hier geschieht. Insbesondre das
1008 1180 3011 1323 Erscheinen des jungen Medardus Klaehr, von
979 1352 3035 1519 dem man mir erzählt hat, gibt mir zu denken.
490 1450 752 1651 Assa.
961 1485 3051 1646 Ich würde nicht nachdenken über Julie, das wir
1024 1667 2943 1815 wäre die Sache des Herrn Vicomte, wenn er
963 1805 1829 1958 noch am Leben ist.
437 1934 918 2096 Margluise.
958 1948 2204 2109 Sahen Sie sie heute schon?
958 2141 2821 2315 Nein, ich glaube sie schlief lange nach
482 2165 759 2268 Assa.
910 2281 2461 2424 der gestrigen Oper in Schönbrunn.
998 2419 2951 2617 Glauben Sie Assalagny, dass sie nur darum
476 2466 913 2580 Marquise.
1043 2617 3038 2744 nach Schönbrunn zu Bonaparte fährt, um sei
926 2731 3019 2945 ,nen Verdacht einzuschläfern, um ihn vielleicht
955 2908 2652 3091 gegen den Vicomte milder zu stimmen.
987 3043 2959 3228 Möglich, wenn der Vicomte noch lebt,
474 3059 738 3199 Assa.
773 3234 2900 3385 obwohl ich unter uns glaube es ist ihr nichts
947 3374 2943 3538 gleichgültiger, ob der Vicomte noch seinen
969 3520 2760 3715 Kopf auf den Schultern hat oder nicht
