6744 4312
6282 429 6463 587 30 7
4330 640 4586 795 wird.
4285 709 6378 947 Doch sie ist da. Und so könnten selbst Leute
3826 837 4130 957 Julia.
4327 939 6287 1085 wie der Herr Vicomte und seine Freunde und
4338 1064 6386 1242 andre, die in Paris zu uns halten, gefährlich
4338 1269 4669 1464 werden.
4338 1394 6386 1533 Es ist Zeit Ihnen zu eröffnen, dass die Tage
3866 1464 4119 1568 Assa.
4351 1533 6418 1696 des Herrn Marquis gezählt sind. Selbst wenn
4330 1690 6380 1856 der Vicomte und seine Freunde, um auch diese
4357 1898 6247 2005 tollste Laune des Schicksals auszudenken,
4343 2058 6290 2160 vom Glück begünstigt wären, Ihr Herr Vater
4434 2144 6292 2320 würde seinen Triumpf nicht mehr erleben.
4343 2378 4794 2493 Aber ich,
3890 2394 4186 2485 Julia.
4343 2450 6484 2624 Die Gott davor bewahren wird mit der Erbschaft
3906 2528 4138 2658 Assa.
4341 2669 6450 2789 einer grossen Seele, auch die eines unseligen
5452 2765 5914 2946 (Gelt:)
4357 2829 5242 2989 Wahnes anzutreten.
4365 2925 6404 3136 Sie denken gering von dem Vicomte und seinen
3890 2981 4210 3120 Julia.
4319 3074 6319 3290 Freunden. Vielleicht mit rühlicher Recht. Aber
4405 3247 6551 3431 das wird Napoleon nicht abhalten sie verhaften
4399 3415 6234 3589 zu lassen, denn er weiss so gut wie Sie
4367 3599 6428 3807 und ich, dass auch ein Kind den herrlichsten
4298 3789 4495 3962 pa
