6792 4488
6049 509 6251 649 216
4459 616 6276 873 Etzelt. Dies letzere ist Vermutung. Es
4484 769 6383 998 steht nur fest, dass er verschwunden ist.
4479 921 6307 1140 Esahenb. Und Sie sind nun auf der Suche
4482 1094 6520 1328 nach ihm, was kümmert Stes eigentlich Etzet
4489 1239 6497 1443 es wird ein dummer oder toller Streich mehr
4500 1415 5355 1601 soin.. huisient sont
4502 1545 6541 1733 Etzelt. Es könnte sich auch anders verhalten
4469 1690 6350 1944 (Sie kennen ihn doch nicht ganz, Meister
4500 1840 6373 2044 Eschenbacher! Sie wissen nicht, was für
4830 1998 5314 2110 fort erhalten
4530 2005 6352 2201 tolle Gedanken ihm durch den Kopf gehn.
4543 2173 6116 2354 Er will den Tod Agatens rächen,„-
3795 2219 4253 2428 un septem
4550 2321 6388 2494 Eschenb. (Indem er si h von einer Jungen
3718 2352 4487 2632 la m'abenduie le
4543 2405 6597 2665 Dame abends abholen lässt.) Rache..das schall
3815 2517 4013 2665 le
4573 2596 6398 2822 se, und Krieg das schallt auch, bis zur
4576 2769 6472 3018 Tiefe eines Wortes ist er niemals herab -
4533 2911 6357 3125 gestiegen. Er berauscht sich am Klang.
4586 3085 6495 3291 Etzelt. Bei all dem, vergessen Sie nicht,
4591 3227 6312 3461 er ist edel und tapfer, Sie sind zu
4594 3423 5319 3629 streng mit ihm.
4594 3527 6307 3779 Eschenb. Es gräbt sich am Ende jeder
