6840 4424
441 514 612 749 G.C.F.
695 1497 1145 1688 reu ae:
581 1637 1104 1827 reur M r : monsieur
428 1777 1285 1983 se mai oaso ariusta
470 1916 1187 2145 xxx xxx
435 2110 1075 2313 oV aaaee e
857 2560 1152 2700 Vrai M
796 2678 1060 2874 G.H.P
1152 3674 1317 3867 .1
6145 539 6355 688 135
3918 682 6472 891 Caillard. Weil ich eine Zeitlang ähnlich dachte wie See.
4324 860 6421 1006 Und weil es mir unnötig scheint Menschen un -
4365 993 6447 1199 treu zu werden, wenn man auch von ihen Ideen
4305 1123 5289 1345 abfallen musste.
4346 1304 6389 1504 Mussten Sie das wirklich? Oder glauben Sie
3912 1310 4112 1542 Ds.
4311 1443 6380 1675 dass jetzt erst mit dem Tode desVicmte unsere
4394 1631 5447 1808 Hoffnungen dahin sind?
3921 1773 6329 1954 Caillard. Ich habe den Vomtebesser gekannt als Ihr
4407 1919 5822 2129 alle. Er war nicht der Mann...
4349 2065 6285 2259 Um einem Abenteuerer angemasste Macht aus
3909 2148 4146 2262 Des.
4435 2272 5368 2424 der Hand zu winden?
4442 2370 6370 2589 de la paleon ist längst kein Abenteuerer mehr
3921 2379 4372 2582 Caillard.
4353 2560 6377 2770 für mich Er wird mir grösser mit jedem Dr.
4346 2725 6440 2900 Sie sollten nicht hier bleiben Caillard. Ich
3918 2719 4156 2957 Des.
4353 2862 6339 3084 an Ihrer Stelle, wenn ich dächte wieSie...
3918 3052 6434 3204 Caillard. Sprechen Sie nicht aus, was ich Ihnen selbst
4346 3172 6342 3369 sagen wollte. Freilich nicht heute, da wir
4292 3385 6440 3572 ihn eben begraben haben. Aber da wir nun ein
4334 3499 6488 3677 mal begonnen haben, ich wills Ihnen mit einem
