6808 4360
519 820 1210 1027 reh els inl.
976 955 1303 1180 e me
607 1123 1342 1333 pere noged mamil
910 3435 1546 3600 ...isskoldos at
748 3600 1633 3798 amie nederi 11w Jm.
6224 537 6470 679 2 80
4483 616 6185 943 enbesern, Desaulteux Sie sind treu.
4417 904 6062 1111 Vicomtesse / er küsst ihr die Hand /
3942 982 4173 1120 Des.
4372 1120 6329 1270 Julia, heute noch sagen Sie, es ist ja un.
3996 1111 4225 1267 Vic.
4372 1270 6299 1441 möglich, es ist der sichre Untergang. We -
4414 1429 5576 1567 nigstens einen Aufschub.
4014 1579 6365 1744 Julia. Verstecken Sie sich wo Sie wollen, hier ist
4423 1753 6317 1928 kein Platz für Sie. Nirgens, verstehn Sie
4477 1916 5981 2045 mich 1. Nichts hat sich geändert.
4684 2009 5131 2114 plus sluis.
4062 2018 6473 2225 Marquis. Bei meiner Tochter stehn die Entscheidungen
4402 2216 6413 2357 unseres Hauses. Was hatst Du zu sagen Julia.
4450 2339 6479 2498 Alles ist entschieden. Der Vicomte reistheut
4080 2396 4378 2510 Julia.
4486 2492 6335 2675 mit De###teux und Daguan und St. Mars....
4474 2639 4765 2726 Mr Wm
4191 2645 6479 2828 St Masihn Sie Vicomtesse, ich reise nicht
4417 2819 5687 2984 / er verugt sich und geht /
4038 2969 6452 3144 Julia. / sieht ihm nach, dan schüttelt sie den Kopf
4468 3069 6467 3279 Der Vicomte reist heute noch mit Desaupteux
4468 3237 6386 3480 und Dagusan und ich gehe morgen zur Cour
3831 3324 4312 3534 f leur le
4468 3441 6425 3573 den Herrn Vicomte entschuldigen. Ich muss
