6840 4440
5702 414 5959 566 1 19
4310 618 5128 834 tut das Herz weh.
5816 691 6295 823 ce nt hlor
4348 794 6325 1027 Ja das Herz tut mir weh, denn ich stehe an
3941 886 4236 1016 Julia.
4323 997 6395 1287 seinem Grab. Aber wie ich ihn leben sah, tat
4247 1268 4789 1411 meinen Herrn
4323 1246 6393 1487 mir noch weher. Er war geboren auf den Höhen
4364 1387 6347 1669 zu wohnen, er war bestimmt vielleicht eine
4331 1585 6401 1785 Krone zu tragen, oder daran zu sterben, dass
4394 1715 6474 1950 e r die Hand vergeblich nach ihr ausstreckte)
4402 1837 6422 2102 Für grosses zu leben und zu sterben war ihm
4849 2002 5919 2164 oft ins beid nur. Rind
4361 2013 6390 2265 bestimmt.  Ba er noch ein Knabe war (und wir
5485 2164 5840 2292 Shelleta
3743 2107 4163 2381 Oftered
4364 2172 6482 2424 mit einander spielten, dachte ich mir oft wie
4521 2216 4954 2340 mele niet
4380 2370 6561 2592 er als Jüngling werden sollte. Den Degen locke
3762 2365 3985 2492 patt
4058 2300 4291 2511 fait
3616 2397 3955 2646 traine
3616 2495 4291 2752 suis des Juin
4426 2541 6509 2730 in der Scheide, mit leuchtenden Au en in ei
3665 2636 4207 2969 lui getra
4567 2695 4976 2798 im scheine.
4429 2644 6363 2882 ne grosse Zukunft schauen und lachen wenn
5640 2744 6439 2893 Und wie upllte xxx die
4421 2825 6412 3083 Frauen zu seinen Füssen weinen. Und seine
4434 3080 6490 3253 Freude war abends im Mondschein spazieren zu
4854 3229 5366 3364 aberkeit
4429 3280 6406 3456 wandeln, in Laubgängen/ sandte Melodien zu
4415 3329 6487 3581 spielen auf dem Spinett und an wird närrisch
4418 3546 6555 3800 über das erste hübsche Geishht, das ihm begeg¬
1991 3833 2191 3998 DnW
