6808 4536
508 763 727 916 Décembre
1419 876 2338 1090 oim saa! Teiduk doA
1728 1067 2323 1225 usdoim noch
878 1202 2282 1404 das Ihr stelle xxx xxx
1728 1353 2338 1562 Theils neussi¬
1358 1501 2108 1720 Tineb stell von
434 1634 2333 1828 nur stebkosw,Jmmod aus Rostn durch rieb oC
368 1800 2249 1991 nem nov liov da dal Jbata eid. MeS neddo
444 1958 2154 2142 enie xxx wwde xxxs Jnnöx de 'nedie-
1210 2113 2305 2315 Das Nachricht zu überzeitenden
462 2116 692 2295 - 1.8
518 2256 2221 2484 hoden.dei ne eiv at neasiw eiä.rere
434 2422 1994 2634 xxx mied,Inig xxx vorbeimt xxxv
488 2583 1851 2780 ab noob seum wäre. negostev doin
472 3060 845 3226 nen itov
559 3193 817 3369 G.C.F.P.
6340 398 6524 585 155
4536 610 6440 824 auf uns losrücken. Diesmal hätt man doch
4597 766 6591 983 geschworen die Franzosen kommen nicht über
4589 944 5743 1144 die Grenze.) Also Annerl.
4495 1072 6550 1286 Lass mich doch Mutter, ich bin ja ganz ver-
3949 1156 4204 1353 Anna.
4554 1230 6412 1470 weint ich kann ja so gar nicht auf die
4671 1424 5108 1606 Strassen.
4569 1562 6468 1794 Lassen Sie sie bei mir Frau Berger. Ich
4018 1549 4357 1797 Frau K.
4612 1695 6488 1932 bring sie Ihnen dann am Nachmittag sel
4584 1840 6573 2098 ber nach Haus. Ich muss ja auch ein bissel
4630 2034 5266 2262 auf die Luft.
4620 2152 5968 2379 / nimmt Abschied und geht /.
4048 2175 4385 2445 Frau B.
4607 2333 6647 2558 Was wühlen Sie denn da herum in den Sachen,
4041 2410 4388 2532 Frau K.
4707 2494 5889 2711 das soll man nicht, wozu.
4651 2573 6496 2838 Ich möcht mir halt so gern was zur Er
4066 2695 4316 2902 Anna.
4656 2739 6532 2997 innerung nehmen, was darf ich denn? Da
3773 2861 4607 3111 Ah. de... de Staërl.
4646 2933 6570 3160 wär der Fingerhut, das Nadelpolsterl oder
3811 3066 4393 3208 das theater spiel
4628 3086 6680 3313 gar das Tuch an dem sie gehäckelt das letzte
3995 3165 4367 3354 :s.b.w.
4730 3313 4944 3502 mal.
4643 3392 6700 3660 Nehmen Sie was Sie wollen, alles meinethalbe
4097 3489 4416 3614 Frau K.
4651 3591 6560 3811 Ich bewahre nichts auf. Von meinem Mann
4694 3747 6682 3967 hab ich auch alles verschenkt. Was sollen
