6856 4472
263 578 660 828 Gretäel
857 595 1041 848 Décis
555 864 841 1153 G.C.H.F.P
6389 516 6570 664 330
4458 664 6577 877 auf dem Wege die Meldung von dem Tode Derues
4454 834 6452 1022 erstatten. Das Regimentskommando wird den
4431 989 5644 1160 Leichnahm abholen lassen.
4523 1166 6498 1357 Es ist natürlich nur der Form wegen, aber
4004 1166 4451 1324 Leutnant.
4566 1301 6636 1521 ich dann es leider nicht unterlassen wenig:
4494 1462 6563 1675 tens einen Blick in dieses Gemach zu werfen.
4014 1616 6662 1879 Trembly. Leben Sie wohl Herr Klaehr,- mein Freund hatte
4744 1774 4967 1872 tent
5929 1751 6560 1909 t a m r de dess
4441 1820 5874 1981 viel Sympathie für Sie. / ab/
5893 1856 6534 1981 dies Sach Neintel
5880 1955 6169 2109 hat.
4530 1945 5739 2142 Es is alles in Ordnung.
4008 1964 4458 2175 Leutnant.
4018 2122 5814 2345 Ein Soldat (von unten, mit einem Buch.
4024 2306 5108 2437 Leutnant. Was ist das?
4018 2414 6531 2602 Etzelt. / tritt dazu/ es ist ein historischer atlas,
4537 2595 5650 2769 wie Herr Leutnant sehn.
4018 2736 6632 2904 Leutnant. / durchblättertihn / ganz recht. Verzeihn Sie
4520 2858 6665 3088 meine Herren, aber so bewandert sind die Leu
4507 3068 6655 3259 te natürlich nicht. Ich habe übrigens mit Ver
4494 3239 6425 3387 gnügen bemerkt, dass Sie so eine reiche
4500 3407 6488 3564 Auswahl französischer Literatur auf Lager
4632 3554 6600 3748 haben. Es wird mich freuen, wenn es meine
