6808 4488
1169 672 1344 839 O0S
1290 783 1627 1025 V.A.S.
1370 981 1697 1159 G.H.F.H:F:H:H
1097 1177 1697 1324 as bnta geT
1429 1442 1700 1622 G.H.F.P
1169 1594 1452 1751 de V:A:S:
1043 1728 1409 1903 nentt
899 1916 1622 2099 uswde tus aits¬
713 2052 1396 2227 ra même mais
636 2196 1581 2374 resolutie me r og : mai
850 2315 1779 2539 raussez une aussi ae
1097 2498 1759 2665 bei aasb.s.i.
1136 2655 1741 2796 wir Dllw xxx
613 2771 1957 2948 manb, aalev Jmmi Jaed rioi xxx
633 2912 1952 3062 eute das all.briw xxx
587 3062 2266 3247 - I lkdöweg nie Teda. noifow etö nner
791 3229 2209 3427 dasqä nen xxx tia obiUw hni-
1313 3595 2549 3783 .medoeiga ei8 eiw'stifrt
484 3711 2557 3971 Iliw do I.um Molm eis nessaI.nien,nieH
4329 515 6108 700 jetzt auf mein Zimmer gehn, und Sien.
4339 664 6044 850 gehn Sie lieber zu den Herren hinein
4300 780 6268 973 und besprechen Sie alles weitere. Renault
4293 981 6054 1154 soll ja eine ganze Liste da haben von
4305 1136 6216 1313 unsern Getreuen. Ich denke Sie müssen nur
4357 1257 6334 1488 in Part eintreffen und wir wären am Ziel.
4272 1439 6195 1607 Und wenn Bonaparte selbst zurückkäme, man
4316 1599 6239 1828 lässt hin ganz einfach nicht hinein, nicht
4318 1808 4586 1980 wahr?
4316 1880 6244 2106 Was ist Ihnen Julie? Glauben Sie am Ende
3816 1975 4190 2119 Vicomte
4293 2160 4998 2356 selbst nicht...
4316 2312 6172 2544 / plötzlich ernst/ ich glaube. Wenn es
3824 2377 4135 2503 Julia.
4339 2472 6195 2675 nur auf mich ankäme... aber glauben auch
4341 2606 6306 2791 de andern. Vaillard ist fort.. Ihre beiden
4339 2778 6314 2972 Dagusan und St. Mars schielen nach Bucking
4339 2869 6190 3100 ham zu Ludwig XVIII, Desaulteux ist be
4406 2995 6314 3198 schränkt, „Renault ei. Phantast. Und Sie
5415 3100 6139 3288 sui le nicht schlimme,
4460 3167 5132 3360 lieben mich...
4372 3278 6170 3497 Und wenn es wirklich nur das wäre. Sie
3865 3389 4256 3528 Vicomte.
4367 3463 6242 3770 lieben heisst alles glauben was Sie wün
