6792 4376
6246 415 6467 613 248
4565 558 5279 772 und Artillerie.
4106 653 6443 938 Eschenb. (An Mdardus und Etzelt verbei). Guten Abend
4559 880 6443 1037 Medardus. Auch Sie, Etzelt? Ich denke es
4492 1005 6411 1185 ist sicherer hier als anderswo. Es fliegt
4530 1185 6615 1397 ja alles über die Basteien in die Stadt hinei
4115 1312 6115 1545 Der Gardist. Mitten in der Stadt brennts.
4594 1475 6600 1687 Wenn es die Nacht über dauert ist die Stadt
4126 1545 4422 1661 Major:
4550 1675 4989 1812 verloren.
4594 1786 6455 1954 Furchtbar, fürchtbar, wie ird das enden.
4141 1812 4475 1966 Etzelt.
4559 1934 6411 2128 Wir wollen von vergangenen Zeiten reden,
4138 1998 4475 2114 Medard.
4605 2117 6522 2285 Etzelt. Erinnerst Du Deh wie wir zur Schu
3900 2221 4359 2372 Neule voulant
4637 2216 6603 2462 le gingen zusammen, Etzelt? Und unsre Land
3862 2326 4425 2512 est cinq l'idée
4620 2425 6562 2610 partien. Wie wir einmal auf der Rohrerwie
3810 2491 4402 2645 bau mich ve¬
4620 2532 6481 2756 se einem Schmetterling nachgelaufen sind.
3789 2579 4390 2747 1d nett hätten
3789 2709 4437 2904 Johst ist alle klar.
4623 2744 6438 2898 Und Agathe, weisst Du nich? Du hast sie
4533 2869 6600 3061 wohl sehr geliebt Etzelt. Und unsre Spiele.
4652 2994 6626 3185 Auch Elisabeth war damals dabei. ( Seltsam.
4576 3214 6452 3351 Nun haben sich Elisabet und Anna wieder
4544 3392 5000 3554 gefunden.
4588 3487 6586 3676 Du redest von allem und doch nicht von dem,
4167 3557 4530 3734 Etgelt.
4597 3670 6475 3807 was Dir am Herzen liegt. Du warst sonder
