6824 4360
6194 483 6366 626 278
4326 608 6354 913 die Erscheinung eines interessanten Verrück
4332 771 6203 1061 ten höchstens als eine leidliche Zustaxx
4278 919 6197 1189 Zestreung aber nichtals in erschütternder
4786 1088 5699 1239 empferde verde Ra
4353 1133 5233 1364 Vorgag gelten darf.
3967 1204 6357 1515 Marquis. Her Geeal, wir wurden unterbrochen, bitte
4403 1482 5049 1669 vollenden Sie.
4041 1557 6292 1844 Rep. / beginnt lächeld/ Seine Majestät so gross
4359 1702 6410 1945 als Feldherr wie als Kenner menschlicher See
4406 1918 6357 2111 len, hat stets die Gründe zu würdigen ge -
4412 1990 6398 2262 wusst, die einen Teil, wenn auch nur einen
4421 2218 6393 2428 gerigen des einstigen Adels von Frankreich
5853 2289 6535 2422 Ainbar für kirkte
4373 2387 6425 2585 davon zurückhielt dem väterlichen Ruf zu fo
4471 2452 6360 2734 gen, der an ihn mehr als einmal ergangen
4391 2624 6200 2891 ist. Dass er nicht nur zu verehn soden
5079 2790 5497 2915 Schnas Pr
4394 2826 6315 3084 auch zu verzeihn vermag, hat er schon als
6093 2923 6256 3024 een
4433 3024 6274 3226 Konal bewiesen., und nicht an ihm Ugr
4394 3170 6283 3374 es dass die Amnästie, die er erlassen, von
4418 3256 6301 3534 einigen m einer Art von unheilhrem Stolz
4418 3433 6428 3674 im Verkennen der tasächlichen Verhältnüsse,
4468 3650 6268 3872 nicht in Anspruch genommen worden ist.
