6760 4344
6356 595 6556 727 294
4494 616 5404 931 jetzt ists zu spät
4507 854 6455 1014 Sie Wachshuber, die Zeiten können sich än
3992 900 4405 1045 Eschenb.
4510 1060 6418 1196 dern, von heut auf morgen können die Leu
4494 1178 6378 1310 te die Landkarten an die Franzosen ver
4445 1359 6387 1504 kauft haben auf Befehl der österreichische
4463 1492 5629 1668 Regierung-gehängt werden.
4510 1628 6393 1788 Jetzt ist Napoleon der Herr, wenn der Her
4057 1655 4393 1862 Wachsh.
5915 1745 6310 1837 Ce et mais
4504 1831 6316 1939 Berger schon so vie erzählt, so soll er
4615 1911 5471 2007 da dann nicht alle¬
5567 1893 6556 2090 Ce créee sont en méd
4476 1973 5755 2124 gefälligst auch erzählen,
4507 2093 6479 2256 aber man lasst mich ja nicht ausreden. Je
4057 2096 4411 2272 Berger-
4433 2269 6384 2417 der der ein Exemplar von Schrämbel besitzt
4507 2423 5296 2592 wird straffällig.
4522 2546 6513 2713 Straffällig, erschossen wird er. Weil näm
4023 2574 4352 2728 Wachsh.
5290 2663 5696 2780 verlerst—
4463 2719 6384 2888 lich da drin die besten Karten sind, dies
4507 2904 5262 3055 Überhaupt gibt.
5382 2919 5589 3086 in
4010 3033 6473 3203 Eschenb. Also jetzt her damit, das ist zu gefährlich
4553 3190 5450 3357 für Sie Wachshuber.
4010 3335 6489 3499 Wachsh. Aber Kreuzdonnerwetter, ich will sie doch.
4020 3486 6257 3674 Eschenb. Ja Sie wollen sie verkaufen das wissen
