3352 4168
804 564 2938 785 Herr Fö- Aber zu einer Belagerung wirds doch
1154 782 1973 968 nicht kommen.
799 917 3029 1135 Frau F. Na wenn sie schon die Schanzen im Pra
1174 1123 1804 1355 ter aufbaun.
793 1287 1132 1471 Wachsh.
1185 1262 2958 1510 Wozu brechens denn im Stadtgraben die
1152 1490 2981 1713 Hütten und kleinen Häuser ab? Und warum
469 1527 929 1677 troulle-:-
474 1685 1118 1849 I shall have for
1281 1631 3105 1840 ist denn der neue Aufruf gekommen, das
257 1818 1115 1973 re a Herr. Triedler
1191 1823 3023 2027 man sich zum Bürgermilitär melden soll?
186 1919 1042 2100 mit Tenerlie ist app¬
771 2035 1123 2247 Her Fö.
1183 2001 3085 2252 Aber Bürgemilitär var immer da. Bürger
1135 2244 2368 2439 militär hat man nie genug.
773 2393 3037 2614 Wachsh. Verlassen Sie sich auf mich, es wird al
1106 2540 3122 2789 les hergerichtet zur Verteidigung. Auf den
1211 2760 2986 2986 Basteien ist auch schon alles in Stand
1188 2913 2859 3158 gesetzt, glaubens das ist zum Spasst
2015 3093 2944 3319 gar“. Und ich wohn in
773 3136 1936 3404 Föderl. Auf den Bas eier
1121 3268 2882 3497 Gumpfendorf. Das kann doch den Kaiser
1171 3463 2913 3717 sein Wille nicht sein, dass die Vor -
