6792 4376
4778 343 5479 542 prusil him.
6051 445 6270 635 259
4486 575 4745 764 saal
4432 614 5744 827 Garten beim Marquis. Morgen.
4348 809 5202 1005 Dagysan, St. Mars.
3638 806 3990 1053 (3 Oct.
3984 939 6011 1152 Dagusan. Da sind Sie endlich, wo waren Sie?
3993 1104 5810 1327 St. Mars. Die Feierlichkeit ist vorbei.
4002 1279 6418 1471 Daguean. Ja der Vicomte und Julie sind vermählt sezt
3610 1173 3878 1462 Liffrey
4459 1417 6502 1628 einer Stunde / früher/ in der kleinen Kapell
4414 1550 6412 1757 hat die Hochzeit stattgefunden. Der Vicomte
4411 1742 5506 1947 hat nach Ihnen gefragt.
4023 1826 6336 2100 St. Mars. Ganz recht, ich werde mich zu ent-
4408 2040 5250 2254 schuldigen wissen.
4038 2166 6367 2419 Dogusan. Mir scheint Sie haben wichtiges erfahen.
4041 2371 5557 2557 St. Mars. Ich war in Schönbrunn.
4053 2458 6421 2822 Dagusan. Welche Tollkühnheit, wenn man Sie erkannt
3695 2485 3908 2720 Capp.
4459 2753 4811 2940 hätte...
4047 2774 5557 3111 St. Mars. So wär ich nicht hier.
4071 2943 6213 3261 Dagusan. Das denk ich mir, also erzählen Sie.
4083 3108 6087 3421 St. M. Das Wien capituliert hat lissen Sie.
4080 3286 6442 3496 Dagusan. Dazu musst ich mich nicht auf die Strasse
4543 3433 6282 3607 bemühn. Die weissen Bahnen wehen seit
4633 3629 5509 3842 dem frühen morgen.
