3400 4296
707 259 1596 492 Reue thetert
2622 465 2787 572 335
974 556 3065 726 die Ihnen vielleicht auf der Zungs läge, ver
1056 704 3161 872 haften zu lassen. Sie sind der einzige Seh n
1045 875 1678 1032 Ihrer Mutter.
1230 897 2641 1073 Ue hi un selht - Leusch! S. -
924 1012 3073 1224 Und diese Mutter sagt Ihnen, schämen Sie sich
495 1007 839 1211 Frau K.
2011 1131 2889 1252 21 in. boy terles.
135 1139 344 1340 Pieter
963 1186 1651 1376 Herr Leutnant.
267 1246 501 1373 i i met
2069 1238 2515 1376 en Altesse
179 1351 435 1502 trend
968 1307 3150 1513 Schwester, der Herr Leutnant tut seine Pflicht
498 1376 883 1480 Eschenb.
2666 1450 2765 1538 e e
1043 1486 3120 1645 Er tut nichts andres als wir alle tun. Und
913 1626 3048 1854 Du Medardus tust x die Deine, wenn Du Deiner
963 1810 2864 1973 Mutter zur Seite stehst. Auf Wiedersehn.
1015 1984 2490 2110 / ab mit Leutnant und Soldaten/
974 2132 2927 2303 Jakob, Bruder... muss nun auch das noch ge
509 2165 864 2273 Frau K.
933 2289 3147 2438 schehn, sie werden ihn erschiessen. Ich muss..
729 2391 839 2473 Le
977 2440 3169 2589 ich will.. ich geh nach Schönbrunn. Zu Bonapart
1023 2641 3070 2762 selbst will ich. Er kann.. ich werde den Ma
853 2779 2875 2914 jor Trembly bitten, dass er mich begleitet.
966 2944 3117 3070 Da drin liegt ein Toter und der Major Trembly
503 2944 839 3139 Etzelt
930 3087 2264 3263 ist fortgegangen zur Parade.
971 3235 3018 3401 Ich werd ihn finden, ich,werd ihn erwarten.
503 3246 858 3401 Frau K.
930 3359 3029 3590 Aber wenn einer (sterben soll, so müssten sie
501 3436 850 3566 Medard
977 3577 1907 3788 doch mich annehmen.
