3432 4200
2478 348 2588 467 64
1057 504 2835 749 muss ich Dich fragen, könntest Du Dei
1097 696 2799 932 nem Vater denn nicht gehorsam sein?
1150 914 2760 1079 und das dumme Ding vergessen), das
1101 1057 2427 1262 Dein war mit Leib und Seele
1121 1249 2771 1511 Pfui, dass wir diese heilige Stunde
714 1313 991 1478 Franz.
1128 1445 2881 1623 mit so kläglichen Worten erfüllen. La
1143 1608 2901 1806 uns lieber denken wie selig wir waren
1152 1771 2773 1978 und dass wir auch jetzt noch selig
1176 1971 2872 2176 sind, da uns auch der Tod nicht tren
1227 2202 1681 2346 nen wird.
1200 2319 2943 2526 Wunderbar, ganz warm ist es geworden.
771 2423 1123 2557 Frau K.
1229 2524 2861 2729 Plötzlich ist der Frühling da. Wür
1205 2727 2363 2879 vom nächsten was wüsste.
1271 2824 2973 3072 Vorlagen wir uns dergleichen nicht.
802 2976 1200 3114 Eschenb.
1229 3037 2951 3262 Schau die beden an. Und was sagst Du
808 3165 1176 3293 Frau K.
1198 3229 2951 3456 Bruder, dass morgen der alte Marquis
1249 3436 2938 3603 und seine Gattin bei mir erscheinen
1262 3630 1623 3797 sollen.
