6808 4360
6004 554 6208 745 272
3560 582 3865 808 (saal:
4085 701 5435 903 Vé. Was kann das bedeuten?
4051 871 6400 1050 Dagusan. Verzeihn Sie Herr Maruß, alle unsre Pläne
4450 1025 6359 1230 können zu Schanden werden, wenn Bonaparte
4456 1167 6246 1346 erfährt, dass wir überhaupt hier sind.
4403 1349 6318 1488 Ich glaube wir entfernen uns, eh derGeral
4406 1481 6353 1701 Überha entritt. Ich bitte insbesondre Sie,
3815 1469 4029 1657 let
4406 1661 6485 1799 Herr Vicomte, denken Sie an das Schicksal des
4400 1805 5397 1972 Herzogs von Anghien.
4469 1947 6262 2110 Ver es vorzieht zu gehn, entferne sih,
4044 1962 4233 2123 Vic
3592 2113 4186 2308 Neu, & ulla
4412 2107 6328 2302 ich erwarte mit dem Herrn Marquis was uns
3557 2205 4117 2409 meiner Hof
4450 2233 6447 2444 Herr General Rapp zu bringen hat. Vielleicht
3563 2343 4167 2513 mögel an
3664 2431 4079 2595 & aller it.
4397 2422 5479 2601 ist eine Antwort nötig.
3985 2689 6507 2931 General / tritt ein und verbeugt sich./ Herr Marquis.
4406 2897 6406 3092 ich danke Ihnen, dass Sie so freundlich sind
4397 3032 6328 3249 mich zu empfangen. Ich weiss nicht, ob Sie
4390 3208 6321 3340 sich meiner erinnern, als 814 wir uns das
4403 3302 6369 3510 letztemal sahne, war es am Hof des unglück
4419 3497 5123 3677 lichen Ludwig,
4217 3639 5994 3853 Marquis. Ja, damals sah ich auch Sie.
