3416 4200
2843 394 3022 653 102
1254 592 2809 842 Zwei junge Mädchen sind gekommen.
1297 779 3024 1009 Ah die Fräuln Poldi, wo ist denn die
845 811 1187 960 Frau F.
1184 989 1547 1164 Mutter?
1208 1136 3007 1406 Hahn Sie denn auch die Agathe gekannt.
848 1343 3048 1530 Poldi. Ich bin mit ihr in die Schul gegangen
860 1506 3171 1734 Zw. Mädch. Wie wird denn das eigentlich sein Her
1282 1676 3162 1909 Totengräber, wie wernds denn das machen!
1325 1906 1843 2070 Was denn!
871 1929 1248 2076 Totengr.
1268 2064 3174 2271 Sie haben doch einen Brief hinterlassen,
874 2128 1184 2288 Zw. M.
1291 2254 3019 2475 sie wollen gemeinschaftlich begraben
782 2326 1024 2472 fute
1305 2447 1656 2654 werden.
880 2605 2910 2829 Poldi. Liegens am End gar in einen Sarg?
888 2812 3194 2984 Frau F. Aber sie kommen ja in zwei ganz getrenn
1254 2993 1874 3200 ten Zügen.
926 3145 3171 3346 Totengr. / früher/ Wird schon gehn is noch immer
1251 3338 3165 3556 gegangen, mir is noch seiner auskommen
949 3533 3039 3758 Uralt H. Johann Nepomuk Birzel, 67 Jahr, ver
