6840 4488
6196 421 6405 615 148
4450 560 6470 843 dass einer im Spiegel kaum weiss, ob er sic
4597 772 5766 978 oder seinen Bnder sieht.
4391 803 6448 1110 ke konnte w -    wisste der stecke
4597 1042 4763 1132 P.S.
4468 1085 6024 1288 Nerina kommt mit den Federbällen.
4517 1255 6510 1445 Nun kommst Du endlich? Wo warst Du so lan
4111 1344 4406 1461 Julia.
4536 1411 6467 1587 Ist der Vicomte noch nicht da, noch immer
4542 1513 6651 1744 nicht? So lass uns spielen, lass und spielend
4505 1737 5117 1931 (Sie spielen)
4542 1879 5873 2076 Die Marquise kommt. Julie!
4551 2109 5049 2229 Ja Mutter.
4130 2140 4456 2251 Julia.
4649 2128 6608 2368 Julia.. heute morgens begruben sie Deinen
4136 2285 4573 2411 Marquise.
4545 2429 4929 2549 Bruder...
4585 2494 6436 2697 Ja und es ist schon, als wär er hundert
5434 2614 5803 2724 no ht nak
4167 2565 4450 2715 Julia.
4591 2654 6691 2847 Jahre lang begraben. Ihm ists gewiss das gleich-
4609 2749 6682 3020 che Muter, warum nicht uns auch? Er bedenkt
4643 2955 6544 3152 nicht an mich. So will ich auch nicht an
4609 3072 6301 3312 ihn denken. Bist Du mir böse Bruder.
4204 3287 5344 3493 Marquise. Juli, Julie...
4207 3419 6682 3650 Julia. Und denke nur Mutter, was taten unsere Gross
4582 3545 6534 3801 müitter und unsere Urgrossmütter, als ihre
