6808 4536
615 736 2110 996 erreichnet ist ist.
579 937 768 1123 G.H.F.P.
886 940 2116 1149 e.saiew redole nam meh nov
742 1096 2302 1274 e, nenles 3 immer ausl koss baedA
511 1280 2255 1442 ausz [?] geb ni ne nnew ons hiebeiid
1256 1421 2358 1619 Wai negenwendig? Die
443 1528 2402 1764 xxxsnniss ente bnægni..xxisw ldow fai sed
1557 1726 2311 1936 des zesenden am
473 1817 2394 2080 sasb.Jesiw rommi unedeginew neh nae W
423 2048 2314 2216 I.rennA 3.3.0 dos,Jai gew nedm. menie in¬
567 2145 2411 2343 nie J.B.d. Noi.wesend JnoIaffelv uäw es
541 2305 2391 2500 Todf aaB,Jirx bniv vand,nenxxxx
564 2450 2281 2668 nemie rhew TodA..Mood ne10 xxx
411 2603 2323 2801 aubzubak ved eiw dai Jänenosen Tenie nozio
452 2730 2027 2985 adraz enie hs nedel niee xxx m
393 2905 2021 3180 nedod nie anedepinew ae Jlios og.ne
6049 523 6247 683 159
4102 573 4935 821 Eschenb. (Kommt.)
5127 632 5484 813 Touny
4589 697 6321 946 Guten Tag Schwester, guten Tag Anna.
4122 795 4512 972 Eschenb:
4536 892 5987 1076 Guten Tag, Herr Eschenbacher. -
4128 922 4397 1079 Anna.
4545 1034 6525 1253 Grüss Gott Jakob, was führt Dich her zu so
4125 1087 4462 1300 Frau K.
4598 1215 5443 1377 ungewohnter Stunde.
4592 1333 5943 1548 Ist der Medardus nicht dheim?
4113 1371 4506 1563 Eschenb.
4542 1480 6368 1711 Noch nicht. Aber er muss bald da sein.
4099 1548 4483 1714 Frau K.
4084 1640 6380 1826 Eschenb. Ich dachte mir, ich treffe ihn jetzt am
4548 1794 5473 2003 ehesten. Eneussert
4533 1924 6389 2163 Was ists mit ihm? Was wollen Sie von Me
4128 2003 4379 2204 Anna.
4548 2134 4914 2302 dardus.
4601 2261 6513 2444 O Fräulein Anna keine Angst, ich hab ihm
4128 2269 4530 2456 Eschenb.
4539 2399 6536 2621 nur etwas zu bestellen vom Kommandanten des
4548 2586 5130 2739 Bürgermiliz.
4565 2654 6492 2860 Was will der von ihm. Und was hast Du bei
4125 2748 4480 2878 Frau K.
4592 2846 5804 3038 dem zu tun gehabt Bruder?
4116 2937 6492 3233 Eschenb, Ich, nun das ist ganz einfach. Ich hab
4554 3183 6022 3360 mich eben zum Dienst gemeldet.
4137 3339 4693 3519 Frau K. Du?
5638 3407 6028 3531 newile.
4122 3496 6498 3655 Eschenb. Du hast doch wohl den Aufruf gelesen den
4533 3590 6451 3809 Ich hat wird ehe in Neustgenam¬
