6792 4440
6379 424 6639 702 12 9
4423 663 6468 872 ders kommen, Wir wollen nicht zu früh froh
4413 835 6358 1050 locken. Es kann auch anders kommen. / auf
4410 998 6494 1236 und ab/ wie lang ists her, dass wir wieder zu
4365 1205 4918 1375 Hause sind?
4457 1330 5465 1521 Eine Stunde Fräulein.
5148 1325 6102 1616 No Was sei in Jas!
3999 1370 4350 1571 Nerina.
4389 1535 6492 1773 Eine Stunde erst. (Ich sag Dr was Nerna.) Hole
3988 1592 4313 1726 Julia.
4478 1762 6076 1912 die Federbälle wir wollen spielen.
4478 1901 5586 2045 Heute, jetzt.. Fräulein!
4015 1917 4360 2043 Nerina.
4431 2006 6385 2197 Warum nicht. Man muss doch irgendwie die
4025 2074 4313 2213 Julia.
4386 2218 6411 2396 Zeit hinbringen. Sollen wir trauern? Sollen
4394 2328 6374 2517 wir warten? Es wird nicht anders. Nichts
4386 2477 6330 2682 wird anders, ob wir nun Ball spielen oder
4520 2634 6392 2805 hicht. Wer kommt drt? / sie wendet sich
5128 2784 5748 2964 Sd. hin net
4407 2802 4910 3046 nicht um.
4483 2980 6466 3192 Der Doktor Assalagny. Er kommt auf uns zu,
4043 3019 4397 3174 Nerina.
4038 3142 5371 3336 Julia. Hole die Bälle, geh.
4164 3412 4405 3601 cauli
