3416 4296
2643 472 2785 585 331
945 482 3000 740 Zeit noch erlaubt in den nächsten Tagen als
1041 664 2897 866 Kunde bei Ihnen zu erschei ne. Zu denen,
202 667 681 839 Es hauell in
205 803 760 955 Whrs - nie gar
1014 809 2917 1031 die an Franzosen nicht verkaufen,gehören
178 918 681 1061 menr i e
175 978 846 1186 Abm Sheambel
882 991 2901 1186 Sie wohl nicht. Es freut mich, dass ich un
928 1166 2868 1345 verrichteter Dinge gehn X kann. Habe die
1004 1302 1896 1516 Ehre meine Herren.
1725 1447 2901 1692 Sie kart hele uit gefunde.
505 1457 1748 1721 Ein Korporal kommt herauf-
975 1645 3072 1807 Herr Leutnant, ich beeile mich Ihnen die Mel
469 1715 895 1817 Korporal.
1893 1758 2679 1853 ne -u des aînés
945 1787 3086 2002 dung zu bringten, dass sich in dem uns bezeich
1037 1943 3053 2151 neten Hause die verbotenen Karten gefunden
991 2180 1295 2303 haben.
1044 2273 1622 2475 Wo sind sie:
525 2342 965 2458 Leutnant.
1586 2418 1784 2501 moi
1004 2392 3119 2600 Ich habe sie hierher bringen lassen. Sie lie
529 2484 958 2613 Korporal.
1011 2570 3168 2775 gen auf dem Tisch im Laden. Es sind drei Exemy
1014 2742 1814 2930 plare. Wir haben
1064 2851 2686 3106 Sie fanden sie im Hause selbst?
532 2950 1014 3132 Le utnant.
539 3082 3195 3244 Korporal. Nein, doch habe ich nach den uns zugekommenen
1100 3224 3135 3423 Informationen die Untersuchung weiter ausge-
2689 3343 2914 3436 auss
1021 3373 3152 3561 dehnt und die drei Bücher in einem vertrockne
1021 3565 3115 3733 ten Brunnen unter Steinen vorgefunden. Drei
