3320 4184
2562 381 2732 520 377.
2553 534 2786 684 Sehr
1068 528 2485 804 Wie sollen sie denn ausschaun.
596 599 951 770 Föderl.
1045 693 3019 971 günstig werden die Friedensbedingungen fün
1082 920 1809 1119 uns nicht sein.
616 1011 2902 1267 zwe. Bürger. Es ist doch alles besser, wie wenn
1105 1224 2476 1403 der Krieg noch weiter dauert.
648 1372 2866 1656 Ein älterer Mann: Mir is egal, mir kann nichts
1110 1525 3036 1718 mehr geschehn. Zwei Söhne hab ich g habt,
1125 1687 2922 1908 der eine ist tot, den andern haben sie
1122 1863 2235 2082 zum Krüppel geschossen.
1133 2139 2854 2383 Medardus, es gibt hier weiter nichts
673 2195 1022 2354 Etzelt,
1102 2312 3005 2505 mehr zu erfahren, komm, wir wollen einen
1153 2442 3036 2670 Spaziergang machen. Es ist so schön. Es
1162 2604 3090 2831 sen wir irgendwo und gehn wir dann weiter
1159 2792 2874 3013 hinaus nach Hütteldorf in den Wald.
1181 2956 3036 3161 Ich habe keine rechte Luft im Wald spa
710 2965 1074 3135 Medard.
1187 3124 1917 3317 zieren zu gehn.
1187 3252 2681 3465 So gehn wir in die Stadt zurück
713 3323 1071 3448 Etzelt.
1196 3405 2962 3658 Ich bleibe lieber hier. Es zerstreut
724 3499 1071 3632 Medard.
1196 3570 3110 3794 mich, das Getriebe anzuschn. Auch wird
