<?xml version="1.0" encoding="UTF-8" standalone="yes"?>
<PcGts xmlns="http://schema.primaresearch.org/PAGE/gts/pagecontent/2013-07-15" xmlns:xsi="http://www.w3.org/2001/XMLSchema-instance" xsi:schemaLocation="http://schema.primaresearch.org/PAGE/gts/pagecontent/2013-07-15 http://schema.primaresearch.org/PAGE/gts/pagecontent/2013-07-15/pagecontent.xsd">
    <Metadata>
        <Creator>prov=READ-COOP:name=TrHtr:version=2.1.0:model_id=51170:date=25_07_2023_14:53</Creator>
        <Created>2023-05-10T12:16:49.524+02:00</Created>
        <LastChange>2023-07-25T14:53:23.278+02:00</LastChange>
        <TranskribusMetadata docId="1428191" pageId="55402035" pageNr="361" tsid="130688018" status="IN_PROGRESS" userId="64420" imgUrl="https://files.transkribus.eu/Get?id=RNWNTZJZZLKZMSVBFKWHKLII&amp;fileType=view" xmlUrl="https://files.transkribus.eu/Get?id=WJRRQBNSITWEMZPAVQBYFART" imageId="44676857"/>
    </Metadata>
    <Page imageFilename="1428191_0361.jpg" imageWidth="6760" imageHeight="4328">
        <ReadingOrder>
            <OrderedGroup id="ro_1711797860353" caption="Regions reading order">
                <RegionRefIndexed index="0" regionRef="tr_2"/>
                <RegionRefIndexed index="1" regionRef="tr_1"/>
            </OrderedGroup>
        </ReadingOrder>
        <TextRegion id="tr_2" custom="readingOrder {index:0;}">
            <Coords points="513,761 1695,761 1695,3806 513,3806"/>
            <TextLine id="tr_2_tl_1" custom="readingOrder {index:0;}">
                <Coords points="768,860 838,863 863,888 970,860 1052,895 1082,928 1110,920 1152,943 1214,930 1219,733 998,713 948,738 903,711 771,748"/>
                <Baseline points="782,817 865,823 955,823 1044,817 1134,817 1223,811"/>
                <TextEquiv>
                    <Unicode>G.C.F.W.F</Unicode>
                </TextEquiv>
            </TextLine>
            <TextLine id="tr_2_tl_2" custom="readingOrder {index:1;}">
                <Coords points="798,1167 835,1177 880,1162 918,1175 945,1150 998,1167 1112,1132 1152,1152 1155,1035 1130,1047 1082,1012 1030,1015 1012,1000 970,1017 958,1005 913,1015 860,993 800,995"/>
                <Baseline points="811,1140 901,1140 990,1140 1080,1134 1158,1140"/>
                <TextEquiv>
                    <Unicode>G.H.F.P.</Unicode>
                </TextEquiv>
            </TextLine>
            <TextLine id="tr_2_tl_3" custom="readingOrder {index:2;}">
                <Coords points="496,1362 561,1344 586,1364 651,1332 728,1367 761,1337 883,1327 1145,1372 1229,1344 1232,1234 1082,1217 1012,1252 938,1247 748,1182 611,1227 499,1227"/>
                <Baseline points="513,1307 519,1307 608,1301 698,1301 787,1301 877,1295 967,1295 1056,1289 1146,1289 1235,1289"/>
                <TextEquiv>
                    <Unicode>xxx.Begnægner</Unicode>
                </TextEquiv>
            </TextLine>
            <TextLine id="tr_2_tl_4" custom="readingOrder {index:3;}">
                <Coords points="521,1509 623,1544 843,1536 1017,1461 1247,1469 1249,1364 1214,1354 960,1389 913,1421 850,1379 786,1396 703,1359 661,1382 526,1342"/>
                <Baseline points="537,1462 626,1456 716,1456 805,1450 895,1450 984,1450 1074,1450 1164,1444 1253,1438"/>
                <TextEquiv>
                    <Unicode>reprisé un r oe</Unicode>
                </TextEquiv>
            </TextLine>
            <TextLine id="tr_2_tl_5" custom="readingOrder {index:4;}">
                <Coords points="1062,1678 1085,1678 1115,1661 1140,1668 1185,1643 1232,1651 1239,1464 1195,1464 1185,1454 1125,1474 1095,1459 1072,1464"/>
                <Baseline points="1080,1605 1152,1605 1241,1599"/>
                <TextEquiv>
                    <Unicode>es</Unicode>
                </TextEquiv>
            </TextLine>
            <TextLine id="tr_2_tl_6" custom="readingOrder {index:5;}">
                <Coords points="636,1683 693,1701 813,1628 895,1643 930,1623 990,1618 993,1539 958,1529 855,1556 820,1541 771,1554 723,1531 638,1544"/>
                <Baseline points="650,1611 728,1611 817,1611 907,1605 996,1605"/>
                <TextEquiv>
                    <Unicode>G.H.F.P.</Unicode>
                </TextEquiv>
            </TextLine>
            <TextLine id="tr_2_tl_7" custom="readingOrder {index:6;}">
                <Coords points="880,1786 928,1771 1007,1810 1299,1763 1459,1805 1466,1648 1406,1631 1177,1676 1055,1643 888,1636"/>
                <Baseline points="895,1767 931,1767 1020,1761 1110,1767 1199,1761 1289,1755 1378,1743 1468,1743"/>
                <TextEquiv>
                    <Unicode>e oe ee</Unicode>
                </TextEquiv>
            </TextLine>
            <TextLine id="tr_2_tl_8" custom="readingOrder {index:7;}">
                <Coords points="1324,2835 1401,2830 1434,2848 1461,2833 1526,2875 1586,2853 1636,2860 1638,2693 1576,2721 1561,2708 1524,2718 1504,2736 1494,2723 1454,2733 1387,2723 1359,2696 1327,2696"/>
                <Baseline points="1337,2823 1373,2817 1462,2823 1552,2817 1641,2811"/>
                <TextEquiv>
                    <Unicode>neViei</Unicode>
                </TextEquiv>
            </TextLine>
            <TextLine id="tr_2_tl_9" custom="readingOrder {index:8;}">
                <Coords points="970,3691 1032,3701 1087,3666 1125,3683 1212,3646 1322,3701 1379,3683 1411,3693 1416,3524 1359,3551 1232,3544 1214,3529 1185,3546 1150,3519 1062,3544 973,3534"/>
                <Baseline points="984,3623 1062,3617 1152,3623 1241,3617 1331,3611 1420,3611"/>
                <TextEquiv>
                    <Unicode>dixx2t. men</Unicode>
                </TextEquiv>
            </TextLine>
            <TextLine id="tr_2_tl_10" custom="readingOrder {index:9;}">
                <Coords points="661,3838 813,3870 953,3818 1107,3865 1362,3781 1688,3781 1691,3706 1504,3691 1436,3728 1379,3683 1087,3663 1022,3701 960,3671 663,3736"/>
                <Baseline points="674,3790 710,3796 799,3796 889,3790 979,3790 1068,3778 1158,3784 1247,3778 1337,3778 1426,3772 1516,3766 1605,3766 1695,3754"/>
                <TextEquiv>
                    <Unicode>Kosaoja sieH ani  doio</Unicode>
                </TextEquiv>
            </TextLine>
        </TextRegion>
        <TextRegion id="tr_1" custom="readingOrder {index:1;}">
            <Coords points="3677,487 6500,487 6500,3711 3677,3711"/>
            <TextLine id="tr_1_tl_1" custom="readingOrder {index:0;}">
                <Coords points="6189,551 6232,556 6242,564 6249,559 6262,569 6274,561 6322,569 6349,549 6362,551 6367,456 6332,446 6307,459 6267,439 6257,446 6232,436 6212,444 6197,441"/>
                <Baseline points="6202,549 6280,543 6369,537"/>
                <TextEquiv>
                    <Unicode>286</Unicode>
                </TextEquiv>
            </TextLine>
            <TextLine id="tr_1_tl_2" custom="readingOrder {index:1;}">
                <Coords points="4451,751 6399,718 6401,621 6075,561 4456,579"/>
                <Baseline points="4465,740 4524,746 4614,746 4704,740 4793,740 4883,740 4972,740 5062,734 5151,734 5241,728 5330,728 5420,728 5509,722 5599,722 5689,722 5778,716 5868,710 5957,710 6047,710 6136,710 6226,704 6315,704 6405,704"/>
                <TextEquiv>
                    <Unicode>wolte und dann merkte, dass er eine Leiche</Unicode>
                </TextEquiv>
            </TextLine>
            <TextLine id="tr_1_tl_3" custom="readingOrder {index:2;}">
                <Coords points="4464,930 6165,908 6396,888 6399,776 4464,855"/>
                <Baseline points="4477,895 4524,901 4614,895 4704,895 4793,895 4883,895 4972,889 5062,889 5151,889 5241,883 5330,883 5420,877 5509,877 5599,877 5689,877 5778,871 5868,871 5957,865 6047,865 6136,859 6226,859 6315,859 6405,847"/>
                <TextEquiv>
                    <Unicode>umgebracht hat. Oder von einem, der sich</Unicode>
                </TextEquiv>
            </TextLine>
            <TextLine id="tr_1_tl_4" custom="readingOrder {index:3;}">
                <Coords points="4456,1100 5057,1042 6347,1067 6444,1057 6449,955 5948,905 5249,995 4459,983"/>
                <Baseline points="4471,1062 4483,1056 4572,1056 4662,1056 4751,1056 4841,1050 4930,1050 5020,1044 5110,1038 5199,1038 5289,1038 5378,1032 5468,1032 5557,1026 5647,1026 5736,1026 5826,1026 5915,1020 6005,1020 6095,1014 6184,1014 6274,1014 6363,1008 6453,1002"/>
                <TextEquiv>
                    <Unicode>in eine wild bewegte Flut hinabstürzte, u</Unicode>
                </TextEquiv>
            </TextLine>
            <TextLine id="tr_1_tl_5" custom="readingOrder {index:4;}">
                <Coords points="4464,1227 6409,1227 6414,1062 6137,1045 5970,1132 5616,1152 4466,1157"/>
                <Baseline points="4477,1211 4536,1211 4626,1211 4716,1211 4805,1205 4895,1205 4984,1199 5074,1199 5163,1199 5253,1193 5342,1193 5432,1193 5521,1187 5611,1181 5701,1181 5790,1181 5880,1176 5969,1176 6059,1176 6148,1170 6238,1170 6327,1170 6417,1158"/>
                <TextEquiv>
                    <Unicode>sich zu ersäufen und als er herunterkam,</Unicode>
                </TextEquiv>
            </TextLine>
            <TextLine id="tr_1_tl_6" custom="readingOrder {index:5;}">
                <Coords points="4464,1389 5940,1337 6282,1389 6334,1269 6107,1282 5997,1219 5875,1287 4466,1312"/>
                <Baseline points="4477,1355 4548,1361 4638,1361 4727,1361 4817,1361 4907,1355 4996,1355 5086,1349 5175,1349 5265,1349 5354,1343 5444,1343 5533,1343 5623,1337 5712,1337 5802,1331 5892,1331 5981,1325 6071,1325 6160,1325 6250,1325 6339,1313"/>
                <TextEquiv>
                    <Unicode>war es ein seichtes Wässerlein. Oder die</Unicode>
                </TextEquiv>
            </TextLine>
            <TextLine id="tr_1_tl_7" custom="readingOrder {index:6;}">
                <Coords points="4464,1549 6279,1531 6464,1476 6466,1377 6209,1446 4466,1466"/>
                <Baseline points="4477,1516 4501,1516 4590,1516 4680,1516 4769,1510 4859,1510 4948,1504 5038,1510 5127,1510 5217,1504 5307,1504 5396,1504 5486,1498 5575,1498 5665,1492 5754,1492 5844,1486 5933,1486 6023,1486 6112,1480 6202,1480 6292,1474 6381,1474 6471,1468"/>
                <TextEquiv>
                    <Unicode>Geschichte von einem, der sich vermasse ein</Unicode>
                </TextEquiv>
            </TextLine>
            <TextLine id="tr_1_tl_8" custom="readingOrder {index:7;}">
                <Coords points="4511,1696 6267,1676 6269,1603 4514,1611"/>
                <Baseline points="4524,1671 4572,1671 4662,1671 4751,1671 4841,1665 4930,1665 5020,1665 5110,1659 5199,1659 5289,1653 5378,1653 5468,1653 5557,1647 5647,1647 5736,1647 5826,1641 5915,1641 6005,1635 6095,1635 6184,1635 6274,1635"/>
                <TextEquiv>
                    <Unicode>Zentnergewicht in die Höhe zu stemmen,</Unicode>
                </TextEquiv>
            </TextLine>
            <TextLine id="tr_1_tl_9" custom="readingOrder {index:8;}">
                <Coords points="4479,1858 6045,1796 6362,1848 6364,1751 4481,1786"/>
                <Baseline points="4495,1832 4578,1832 4668,1826 4757,1826 4847,1826 4936,1820 5026,1820 5115,1820 5205,1814 5295,1814 5384,1814 5474,1808 5563,1808 5653,1796 5742,1796 5832,1796 5921,1796 6011,1796 6100,1790 6190,1790 6280,1784 6369,1778"/>
                <TextEquiv>
                    <Unicode>und dann war es so leicht, dass er rück</Unicode>
                </TextEquiv>
            </TextLine>
            <TextLine id="tr_1_tl_10" custom="readingOrder {index:9;}">
                <Coords points="4426,2002 6237,1983 6239,1890 4638,1950 4429,1905"/>
                <Baseline points="4441,1993 4453,1993 4542,1993 4632,1987 4721,1987 4811,1987 4901,1981 4990,1981 5080,1975 5169,1975 5259,1975 5348,1975 5438,1969 5527,1969 5617,1964 5706,1964 5796,1958 5886,1958 5975,1958 6065,1952 6154,1952 6244,1946"/>
                <TextEquiv>
                    <Unicode> links hinfiel und sich das Genick bach.</Unicode>
                </TextEquiv>
            </TextLine>
            <TextLine id="tr_1_tl_11" custom="readingOrder {index:10;}">
                <Coords points="4494,2150 6264,2130 6282,2045 4494,2065"/>
                <Baseline points="4507,2137 4584,2143 4674,2137 4763,2137 4853,2131 4942,2131 5032,2131 5121,2131 5211,2125 5301,2125 5390,2125 5480,2119 5569,2119 5659,2113 5748,2113 5838,2113 5927,2107 6017,2107 6106,2107 6196,2101 6286,2101"/>
                <TextEquiv>
                    <Unicode>Tause (nd. Geschichten nur diemene nicht,</Unicode>
                </TextEquiv>
            </TextLine>
            <TextLine id="tr_1_tl_12" custom="readingOrder {index:11;}">
                <Coords points="4444,2324 6180,2292 6332,2274 6334,2204 4446,2237"/>
                <Baseline points="4459,2298 4548,2304 4638,2304 4727,2298 4817,2298 4907,2292 4996,2292 5086,2286 5175,2286 5265,2280 5354,2280 5444,2280 5533,2274 5623,2274 5712,2274 5802,2268 5892,2268 5981,2262 6071,2262 6160,2268 6250,2256 6339,2256"/>
                <TextEquiv>
                    <Unicode>weil sie die tollste und unglaubwürdigste</Unicode>
                </TextEquiv>
            </TextLine>
            <TextLine id="tr_1_tl_13" custom="readingOrder {index:12;}">
                <Coords points="3773,2387 3803,2399 3838,2384 3928,2439 3975,2426 4007,2394 4065,2414 4127,2377 4194,2404 4204,2249 4142,2277 4107,2279 4082,2259 4037,2282 3997,2272 3915,2304 3870,2264 3781,2257"/>
                <Baseline points="3790,2381 3844,2375 3934,2375 4023,2369 4113,2363 4202,2358"/>
                <TextEquiv>
                    <Unicode>Iit ull de</Unicode>
                </TextEquiv>
            </TextLine>
            <TextLine id="tr_1_tl_14" custom="readingOrder {index:13;}">
                <Coords points="4446,2479 6227,2439 6297,2424 6299,2357 4449,2399"/>
                <Baseline points="4459,2453 4513,2453 4602,2453 4692,2453 4781,2453 4871,2447 4960,2447 5050,2447 5139,2441 5229,2441 5318,2435 5408,2435 5498,2435 5587,2429 5677,2429 5766,2429 5856,2423 5945,2417 6035,2417 6124,2411 6214,2411 6303,2405"/>
                <TextEquiv>
                    <Unicode>wäre. Es wollte einer ein Held sein oder</Unicode>
                </TextEquiv>
            </TextLine>
            <TextLine id="tr_1_tl_15" custom="readingOrder {index:14;}">
                <Coords points="3666,2598 3825,2564 3900,2569 4000,2511 4060,2521 4214,2499 4222,2416 4090,2392 4042,2419 3940,2431 3860,2486 3810,2474 3783,2496 3681,2461"/>
                <Baseline points="3689,2525 3772,2525 3862,2519 3951,2513 4041,2501 4131,2483 4220,2477"/>
                <TextEquiv>
                    <Unicode>ein geschied</Unicode>
                </TextEquiv>
            </TextLine>
            <TextLine id="tr_1_tl_16" custom="readingOrder {index:15;}">
                <Coords points="4494,2631 6322,2591 6416,2516 4496,2554"/>
                <Baseline points="4507,2614 4536,2614 4626,2614 4716,2608 4805,2608 4895,2602 4984,2602 5074,2602 5163,2602 5253,2596 5342,2596 5432,2590 5521,2590 5611,2584 5701,2584 5790,2578 5880,2578 5969,2578 6059,2572 6148,2572 6238,2566 6327,2560 6417,2555"/>
                <TextEquiv>
                    <Unicode>ein Schuft und nun tritt er auf die Sce-</Unicode>
                </TextEquiv>
            </TextLine>
            <TextLine id="tr_1_tl_17" custom="readingOrder {index:16;}">
                <Coords points="3803,2706 3853,2713 3915,2678 4022,2643 4040,2658 4097,2626 4127,2648 4219,2638 4234,2534 4172,2544 4122,2514 4082,2511 4017,2534 3992,2524 3955,2549 3940,2536 3870,2574 3823,2571"/>
                <Baseline points="3826,2638 3874,2638 3963,2626 4053,2614 4142,2602 4232,2584"/>
                <TextEquiv>
                    <Unicode>ersatte.</Unicode>
                </TextEquiv>
            </TextLine>
            <TextLine id="tr_1_tl_18" custom="readingOrder {index:17;}">
                <Coords points="4888,2706 4910,2706 4918,2713 4943,2706 4973,2713 4990,2701 5002,2713 5055,2711 5055,2626 5027,2628 5015,2616 5000,2621 4970,2611 4955,2626 4938,2616 4915,2626 4888,2623"/>
                <Baseline points="4901,2692 4990,2692 5062,2692"/>
                <TextEquiv>
                    <Unicode>will</Unicode>
                </TextEquiv>
            </TextLine>
            <TextLine id="tr_1_tl_19" custom="readingOrder {index:18;}">
                <Coords points="4499,2791 6222,2766 6394,2736 6396,2661 4501,2698"/>
                <Baseline points="4513,2763 4519,2763 4608,2763 4698,2763 4787,2763 4877,2763 4966,2763 5056,2757 5145,2752 5235,2752 5324,2752 5414,2746 5504,2746 5593,2740 5683,2740 5772,2740 5862,2734 5951,2734 6041,2728 6130,2728 6220,2722 6309,2722 6399,2716"/>
                <TextEquiv>
                    <Unicode>ne und platzt in ein fertiges Stück hin -</Unicode>
                </TextEquiv>
            </TextLine>
            <TextLine id="tr_1_tl_20" custom="readingOrder {index:19;}">
                <Coords points="3661,2858 3776,2833 3823,2800 3870,2818 3960,2798 3990,2823 4055,2808 4097,2830 4167,2795 4219,2813 4279,2793 4279,2748 4242,2736 4167,2728 4137,2756 4072,2751 4040,2723 3965,2743 3860,2731 3813,2678 3756,2701 3721,2678 3663,2708"/>
                <Baseline points="3677,2793 3748,2799 3838,2793 3928,2793 4017,2787 4107,2787 4196,2787 4286,2781"/>
                <TextEquiv>
                    <Unicode>Ich was ein mit ein</Unicode>
                </TextEquiv>
            </TextLine>
            <TextLine id="tr_1_tl_21" custom="readingOrder {index:20;}">
                <Coords points="3703,2913 3825,2930 3865,2903 3925,2923 3980,2900 4007,2930 4080,2898 4100,2913 4127,2895 4187,2908 4244,2895 4244,2860 4204,2863 4160,2828 4115,2838 4055,2810 3992,2825 3960,2800 3855,2808 3761,2850 3708,2833"/>
                <Baseline points="3719,2901 3802,2901 3892,2895 3981,2895 4071,2889 4160,2889 4250,2877"/>
                <TextEquiv>
                    <Unicode>juge... apel den</Unicode>
                </TextEquiv>
            </TextLine>
            <TextLine id="tr_1_tl_22" custom="readingOrder {index:21;}">
                <Coords points="4506,2930 6349,2913 6414,2815 6135,2748 5935,2855 4506,2865"/>
                <Baseline points="4519,2925 4536,2925 4626,2925 4716,2925 4805,2919 4895,2919 4984,2913 5074,2907 5163,2907 5253,2901 5342,2901 5432,2901 5521,2895 5611,2895 5701,2889 5790,2889 5880,2889 5969,2889 6059,2883 6148,2883 6238,2883 6327,2877 6417,2877"/>
                <TextEquiv>
                    <Unicode>ein, und spielt den Hanswurst., ohne es</Unicode>
                </TextEquiv>
            </TextLine>
            <TextLine id="tr_1_tl_23" custom="readingOrder {index:22;}">
                <Coords points="4494,3110 6212,3085 6344,3047 6347,2960 4496,3017"/>
                <Baseline points="4507,3068 4560,3074 4650,3074 4739,3074 4829,3074 4918,3074 5008,3068 5098,3068 5187,3062 5277,3056 5366,3056 5456,3050 5545,3050 5635,3050 5724,3050 5814,3044 5903,3044 5993,3038 6083,3038 6172,3038 6262,3032 6351,3032"/>
                <TextEquiv>
                    <Unicode>zu erken. Geht ab als der Hanswurst und</Unicode>
                </TextEquiv>
            </TextLine>
            <TextLine id="tr_1_tl_24" custom="readingOrder {index:23;}">
                <Coords points="3756,3192 3853,3187 3890,3162 3933,3177 3980,3165 4037,3190 4117,3187 4127,3037 4097,3050 4062,3042 4002,3080 3970,3080 3933,3050 3878,3060 3860,3047 3830,3070 3766,3060"/>
                <Baseline points="3772,3151 3856,3151 3945,3146 4035,3140 4125,3128"/>
                <TextEquiv>
                    <Unicode>Under her</Unicode>
                </TextEquiv>
            </TextLine>
            <TextLine id="tr_1_tl_25" custom="readingOrder {index:24;}">
                <Coords points="4496,3282 6017,3239 6419,3194 6419,3127 5369,3185 4808,3132 4499,3192"/>
                <Baseline points="4513,3235 4542,3235 4632,3235 4721,3235 4811,3229 4901,3229 4990,3229 5080,3229 5169,3223 5259,3217 5348,3217 5438,3211 5527,3211 5617,3211 5706,3205 5796,3205 5886,3199 5975,3199 6065,3199 6154,3193 6244,3193 6333,3193 6423,3187"/>
                <TextEquiv>
                    <Unicode>die andern agieren weder. Es war nur ei-</Unicode>
                </TextEquiv>
            </TextLine>
            <TextLine id="tr_1_tl_26" custom="readingOrder {index:25;}">
                <Coords points="3771,3317 3818,3312 3868,3339 3890,3324 3908,3342 3997,3344 4020,3180 3997,3180 3990,3167 3933,3177 3910,3165 3873,3172 3855,3187 3790,3180"/>
                <Baseline points="3796,3241 3844,3241 3934,3229 4023,3211"/>
                <TextEquiv>
                    <Unicode>M A</Unicode>
                </TextEquiv>
            </TextLine>
            <TextLine id="tr_1_tl_27" custom="readingOrder {index:26;}">
                <Coords points="4499,3399 4900,3436 5456,3379 5539,3436 5903,3367 6067,3434 6242,3392 6247,3227 5903,3244 5733,3347 5279,3294 4501,3322"/>
                <Baseline points="4513,3384 4548,3390 4638,3396 4727,3390 4817,3390 4907,3384 4996,3378 5086,3378 5175,3378 5265,3372 5354,3372 5444,3366 5533,3366 5623,3366 5712,3366 5802,3366 5892,3360 5981,3360 6071,3354 6160,3354 6250,3354"/>
                <TextEquiv>
                    <Unicode>ne lustige Unterbrechung.. Hörst Du,</Unicode>
                </TextEquiv>
            </TextLine>
            <TextLine id="tr_1_tl_28" custom="readingOrder {index:27;}">
                <Coords points="4511,3571 6391,3549 6491,3536 6494,3459 6247,3404 5880,3481 5606,3429 5000,3471 4516,3399"/>
                <Baseline points="4524,3551 4530,3545 4620,3545 4710,3551 4799,3551 4889,3545 4978,3540 5068,3540 5157,3534 5247,3528 5336,3528 5426,3522 5515,3522 5605,3522 5695,3522 5784,3516 5874,3516 5963,3510 6053,3510 6142,3510 6232,3504 6321,3510 6411,3504 6500,3498"/>
                <TextEquiv>
                    <Unicode>Ezelt, da draussen maschieren die Regimen -</Unicode>
                </TextEquiv>
            </TextLine>
            <TextLine id="tr_1_tl_29" custom="readingOrder {index:28;}">
                <Coords points="4551,3733 5007,3758 5616,3683 5858,3748 6299,3701 6304,3566 4554,3596"/>
                <Baseline points="4566,3701 4608,3701 4698,3701 4787,3701 4877,3695 4966,3695 5056,3689 5145,3689 5235,3689 5324,3683 5414,3683 5504,3677 5593,3677 5683,3671 5772,3671 5862,3665 5951,3665 6041,3665 6130,3659 6220,3659 6309,3653"/>
                <TextEquiv>
                    <Unicode>ter Napoleons vorbi. Lass mich ein Ge-</Unicode>
                </TextEquiv>
            </TextLine>
        </TextRegion>
    </Page>
</PcGts>
