3160 4120
2341 327 2524 481 366
678 470 2662 748 genommen, die Bürger von Wien wallfahrten.
678 634 2773 883 Sie werden nicht wallfahrten. Das Grab wird
1801 753 2457 886 de pelman sallé
213 759 570 956 Frau K.
794 767 2851 1042 bald vergessen werden. Er war ja kein Held,
740 983 1887 1196 der vor dem Feinde fiel.
705 1188 1393 1372 Ein grösserer.
246 1215 572 1458 Berger
726 1280 2552 1544 Gehn wir heim Frau Klaehr, es ist Zeit.
208 1426 554 1542 Etzelt.
740 1442 2848 1677 Warum Freund Etzelt.? Es ist eine so schöne
270 1512 616 1696 Frauw.
726 1582 2768 1817 Nacht Und gibt es einen bessern Platz für
702 1725 2878 1971 mich als den? Hier liegt alles, was mir teuer
753 1917 2889 2146 war. Hier liegt mein Mann, meine Tochter Wein
759 2149 1120 2319 Bruder
767 2271 2060 2462 Du hast einen Sohn, Mutter.
313 2336 653 2481 Medard
761 2414 2719 2649 Hab ich i nen Sohn? Ja so wie Wien seine
284 2533 691 2670 Frau k. k.
791 2484 2789 2784 Bürger hat. Aber wir rufen beide, wo seit
759 2797 972 2940 Ihr.
799 2857 2848 3094 Es kommt bald eine bessere Zeit, der Friede
308 2975 648 3154 Etzelt.
780 3094 1477 3294 soll nahe sein
861 3175 3013 3383 Eine bessere? Von einem schmählichen Frieden
370 3305 710 3488 Frau K.
880 3294 2908 3607 zum andern das ist unser Weg. Ist es zu fas
807 3521 2762 3710 sen? Ich begreife die Welt nicht. Spüren
