3080 4056
2592 393 2758 547 395
821 481 2496 688 geblieben wärst ihn zu täten. Du ge
884 678 2763 826 fällst D ir in einer Rolle Du bist nicht
874 798 2786 1002 ehrlich. Du hassest ihn gar nicht, ja Du
879 995 2899 1146 glaubst es nicht einmal, Du willst nur ster
1645 1093 1992 1194 is not in
924 1156 2826 1300 ben. Bedenke, Du stürbest einen falschen
884 1307 1126 1453 tod.
889 1426 2793 1630 Schmähn Sie ihn nicht Etzelt. Sie kennen
416 1473 758 1650 Frau K.
849 1607 1398 1783 ,ihn nicht.
1912 1700 2549 1975 in the rod
884 1902 2811 2058 Ich habe Dr. Majestät Mitteilung gemacht.
421 1942 662 2146 Rapp
882 2043 2871 2279 Der Kaiser weiss Ihren (Mut zu schätzen und
2282 2191 2695 2287 peu leur
884 2267 2839 2423 ihre Aufrichtigkeit, zu der Sie nicht ver
985 2370 1264 2481 teurte
887 2413 2836 2557 pflichtet waren. Noch einmal haben Sie es
945 2559 2776 2750 in Ihrer eigenen Hand Ihre Freiheit wie
1526 2667 2358 2776 in out ein leicht zur
980 2730 2909 2899 der zu gewinnen. Denn nur ein Versprechen
1451 2836 1965 2944 do'n'e
902 2899 2690 3045 wird von Ihnen verlangt. Ihre Ehrlich
897 3028 2874 3184 keit ist Zeugnis genug, dass Sie es halten
899 3166 2743 3383 werden. Wenn Sie verspreehen dem Kaiser
897 3312 2680 3516 nicht mehr nach dem Leben zu trachten,
907 3494 2745 3705 so verlassen Sie im nächsten Augenblick
909 3650 2705 3876 dieses Gefängnis und sind Ihrer Mutter
