<?xml version="1.0" encoding="UTF-8" standalone="yes"?>
<PcGts xmlns="http://schema.primaresearch.org/PAGE/gts/pagecontent/2013-07-15" xmlns:xsi="http://www.w3.org/2001/XMLSchema-instance" xsi:schemaLocation="http://schema.primaresearch.org/PAGE/gts/pagecontent/2013-07-15 http://schema.primaresearch.org/PAGE/gts/pagecontent/2013-07-15/pagecontent.xsd">
    <Metadata>
        <Creator>prov=READ-COOP:name=TrHtr:version=2.1.0:model_id=51170:date=25_07_2023_14:52</Creator>
        <Created>2023-05-10T12:16:32.113+02:00</Created>
        <LastChange>2023-07-25T14:52:53.820+02:00</LastChange>
        <TranskribusMetadata docId="1428191" pageId="55401286" pageNr="265" tsid="130687675" status="IN_PROGRESS" userId="64420" imgUrl="https://files.transkribus.eu/Get?id=TBUCTZMUNIRGDZXOMSVJRVET&amp;fileType=view" xmlUrl="https://files.transkribus.eu/Get?id=FVQCMXQDEZDXASDBPHXKTLBY" imageId="44676109"/>
    </Metadata>
    <Page imageFilename="1428191_0265.jpg" imageWidth="6792" imageHeight="4488">
        <ReadingOrder>
            <OrderedGroup id="ro_1711797688867" caption="Regions reading order">
                <RegionRefIndexed index="0" regionRef="tr_2"/>
                <RegionRefIndexed index="1" regionRef="tr_1"/>
            </OrderedGroup>
        </ReadingOrder>
        <TextRegion id="tr_2" custom="readingOrder {index:0;}">
            <Coords points="399,1018 1044,1018 1044,2874 399,2874"/>
            <TextLine id="tr_2_tl_1" custom="readingOrder {index:0;}">
                <Coords points="383,1089 445,1106 506,1083 676,1097 778,1077 898,1103 901,919 840,913 811,939 717,951 653,939 565,983 486,960 445,980 386,954"/>
                <Baseline points="399,1074 489,1068 578,1068 668,1068 757,1068 847,1068 907,1074"/>
                <TextEquiv>
                    <Unicode>G:C:F:W:D:</Unicode>
                </TextEquiv>
            </TextLine>
            <TextLine id="tr_2_tl_2" custom="readingOrder {index:1;}">
                <Coords points="854,2882 890,2874 936,2879 954,2865 1036,2897 1036,2745 1007,2736 998,2745 948,2736 922,2713 878,2745 854,2748"/>
                <Baseline points="871,2864 960,2864 1044,2864"/>
                <TextEquiv>
                    <Unicode>G.F.P.</Unicode>
                </TextEquiv>
            </TextLine>
        </TextRegion>
        <TextRegion id="tr_1" custom="readingOrder {index:1;}">
            <Coords points="4112,337 6576,337 6576,3704 4112,3704"/>
            <TextLine id="tr_1_tl_1" custom="readingOrder {index:0;}">
                <Coords points="5320,454 6215,386 6353,430 6388,334 5738,293 5510,377 5323,322"/>
                <Baseline points="5335,429 5407,423 5496,417 5586,405 5675,393 5765,387 5854,387 5944,387 6033,387 6123,387 6212,387 6302,387 6391,393"/>
                <TextEquiv>
                    <Unicode>Hast de Caille sche xx</Unicode>
                </TextEquiv>
            </TextLine>
            <TextLine id="tr_1_tl_2" custom="readingOrder {index:1;}">
                <Coords points="5525,512 5630,550 5785,486 6092,509 6180,480 6309,547 6432,536 6429,439 6306,404 6221,436 5990,404 5800,439 5598,410 5522,439"/>
                <Baseline points="5538,483 5610,477 5699,483 5789,477 5878,477 5968,477 6057,477 6147,477 6236,477 6272,513 6361,519 6439,519"/>
                <TextEquiv>
                    <Unicode>demen Licht Lichtet 195</Unicode>
                </TextEquiv>
            </TextLine>
            <TextLine id="tr_1_tl_3" custom="readingOrder {index:2;}">
                <Coords points="4966,617 4986,623 5004,609 5021,617 5095,591 5121,612 5150,615 5203,582 5250,571 5253,527 5212,518 5191,500 5177,506 5136,492 5095,459 5030,497 4998,500 4975,489"/>
                <Baseline points="4983,590 4989,590 5078,578 5168,572 5257,572"/>
                <TextEquiv>
                    <Unicode>dier</Unicode>
                </TextEquiv>
            </TextLine>
            <TextLine id="tr_1_tl_4" custom="readingOrder {index:3;}">
                <Coords points="4556,732 6429,729 6435,588 4562,588"/>
                <Baseline points="4571,716 4649,710 4738,704 4828,704 4917,704 5007,704 5096,698 5186,692 5275,686 5365,680 5454,680 5544,674 5633,674 5723,674 5812,668 5902,662 5991,662 6081,656 6171,656 6260,656 6350,650 6439,650"/>
                <TextEquiv>
                    <Unicode>Was soll der Seufzer bedeuten? Sind Dir</Unicode>
                </TextEquiv>
            </TextLine>
            <TextLine id="tr_1_tl_5" custom="readingOrder {index:4;}">
                <Coords points="4100,729 4202,752 4281,746 4305,761 4343,734 4410,740 4413,612 4369,609 4328,626 4302,615 4281,623 4269,612 4182,612 4129,647 4103,641"/>
                <Baseline points="4117,734 4147,734 4237,728 4326,728 4416,728"/>
                <TextEquiv>
                    <Unicode>Julia.</Unicode>
                </TextEquiv>
            </TextLine>
            <TextLine id="tr_1_tl_6" custom="readingOrder {index:5;}">
                <Coords points="4574,863 4735,919 4975,846 5516,913 6332,811 6338,720 4580,761"/>
                <Baseline points="4589,853 4643,847 4732,847 4822,841 4911,841 5001,835 5090,829 5180,829 5269,823 5359,823 5448,823 5538,817 5627,817 5717,811 5806,805 5896,805 5985,799 6075,799 6165,793 6254,787 6344,787"/>
                <TextEquiv>
                    <Unicode>auch schon die Sterbenden gefährlich?</Unicode>
                </TextEquiv>
            </TextLine>
            <TextLine id="tr_1_tl_7" custom="readingOrder {index:6;}">
                <Coords points="4603,1012 5253,998 5419,1059 5809,972 6414,1045 6458,860 4606,928"/>
                <Baseline points="4619,1002 4673,996 4762,996 4852,996 4941,990 5031,990 5120,984 5210,984 5299,984 5389,978 5478,978 5568,972 5657,972 5747,966 5836,966 5926,960 6015,954 6105,954 6194,954 6284,948 6373,942 6463,936"/>
                <TextEquiv>
                    <Unicode>Solltest Du vielleicht ein wenig in eigen</Unicode>
                </TextEquiv>
            </TextLine>
            <TextLine id="tr_1_tl_8" custom="readingOrder {index:7;}">
                <Coords points="4612,1188 4942,1244 5027,1191 5703,1206 5882,1127 6207,1173 6490,1106 6493,1021 4618,1045"/>
                <Baseline points="4631,1163 4708,1163 4798,1157 4887,1157 4977,1151 5066,1151 5156,1145 5245,1139 5335,1139 5424,1139 5514,1133 5604,1133 5693,1127 5783,1122 5872,1122 5962,1116 6051,1116 6141,1110 6230,1110 6320,1104 6409,1098 6499,1086"/>
                <TextEquiv>
                    <Unicode>ner Angelegenheit...Bliebst Du verschlei¬</Unicode>
                </TextEquiv>
            </TextLine>
            <TextLine id="tr_1_tl_9" custom="readingOrder {index:8;}">
                <Coords points="4664,1387 6122,1323 6432,1378 6473,1170 4670,1252"/>
                <Baseline points="4684,1312 4774,1312 4863,1312 4953,1307 5043,1307 5132,1301 5222,1295 5311,1295 5401,1289 5490,1283 5580,1283 5669,1277 5759,1277 5848,1271 5938,1271 6027,1265 6117,1265 6206,1265 6296,1259 6385,1253 6475,1241"/>
                <TextEquiv>
                    <Unicode>ert? Hast Du Dich für Deine Herrin aus</Unicode>
                </TextEquiv>
            </TextLine>
            <TextLine id="tr_1_tl_10" custom="readingOrder {index:9;}">
                <Coords points="4673,1498 6256,1440 6332,1369 6204,1326 4676,1384"/>
                <Baseline points="4690,1462 4726,1456 4816,1450 4905,1450 4995,1444 5084,1444 5174,1438 5263,1438 5353,1432 5442,1432 5532,1426 5621,1426 5711,1420 5800,1414 5890,1408 5980,1408 6069,1402 6159,1402 6248,1396 6338,1402"/>
                <TextEquiv>
                    <Unicode>gegeben. Dir ist ja alles zuzutran.</Unicode>
                </TextEquiv>
            </TextLine>
            <TextLine id="tr_1_tl_11" custom="readingOrder {index:10;}">
                <Coords points="4644,1604 6493,1568 6499,1419 4647,1513"/>
                <Baseline points="4661,1587 4714,1581 4804,1581 4893,1575 4983,1569 5072,1569 5162,1563 5251,1563 5341,1557 5430,1557 5520,1557 5610,1551 5699,1545 5789,1545 5878,1539 5968,1533 6057,1533 6147,1527 6236,1521 6326,1521 6415,1521 6505,1515"/>
                <TextEquiv>
                    <Unicode>Gnädiges Fräulein, ich habe ihm bestellt</Unicode>
                </TextEquiv>
            </TextLine>
            <TextLine id="tr_1_tl_12" custom="readingOrder {index:11;}">
                <Coords points="4120,1621 4199,1636 4223,1618 4246,1627 4284,1607 4316,1621 4375,1607 4468,1612 4471,1522 4386,1519 4351,1539 4334,1522 4234,1525 4179,1498 4123,1501"/>
                <Baseline points="4135,1611 4207,1605 4297,1599 4386,1599 4476,1605"/>
                <TextEquiv>
                    <Unicode>Nerina.</Unicode>
                </TextEquiv>
            </TextLine>
            <TextLine id="tr_1_tl_13" custom="readingOrder {index:12;}">
                <Coords points="4603,1759 6438,1735 6534,1697 6537,1612 4609,1601"/>
                <Baseline points="4619,1736 4661,1736 4750,1736 4840,1736 4929,1730 5019,1724 5108,1724 5198,1724 5287,1718 5377,1712 5466,1712 5556,1706 5645,1706 5735,1700 5824,1694 5914,1694 6003,1688 6093,1688 6182,1682 6272,1682 6361,1677 6451,1671 6541,1677"/>
                <TextEquiv>
                    <Unicode>was Sie mir auftrugen und bestellte Ihnen</Unicode>
                </TextEquiv>
            </TextLine>
            <TextLine id="tr_1_tl_14" custom="readingOrder {index:13;}">
                <Coords points="4641,1952 4694,1969 4814,1899 4975,1887 5083,1966 5367,1937 5493,1961 5545,1940 5548,1826 5320,1803 5153,1844 5077,1803 5021,1838 4644,1835"/>
                <Baseline points="4661,1885 4750,1891 4840,1891 4929,1891 5019,1885 5108,1885 5198,1879 5287,1873 5377,1873 5466,1873 5556,1873"/>
                <TextEquiv>
                    <Unicode>was er mir auftrug.</Unicode>
                </TextEquiv>
            </TextLine>
            <TextLine id="tr_1_tl_15" custom="readingOrder {index:14;}">
                <Coords points="4612,2092 5024,2040 5159,2092 5446,2025 5536,2072 6046,2010 6183,2051 6315,2028 6321,1928 5024,1987 4618,1943"/>
                <Baseline points="4631,2047 4714,2047 4804,2047 4893,2035 4983,2041 5072,2035 5162,2029 5251,2029 5341,2023 5430,2023 5520,2017 5610,2017 5699,2011 5789,2005 5878,2005 5968,1999 6057,1993 6147,1993 6236,1987 6326,1993"/>
                <TextEquiv>
                    <Unicode>Nun gut. Und wenn tgend ein Strolch</Unicode>
                </TextEquiv>
            </TextLine>
            <TextLine id="tr_1_tl_16" custom="readingOrder {index:15;}">
                <Coords points="4094,2162 4161,2186 4243,2186 4299,2165 4340,2192 4436,2183 4445,1885 4354,1911 4296,1905 4264,1925 4103,1893"/>
                <Baseline points="4112,2082 4177,2070 4267,2064 4356,2064 4446,2070"/>
                <TextEquiv>
                    <Unicode>Julia.</Unicode>
                </TextEquiv>
            </TextLine>
            <TextLine id="tr_1_tl_17" custom="readingOrder {index:16;}">
                <Coords points="4603,2242 5680,2212 5914,2148 6256,2203 6262,2060 4606,2107"/>
                <Baseline points="4619,2184 4655,2184 4744,2184 4834,2178 4923,2178 5013,2172 5102,2166 5192,2166 5281,2160 5371,2160 5460,2154 5550,2154 5639,2148 5729,2142 5818,2142 5908,2142 5997,2136 6087,2136 6176,2130 6266,2130"/>
                <TextEquiv>
                    <Unicode>über die Mauer geklettert kommt, (so</Unicode>
                </TextEquiv>
            </TextLine>
            <TextLine id="tr_1_tl_18" custom="readingOrder {index:17;}">
                <Coords points="4612,2326 4980,2323 5077,2402 5264,2411 5569,2356 6119,2382 6160,2212 4615,2247"/>
                <Baseline points="4631,2303 4643,2303 4732,2303 4822,2303 4911,2297 5001,2303 5090,2297 5180,2291 5269,2285 5359,2285 5448,2279 5538,2279 5627,2273 5717,2273 5806,2267 5896,2261 5985,2261 6075,2261 6165,2267"/>
                <TextEquiv>
                    <Unicode>kann man ja die Hunde loslassen.</Unicode>
                </TextEquiv>
            </TextLine>
            <TextLine id="tr_1_tl_19" custom="readingOrder {index:18;}">
                <Coords points="4158,2493 4887,2458 5057,2505 5065,2315 4802,2338 4618,2306 4509,2376 4419,2326 4164,2350"/>
                <Baseline points="4177,2464 4261,2464 4350,2458 4440,2458 4529,2458 4619,2452 4708,2440 4798,2440 4887,2440 4977,2434 5066,2440"/>
                <TextEquiv>
                    <Unicode>Die Marquise kommt.</Unicode>
                </TextEquiv>
            </TextLine>
            <TextLine id="tr_1_tl_20" custom="readingOrder {index:19;}">
                <Coords points="4667,2613 4928,2634 5253,2590 5314,2622 5613,2578 5615,2458 5563,2446 5346,2429 5179,2476 4673,2484"/>
                <Baseline points="4684,2602 4726,2602 4816,2596 4905,2596 4995,2596 5084,2590 5174,2590 5263,2584 5353,2584 5442,2578 5532,2572 5621,2572"/>
                <TextEquiv>
                    <Unicode>Julia, bist Du hier?</Unicode>
                </TextEquiv>
            </TextLine>
            <TextLine id="tr_1_tl_21" custom="readingOrder {index:20;}">
                <Coords points="4167,2698 4234,2678 4404,2672 4468,2692 4562,2672 4591,2660 4594,2558 4460,2566 4430,2549 4337,2569 4266,2549 4246,2566 4202,2531 4170,2537"/>
                <Baseline points="4183,2625 4243,2619 4332,2619 4422,2614 4511,2614 4601,2614"/>
                <TextEquiv>
                    <Unicode>Marquise.</Unicode>
                </TextEquiv>
            </TextLine>
            <TextLine id="tr_1_tl_22" custom="readingOrder {index:21;}">
                <Coords points="5513,2666 5598,2672 5624,2657 5662,2660 5677,2672 5741,2657 5771,2678 5788,2675 5791,2590 5727,2563 5654,2555 5598,2581 5569,2569 5536,2590 5516,2587"/>
                <Baseline points="5532,2649 5615,2649 5705,2643 5795,2643"/>
                <TextEquiv>
                    <Unicode>afehlen</Unicode>
                </TextEquiv>
            </TextLine>
            <TextLine id="tr_1_tl_23" custom="readingOrder {index:22;}">
                <Coords points="4662,2774 6274,2721 6318,2639 5490,2675 5153,2596 5039,2651 4664,2639"/>
                <Baseline points="4678,2751 4708,2751 4798,2745 4887,2745 4977,2745 5066,2745 5156,2739 5245,2733 5335,2733 5424,2727 5514,2721 5604,2727 5693,2721 5783,2715 5872,2709 5962,2709 6051,2703 6141,2697 6230,2697 6320,2697"/>
                <TextEquiv>
                    <Unicode>Ja Mutter, ###s wünschen Sie Mutter.</Unicode>
                </TextEquiv>
            </TextLine>
            <TextLine id="tr_1_tl_24" custom="readingOrder {index:23;}">
                <Coords points="4167,2777 4208,2795 4255,2786 4281,2800 4354,2777 4430,2806 4436,2692 4407,2689 4389,2704 4331,2689 4261,2701 4234,2686 4205,2698 4170,2692"/>
                <Baseline points="4183,2775 4261,2769 4350,2763 4440,2769"/>
                <TextEquiv>
                    <Unicode>Julia</Unicode>
                </TextEquiv>
            </TextLine>
            <TextLine id="tr_1_tl_25" custom="readingOrder {index:24;}">
                <Coords points="4161,2947 6338,2900 6508,2882 6514,2777 4164,2844"/>
                <Baseline points="4177,2924 4249,2918 4338,2918 4428,2918 4517,2912 4607,2912 4649,2912 4726,2900 4816,2900 4905,2900 4995,2894 5084,2894 5174,2888 5263,2888 5353,2882 5442,2876 5532,2876 5621,2870 5711,2870 5800,2870 5890,2864 5980,2864 6069,2858 6159,2852 6248,2852 6338,2846 6427,2840 6517,2846"/>
                <TextEquiv>
                    <Unicode>Marquise. (Du spielst nicht mehr Ball, es ist wohl</Unicode>
                </TextEquiv>
            </TextLine>
            <TextLine id="tr_1_tl_26" custom="readingOrder {index:25;}">
                <Coords points="4679,3087 6490,3008 6569,3061 6575,2885 5756,2973 5332,2897 4685,2917"/>
                <Baseline points="4696,3055 4786,3055 4875,3049 4965,3049 5054,3043 5144,3049 5234,3043 5323,3031 5413,3031 5502,3031 5592,3025 5681,3025 5771,3019 5860,3019 5950,3013 6039,3013 6129,3007 6218,3007 6308,3001 6397,3001 6487,2995 6576,3007"/>
                <TextEquiv>
                    <Unicode>zu Dunkel. Gibts keine andre Unterhaltun)</Unicode>
                </TextEquiv>
            </TextLine>
            <TextLine id="tr_1_tl_27" custom="readingOrder {index:26;}">
                <Coords points="4890,3128 5153,3149 5244,3111 5308,3140 5475,3140 5548,3131 5548,3055 5443,3078 5320,3052 5185,3075 5080,3052 5039,3078 4890,3064"/>
                <Baseline points="4905,3103 4989,3103 5078,3097 5168,3097 5210,3097 5299,3097 5389,3115 5478,3115 5556,3109"/>
                <TextEquiv>
                    <Unicode>was in in the present</Unicode>
                </TextEquiv>
            </TextLine>
            <TextLine id="tr_1_tl_28" custom="readingOrder {index:27;}">
                <Coords points="4670,3234 6487,3172 6482,3093 6119,3014 5975,3111 5694,3140 5013,3152 4676,3087"/>
                <Baseline points="4690,3210 4702,3210 4792,3204 4881,3204 4971,3204 5060,3204 5150,3198 5239,3192 5329,3192 5419,3186 5508,3186 5598,3180 5687,3180 5777,3180 5866,3175 5956,3169 6045,3169 6135,3163 6224,3157 6314,3157 6403,3157 6493,3151"/>
                <TextEquiv>
                    <Unicode>Dein Vaterhat um mich gesandt. (Und um</Unicode>
                </TextEquiv>
            </TextLine>
            <TextLine id="tr_1_tl_29" custom="readingOrder {index:28;}">
                <Coords points="4673,3386 5171,3438 5905,3345 6514,3383 6549,3269 4679,3239"/>
                <Baseline points="4690,3371 4762,3371 4852,3371 4941,3365 5031,3365 5120,3360 5210,3354 5299,3354 5389,3348 5478,3342 5568,3342 5657,3336 5747,3336 5836,3336 5926,3330 6015,3324 6105,3324 6194,3324 6284,3318 6373,3312 6463,3318 6552,3324"/>
                <TextEquiv>
                    <Unicode>Dich. Ich dachte Dich in Deinem Zimmer.</Unicode>
                </TextEquiv>
            </TextLine>
            <TextLine id="tr_1_tl_30" custom="readingOrder {index:29;}">
                <Coords points="4691,3567 5557,3503 6297,3547 6523,3503 6526,3406 5999,3424 5823,3368 5498,3432 5314,3383 4694,3471"/>
                <Baseline points="4708,3533 4738,3533 4828,3527 4917,3527 5007,3521 5096,3515 5186,3515 5275,3509 5365,3509 5454,3509 5544,3503 5633,3503 5723,3497 5812,3497 5902,3491 5991,3485 6081,3479 6171,3479 6260,3479 6350,3473 6439,3479 6529,3479"/>
                <TextEquiv>
                    <Unicode>Ich weiss nicht, was Dein Vater will.</Unicode>
                </TextEquiv>
            </TextLine>
            <TextLine id="tr_1_tl_31" custom="readingOrder {index:30;}">
                <Coords points="4890,3629 5493,3585 5595,3608 5621,3541 5551,3503 5408,3552 5349,3517 5291,3550 5244,3526 5159,3561 4893,3567"/>
                <Baseline points="4905,3616 4911,3616 5001,3604 5090,3598 5180,3592 5269,3592 5359,3586 5448,3574 5538,3568 5627,3562"/>
                <TextEquiv>
                    <Unicode>wir wohl viel etc.</Unicode>
                </TextEquiv>
            </TextLine>
            <TextLine id="tr_1_tl_32" custom="readingOrder {index:31;}">
                <Coords points="4697,3746 5010,3801 5478,3725 5788,3781 6297,3684 6300,3596 5747,3564 4828,3643 4700,3599"/>
                <Baseline points="4714,3694 4786,3688 4875,3688 4965,3688 5054,3688 5144,3682 5234,3682 5323,3676 5413,3676 5502,3670 5592,3670 5681,3664 5771,3658 5860,3652 5950,3652 6039,3652 6129,3646 6218,3646 6308,3652"/>
                <TextEquiv>
                    <Unicode>Vielleicht soll es ein Fest geben.</Unicode>
                </TextEquiv>
            </TextLine>
        </TextRegion>
    </Page>
</PcGts>
