6808 4376
6043 474 6256 738 257
4447 552 5947 799 die ganzen jungen Leute sterben.
4031 738 6374 930 Ein Gardist zum Major: Herr Major ich melde, beim
4533 877 6467 1131 roten Turmtor ist die weisse Fahne aufge -
4444 1057 4726 1240 ogen.
4025 1230 5919 1429 Major. An uns ist kein Befehl ergangen.
4047 1373 6408 1512 Gardist. Ich melde gehorsamst, es sollen auch dort
4537 1518 6315 1726 Bürger aus der Stadt gewesen sein, die
4496 1717 6284 1844 die weisse Fahne hinaufgetragen haben.
4035 1847 6526 2005 Uralter H. Na Greterl, was ist denn? Bist Du so müd?
4496 2008 6517 2169 Ja um Himmelswillendas arme Kind ist ja tot.
4016 2027 4434 2135 Eschenb.
4019 2191 6362 2327 Uralter H. Tot, Greterl, mir scheint wirklich, das
4441 2284 6393 2507 ist der Krieg. Jetzt ist das Greterl tot.
4453 2451 6470 2665 Und eh bin der einzige von der ganan Fa-
4425 2606 6027 2817 milie. Und 93, das ist ein Numero.
4019 2894 6294 3096 Eschenb. / trägt die Kleine an das Wehr hin und
4400 3040 5163 3210 legt sie nieder/
4031 3155 6402 3313 Uralter H. Na Greterl willst nicht doch leber auf-
4406 3353 4707 3464 stehn?
4031 3437 6352 3706 Eschenb. Verstehn Sie denn nicht, sie ist tot? Da
