3384 4184
2810 416 2980 653 100
1131 539 2561 826 städt zusammengefeuert werden.
750 747 3076 1055 Frau F. Aber gib an Ruh Föderl, sie sein ja noch
1219 932 3009 1143 nicht da. Und wenn is auch nicht das
1184 1172 1541 1357 Ärgste.
782 1283 3141 1535 Wachsh. Ein Heldenweib die Frau Föderl. Sie können
1160 1486 2520 1696 sich gratulieren Herr Föderl.
1207 1670 3018 1893 Sie haben gut reden. Sie wohnen in der
776 1708 1134 1861 Pöderl.
1245 1846 1342 1931 J
1222 1802 3094 2089 Singerstrasse Mitten drin.. Aber wir,?
1216 2007 3082 2265 Wer gibts uns denn geschrieben dass die
2244 2142 2951 2247 mith auslasse
1178 2224 3208 2417 Franzosen sich nicht an uns rüchen werden
1178 2379 2737 2616 wenn Ihr sie nicht herein'asste.
1292 2502 3164 2754 Ja auf die Gumpendorfer habn sies schar
677 2608 1160 2816 (2) Wachsh.
1245 2769 2335 2986 die Franzosen.
539 2813 829 3009 Winkler
1228 2977 2373 3182 Na varten Sie nur.
823 3021 1193 3179 Pöderl.
856 3035 3161 3378 Wachsh. Na ver verbietet Ihnen dann auf die Lini
1321 3293 3156 3539 envölle hinauszugehnt Lassts halt nicht
1318 3490 2408 3733 therein nach Gumpfendorf.
870 3592 3129 3941 Föderl. Aber es g schicht ja nichts für die Ber
