6792 4360
6082 515 6286 669 269
4224 663 6183 886 erwarte, war es der Wahn(einer Verrückten.
4277 878 6202 1056 Wenn die da sind, die ich brauche, ist es
4296 1020 6291 1215 kein Vorsatz mehr. ( Senden Sie mir verläss-
4294 1156 6222 1368 liche, denn wenn es trügerische sind, bin
4305 1337 6230 1502 ich wieder nichts gewesen als eine Närrin
4316 1468 6339 1624 oder eine Verbrecherin. Doch nein, ich werde
4391 1627 6294 1783 es erraten, wenn sie trügerisch sind, ver
4358 1794 6291 1995 stehn Sie mich Vicomte, (Sie müssen wollen,
4327 1923 6314 2087 Sie müssen mich in Ihre Arme wünschen, Vi -
4829 2090 6135 2229 dus ein (chen das Groß &
4338 2140 4650 2315 comte.
4762 2196 5748 2313 meer thun, wenn to cemt
4475 2232 6308 2413 Sagen Sie mir Julie, ob Sie mich lieben.
3625 2204 3831 2393 Wohn
4193 2307 4394 2421 Vic.
3597 2346 4071 2538 décier sous
4625 2357 5623 2480 T- hund - der hiesen
4048 2385 6294 2586 Julia. Wenn der Tag kommt, den wir ersehen, werd
3575 2446 4037 2647 het de Vie
4528 2516 5394 2641 min to put sa 1
4355 2558 6297 2719 ich Sie lieben, wie nie ein Mensch geliebt
3550 2608 4179 2736 wehr zu wählen -
4388 2669 6433 2878 wurde. Lieben wie einen Gott und Sie brauche
3558 2711 4269 2875 Es scheintrauen.
3564 2828 4040 2973 -glei H.M.
4391 2836 6263 3057 nichts andres zu sein als ein Mhn. Wenn
3552 2931 4029 3090 sal wihr
4402 3012 6400 3190 ich die Mutter eines Königs werden darf, so
4355 3201 6252 3324 wird die Stunde da ich in Ihren Armen hn
761 3218 931 3360 G.H.F.P.
4369 3332 6450 3522 empfange, so erfüllt von Seligkeit sein, dass
4372 3486 6470 3667 Sie die Tage der Trennung segnen werden durch
4388 3636 5520 3887 die Sie wandeln mussten.
