6824 4376
1577 604 1775 723 ¾
471 764 825 918 euen le
383 1025 1386 1220 dA.nommenie
909 1168 1380 1374 .nederion
383 1360 1371 1511 Jnledos a¬.ausk.J2
476 1487 1386 1728 es 17lw sie xxx
636 1952 982 2121 G.H.F.S.
520 2240 1028 2469 nf ad sol
430 2559 933 2748 G.A.R. S.I.F.
511 2760 1023 2931 .aa3 og riooir
732 2931 1023 3100 bai'.
723 3196 1162 3347 täd els.
598 3376 1057 3547 ndl Loon,
369 3614 657 3849 Trew
5958 430 6176 625 262
4375 572 6467 828 Gut genug, dass ich eine Art Höfling an einem
4369 764 6298 970 Narrenhofebin. Und meine Güter? Aber an
4369 915 6481 1136 Frankreiesh Ruhm, an seinen Siegen hätt ich A
4387 1057 6339 1275 teil, ich dürfte wieder ein Franzose unter
4517 1261 5246 1435 Franzosen sein.
3954 1438 4912 1612 Dagusan. St. Mars...
3991 1697 5267 1943 Vicomte de Barry tritt auf.
3986 1833 6324 2039 C Vicomte. Guten Tag St. Mars. Ich habe bedauert
4543 1978 6496 2208 Sie bei der Feierlickeit vermiss zu haben.
4459 2161 6469 2347 Sie haben wol die Zeit benützt ihre Reise
4555 2298 6435 2498 vorbereitungen zu treffen. Renault wird
4488 2449 6501 2678 Ihnen übrigens näheres mitteilen. Wir könne
4413 2678 6435 2800 leider nicht zu gleicher Zeit die Stadt ver¬
4514 2777 6513 2986 lassen. Wir müssen auf getrennten Wegen rei
4384 2946 6269 3134 sen. Gefahrvolles steht uns bevor. Sie
4384 3094 6411 3286 waren noch in der Stadt St. Mars, wie sieht
4468 3259 6484 3416 es aus. Man hört, dass viele Häuser nieder
4395 3408 6449 3591 gebrannt sind. Gibt es vielleicht auch Nach
4485 3550 6437 3768 richten vom Erzherzog Karl? Hat Napoleon
