6760 4344
6210 615 6389 736 296
4521 779 6414 928 Ich möchte noch höflichst aufmerksam ma
4037 814 4379 935 Wachsh.
4533 940 6550 1079 chen, dass auch diejenigen straffällig sind,
4485 1084 6396 1235 straffällig binn bum, die ein Exemplar vom
4541 1248 5506 1397 Schrämbel vernichten.
4538 1379 6399 1556 Das überlassen Sie der Fra Buchhändlerin
4024 1387 4415 1540 Eschenb.
4521 1543 6366 1725 Klahr. Keinesfalls wird es erlaubt sein
4533 1712 6520 1843 den Schrämbel jetzt einem Privatmann zu ver
4538 1873 4881 2014 kaufen.
4533 1972 6449 2151 Gegen Gewalt komm ichnicht auf. Aberweil
4095 2017 4427 2201 Wachsh.
4503 2166 6528 2289 Sie früher von meinem Morgenstern gesprochen
4490 2322 6371 2458 haben Ich hab ihn natürlich schon wieder
4543 2438 6434 2632 ans Zeughaus abgeliefert, hier istndie Be
4498 2615 6318 2794 stätigung. Da. Es wär gut, es hielt sich
4508 2819 6359 2940 jeder so nach den Verordnungen. Habe die
4500 2915 6419 3094 Ehre. Entschuldigen die verursachten Um-
4498 3051 6308 3207 stände. / ab, d. in sel....
4508 3141 6515 3391 men feh.. ad. da es ai si ne
4480 3434 5025 3699 ch 2e
