3304 4200
2550 319 2747 569 lui.
864 554 2230 797 Sie sind selber drin gewesen?
438 651 779 834 Föderl.
888 791 1348 958 Freilich.
435 797 791 1001 Bürger
849 849 2747 1117 Da haben Sie gewiss mit brave geschrien.
444 964 797 1117 Föderl.
870 1053 2008 1266 Na ja wenn alle schra n.
447 1147 794 1317 Bürger:
462 1162 2778 1397 Ein Bettler: Bitt schön ein Almosen. Ich bin von
922 1323 2854 1561 Wogram. Mein Haus und Hof ist abgebrannt.
986 1512 2258 1692 Ein Bürger gibt ihm e twas
481 1591 2927 1813 Ein Gardist/unten/ fort von hier. Dass das Bettel
910 1734 2178 1959 volk bis da herein kommt...
919 1862 2997 2108 Wissens wo ich gestern war? Auf dem Schlacht
499 1990 849 2136 Berger:
925 1996 2869 2294 feld von Aspern. Sie das müssen Sie sich
192 2191 700 2361 ser elegane there
980 2154 2842 2425 anschaun. Mindestens die Hälfte von den
183 2334 505 2464 de très
943 2306 2948 2601 Häusern ist niedergebrannt. Es ist furcht
158 2376 788 2583 au pauris. Offirier.
1004 2477 2881 2735 bar. Und weiter draussen, da sind Hügel,
1016 2690 2206 2909 da liegen die Toten drin.
1004 2772 2976 3046 Dass Sie da noch hinaus gehn, das Sie da
551 2875 891 3079 Föderl.
983 2976 3112 3201 in der Stimmung sind und sich so was anschaun
1034 3137 2690 3356 wo doch Ihr Töchterl gestorben ist.
1050 3252 2860 3551 Grad darum. Ich versicher Sie, das ist
581 3395 919 3608 Berger.
1053 3441 3070 3700 eher ein Trost. Ja sie ist auch ein Opfer.
