6808 4312
6082 521 6280 644 31o
4304 678 5180 888 kommt/ er ist da.
3856 739 4197 848 Nerina.
4290 818 6280 1033 Medardus.. Gott sei Dank. Wäre der Vicomte
3867 888 4158 1022 Julia.
4278 988 6227 1154 Medardus Klaehr mir wäre nicht lang um den
4270 1196 4665 1347 Ausgang.
3884 1481 4623 1621 Medardus, Julia.
4379 1599 6384 1753 Hier bin ich. Was ist Ihre Absicht. Steckt
3884 1660 4301 1772 Medardus.
4346 1770 6513 1921 der Herr Vicomte hinter der Tapete? Oder denken
4432 1898 6303 2075 Sie mich morgen füh im Park von Ihren
4441 2078 6432 2234 Dienernumbringen und gleich begraben zu las
4427 2212 6314 2372 sen? Sie können allt das tun, Julie, kein
6112 2355 6518 2537 (hr Brief
4474 2414 5869 2545 Hahn wird nach mir krähn. Hier
4348 2534 6350 2680 Du glaubst selbst kein Wort von all dem was
3895 2573 4192 2713 Julia.
4491 2708 5387 2859 Du sagst, Medardus.
4374 2828 6398 2979 Warum nicht. Nur was das begraben anbelangt
3895 2890 4253 3021 Medard.
4362 3007 6401 3203 bitt ich um vorsicht, es ist zu wetten, dass
4374 3164 5449 3321 ich nur scheintot wäre.
4368 3251 6367 3458 Sind dort oben Guckfenster, ist jemand ge -
4298 3464 6546 3651 laden zu der Scene? So wär ich wahrhaftig neugie
3886 3405 4119 3648 Aup
