3208 4184
2704 490 2856 619 384
1010 584 2843 823 te mir zu fragen, ob der Herr wohl ge¬
962 792 1513 993 ruht haben.
970 914 2876 1165 Bin ich verpflichtet auf diese Frage zu
508 970 853 1142 Medard.
982 1112 1465 1315 antworten?
1021 1267 2980 1457 Gewiss nicht, wenn es dem Herrn nicht be
424 1272 904 1457 Kerkern.
1005 1406 2965 1612 liebt. Ich erlaube mir ferner zu fragen,
988 1556 2694 1785 was der Herr zu frühstücken wünscht.
957 1739 2854 1942 / immer erstaunter/ was ist Ihnen, ich
533 1757 863 1975 Medard.
1031 1886 2183 2084 habe schon gefrühstückt.
995 2046 2828 2226 Ja eine Wassersuppe und ein Stück Brot.
533 2059 927 2214 Kerkerm.
960 2196 2887 2414 Das wird aber wohl zu wenig gewesen sein.
965 2348 3003 2577 Ah ist es so gemeint. Ist die Stunde schon
538 2384 891 2557 Medard.
1015 2526 2437 2714 bestimmt? Die Henkersmahlzeit?
1018 2668 2881 2884 Wer spricht von Henker. Weit und breit
553 2704 942 2843 Kerkerm.
1031 2828 3003 3024 keiner zu sehn. Uebrigens, vielleicht ist
1071 2950 3052 3186 er auf dem Wege. Nur unterlässt man sonst
1082 3135 2996 3341 nie mich davon zu verständigen. Mein Auf
1054 3321 2920 3506 trag ist nur zu fragen, was der Herr zu
1137 3437 3016 3668 sen wünscht. Meine Frau kocht vorzüglich
1046 3618 2968 3831 Wir freilich köhnen uns nichts vergönnen.
