6792 4536
824 1036 1573 1307 ii niem.nenevit
427 1173 722 1352 e etei
296 1272 1728 1498 milded ons elw nogibamre
1695 1558 1985 1767 erwären
364 1734 1854 1967 nolledeed ldow xxxi Insb rioi xxx
304 1913 1976 2060 sasb,Ira hoole! Thoin Inow se ne la¬
543 2024 1803 2254 xxx b###u Roifløn xxx Jni
809 2185 2084 2457 resseu adra nous neunl darauf
364 2433 1815 2743 nenedogte neniem nieilxxx meudl
367 2648 1785 2860 nn nedolllich allsiderein neniel
412 2797 1964 3030 assen schlug kommt xxxn I daakf eie
352 2982 1913 3155 .Jàoln ein edgaa aaß, niek.nedom
376 3101 2203 3325 zogöM. nendl noi donniw xxx
367 3263 2176 3457 sh dal seid.ndem xxx radiew nendl ae
406 3403 2009 3672 xxx.nenxxxnqssen soim xxx
1230 3543 2072 3758 abzubell rieh
442 3749 1851 3901 wenn sich nennt nagiften mehle,
510 3907 1692 4080 abmall xxx Jaast xxxeld
5731 582 5952 800 179
4448 701 5848 970 Hören Sie...wie ist Ihr Name?
4460 931 4815 1110 Nerina.
4000 964 4343 1098 Nerina.
4460 994 6218 1251 Hören Sie, Mansell Nerina... nun aber,
4027 1095 4379 1313 Medard.
4457 1164 6373 1370 können Sie schweigen! Wird das wa ich Ih
4463 1358 6358 1552 nen sage an die richtige Adresse kommen?
4063 1466 6463 1761 Nerina. Ich weiss nicht. ich habe nicht das Recht.
4531 1645 5958 1836 ich weiss auch nicht an wen...
5292 1764 5746 1872 de trouve
4072 1779 6346 2000 Medrad. Bestellen Sie Ihrem Fräulein, ich werde
4495 1943 6460 2128 noch heute Abend bei ihr sein, meinen Dank
4466 2081 5564 2304 persönlich anzubringen.
4504 2245 6071 2424 Sie sind ja (toll) mit
4083 2269 4442 2466 Nerina.
4510 2352 6427 2621 Nur höflich, sehr höflich Mansell Nerina.
4095 2487 4445 2627 Medard.
4475 2522 6385 2752 Ich will Ihrem gnädigen Fräulein zum Dank
5304 2704 5483 2788 crin
4516 2686 6364 2931 die Hand küssen noch heute Abend, ja da
4660 2875 5110 3051 will ich.
4549 3015 6173 3197 Sie phantasieren, Sie haben Fieber.
4113 3045 4463 3227 Nerina
4125 3134 6498 3370 Medard. Keineswegs, Ich befinde mich vortrefflich.
4552 3281 6474 3528 In einer Stunde werden wurde erhalten
4119 3454 6516 3681 Nerina. (Um Himmelswillen was fällt Ihnen denn ein.
4567 3585 6531 3901 Wenn man Sie sähe Und das Fräulein selbst.
