3224 4088
2695 418 2867 558 369
830 561 1695 782 Etzelt, Medardus.
854 749 2776 965 dies vielleicht in der Schlosshofscene/
895 941 2989 1148 Was warst Du für ein Narr Medardus, die gan
447 908 771 1180 Etzelt.
900 1083 2830 1310 ze Stadt weiss es, Julie ist die Geliebte
862 1294 1396 1445 Bonapartes.
949 1391 2903 1595 Nichts davon, was gehts mich an. Sagt ich
404 1496 755 1614 Medard.
868 1563 2884 1754 Dir nicht, ich sei ein Narr des Schicksals?
919 1709 2921 1935 Alles verwandelt sich mir in der Hand. Es
930 1868 3102 2059 war mein fester Plan Napeleon zu ermorden, ich
922 2046 3008 2234 kann es nun nicht mehr. Es wäre mein eigener
887 2210 2876 2390 Plan hecht mehr, als ein gedungener Mörder
914 2385 2738 2547 tät ich es. Du kannst es nicht fassen,
911 2501 2558 2714 Wie, ich glaube zu verstehn. Julia.
429 2528 779 2714 Etzelt.
954 2698 2978 2867 Ja ich kam, um von ihr Abschied zu nehmen.
493 2765 833 2935 Medard.
1046 2800 2946 3037 Da gab sie mirs ein, nun kann ichs nicht
957 3037 1409 3196 mehr tun.
970 3121 2919 3344 Gott sei Dank. es wäre auch eine Narrheit
523 3194 854 3436 atzelt.
976 3296 2929 3495 und ein Verbrechen. Denn nicht Vaterlands
992 3487 2835 3676 liebe drückt Dir den Dolch in die Hand,
