<?xml version="1.0" encoding="UTF-8" standalone="yes"?>
<PcGts xmlns="http://schema.primaresearch.org/PAGE/gts/pagecontent/2013-07-15" xmlns:xsi="http://www.w3.org/2001/XMLSchema-instance" xsi:schemaLocation="http://schema.primaresearch.org/PAGE/gts/pagecontent/2013-07-15 http://schema.primaresearch.org/PAGE/gts/pagecontent/2013-07-15/pagecontent.xsd">
    <Metadata>
        <Creator>prov=READ-COOP:name=TrHtr:version=2.1.0:model_id=51170:date=25_07_2023_14:53</Creator>
        <Created>2023-05-10T12:17:06.173+02:00</Created>
        <LastChange>2023-07-25T14:53:48.482+02:00</LastChange>
        <TranskribusMetadata docId="1428191" pageId="55402488" pageNr="454" tsid="130688336" status="IN_PROGRESS" userId="64420" imgUrl="https://files.transkribus.eu/Get?id=KOGIHVDAZSXGAQOFGFKBNRJF&amp;fileType=view" xmlUrl="https://files.transkribus.eu/Get?id=AUKHXPEAIZQWCIOLEUXTJIGH" imageId="44677310"/>
    </Metadata>
    <Page imageFilename="1428191_0454.jpg" imageWidth="3288" imageHeight="4168">
        <ReadingOrder>
            <OrderedGroup id="ro_1711797987771" caption="Regions reading order">
                <RegionRefIndexed index="0" regionRef="tr_1"/>
                <RegionRefIndexed index="1" regionRef="tr_2"/>
            </OrderedGroup>
        </ReadingOrder>
        <TextRegion id="tr_1" custom="readingOrder {index:0;}">
            <Coords points="510,457 3057,457 3057,2004 510,2004"/>
            <TextLine id="tr_1_tl_1" custom="readingOrder {index:0;}">
                <Coords points="2489,506 2505,506 2549,542 2580,545 2598,526 2622,539 2635,532 2653,537 2664,352 2635,347 2598,313 2580,323 2533,305 2499,313"/>
                <Baseline points="2501,516 2525,516 2570,513 2615,510 2660,507"/>
                <TextEquiv>
                    <Unicode>357.</Unicode>
                </TextEquiv>
            </TextLine>
            <TextLine id="tr_1_tl_2" custom="readingOrder {index:1;}">
                <Coords points="959,740 2893,698 2898,472 2690,553 2458,506 2022,566 1840,485 1572,592 962,576"/>
                <Baseline points="973,716 1018,716 1062,716 1107,713 1152,713 1197,713 1242,710 1286,710 1331,710 1376,707 1421,707 1465,707 1510,707 1555,704 1600,701 1645,701 1689,701 1734,701 1779,698 1824,698 1869,698 1913,698 1958,695 2003,692 2048,695 2092,695 2137,695 2182,695 2227,692 2272,689 2316,686 2361,683 2406,683 2451,680 2496,677 2540,677 2585,674 2630,674 2675,674 2719,674 2764,671 2809,668 2854,668 2899,671"/>
                <TextEquiv>
                    <Unicode>O die Welt ist sehr schon, auch ohne dass</Unicode>
                </TextEquiv>
            </TextLine>
            <TextLine id="tr_1_tl_3" custom="readingOrder {index:2;}">
                <Coords points="506,771 644,764 667,777 740,753 790,758 787,678 756,675 730,652 706,665 667,639 649,654 615,654 586,670 555,657 521,675 503,672"/>
                <Baseline points="519,731 564,737 609,734 653,734 698,737 743,740 788,743 797,740"/>
                <TextEquiv>
                    <Unicode>Julia.</Unicode>
                </TextEquiv>
            </TextLine>
            <TextLine id="tr_1_tl_4" custom="readingOrder {index:3;}">
                <Coords points="943,884 1963,881 1963,834 1877,792 1019,831 946,784"/>
                <Baseline points="958,877 985,877 1030,874 1074,874 1119,874 1164,874 1209,871 1253,868 1298,868 1343,868 1388,868 1433,865 1477,865 1522,865 1567,865 1612,862 1657,859 1701,856 1746,856 1791,853 1836,853 1880,853 1925,856 1970,862"/>
                <TextEquiv>
                    <Unicode>man Fürsten ermordet.</Unicode>
                </TextEquiv>
            </TextLine>
            <TextLine id="tr_1_tl_5" custom="readingOrder {index:4;}">
                <Coords points="956,1071 2765,1009 2901,980 2903,891 2320,831 1861,910 962,897"/>
                <Baseline points="970,1039 982,1039 1027,1036 1071,1030 1116,1033 1161,1030 1206,1030 1250,1027 1295,1027 1340,1027 1385,1024 1430,1024 1474,1021 1519,1021 1564,1024 1609,1021 1654,1018 1698,1018 1743,1015 1788,1012 1833,1012 1877,1009 1922,1009 1967,1009 2012,1009 2057,1009 2101,1009 2146,1006 2191,1006 2236,1006 2281,1003 2325,1003 2370,1003 2415,1000 2460,997 2504,997 2549,997 2594,994 2639,994 2684,991 2728,988 2773,985 2818,982 2863,973 2908,976"/>
                <TextEquiv>
                    <Unicode>Die Welt ist nicht mehr schön, wenn die -</Unicode>
                </TextEquiv>
            </TextLine>
            <TextLine id="tr_1_tl_6" custom="readingOrder {index:5;}">
                <Coords points="495,1058 537,1058 553,1066 571,1053 605,1053 615,1063 644,1066 701,1058 701,954 657,954 639,941 623,941 602,962 586,956 563,970 495,970"/>
                <Baseline points="510,1050 525,1047 570,1047 615,1047 659,1047 704,1047"/>
                <TextEquiv>
                    <Unicode>Des.</Unicode>
                </TextEquiv>
            </TextLine>
            <TextLine id="tr_1_tl_7" custom="readingOrder {index:6;}">
                <Coords points="970,1230 2989,1191 2995,1019 1801,1019 1618,1131 972,1147"/>
                <Baseline points="985,1194 1027,1191 1071,1188 1116,1191 1161,1191 1206,1191 1250,1188 1295,1185 1340,1185 1385,1185 1430,1182 1474,1179 1519,1179 1564,1179 1609,1176 1654,1176 1698,1173 1743,1170 1788,1167 1833,1170 1877,1167 1922,1167 1967,1164 2012,1164 2057,1164 2101,1161 2146,1158 2191,1158 2236,1155 2281,1155 2325,1155 2370,1155 2415,1155 2460,1155 2504,1155 2549,1155 2594,1152 2639,1149 2684,1149 2728,1146 2773,1143 2818,1143 2863,1140 2908,1140 2952,1137 2997,1131"/>
                <TextEquiv>
                    <Unicode>jen gen einer Idee untreu werden, um derent</Unicode>
                </TextEquiv>
            </TextLine>
            <TextLine id="tr_1_tl_8" custom="readingOrder {index:7;}">
                <Coords points="1016,1355 2885,1327 2958,1301 2961,1186 2724,1183 2479,1285 2325,1194 1811,1178 1019,1269"/>
                <Baseline points="1030,1346 1036,1346 1080,1346 1125,1346 1170,1346 1215,1346 1259,1343 1304,1343 1349,1340 1394,1340 1439,1337 1483,1337 1528,1337 1573,1334 1618,1334 1663,1331 1707,1331 1752,1328 1797,1331 1842,1328 1886,1325 1931,1325 1976,1325 2021,1325 2066,1322 2110,1322 2155,1319 2200,1319 2245,1319 2290,1316 2334,1316 2379,1316 2424,1313 2469,1313 2513,1316 2558,1313 2603,1310 2648,1307 2693,1307 2737,1307 2782,1304 2827,1301 2872,1298 2917,1295 2961,1298"/>
                <TextEquiv>
                    <Unicode>willen man alles auf sich nahm. Ich habe</Unicode>
                </TextEquiv>
            </TextLine>
            <TextLine id="tr_1_tl_9" custom="readingOrder {index:8;}">
                <Coords points="959,1540 2729,1501 2901,1478 2903,1353 962,1384"/>
                <Baseline points="973,1510 979,1510 1024,1510 1068,1507 1113,1507 1158,1507 1203,1507 1248,1504 1292,1504 1337,1501 1382,1501 1427,1498 1471,1498 1516,1495 1561,1492 1606,1492 1651,1492 1695,1489 1740,1489 1785,1489 1830,1486 1875,1486 1919,1483 1964,1483 2009,1483 2054,1480 2098,1480 2143,1480 2188,1477 2233,1474 2278,1474 2322,1474 2367,1474 2412,1471 2457,1471 2501,1474 2546,1474 2591,1471 2636,1471 2681,1468 2725,1468 2770,1468 2815,1468 2860,1465 2905,1468"/>
                <TextEquiv>
                    <Unicode>Ihnen noch Grüsse vom Vicomte zu bringen.</Unicode>
                </TextEquiv>
            </TextLine>
            <TextLine id="tr_1_tl_10" custom="readingOrder {index:9;}">
                <Coords points="964,1665 1248,1720 1673,1652 1939,1699 2116,1639 2578,1668 2578,1600 2484,1613 2309,1522 1115,1574 967,1525"/>
                <Baseline points="979,1663 1015,1663 1059,1663 1104,1663 1149,1663 1194,1663 1239,1663 1283,1660 1328,1657 1373,1657 1418,1654 1462,1654 1507,1654 1552,1654 1597,1651 1642,1651 1686,1651 1731,1648 1776,1648 1821,1648 1866,1645 1910,1642 1955,1642 2000,1639 2045,1639 2089,1639 2134,1636 2179,1633 2224,1633 2269,1633 2313,1633 2358,1633 2403,1633 2448,1633 2493,1636 2537,1639 2582,1639"/>
                <TextEquiv>
                    <Unicode>Er lässt Ihnen sagen Vicomtesse...</Unicode>
                </TextEquiv>
            </TextLine>
            <TextLine id="tr_1_tl_11" custom="readingOrder {index:10;}">
                <Coords points="970,1840 1147,1837 1293,1874 1363,1832 1454,1843 1603,1806 1772,1858 1796,1848 1798,1738 1660,1684 1470,1720 1311,1704 1191,1746 972,1702"/>
                <Baseline points="985,1818 997,1815 1042,1818 1086,1818 1131,1818 1176,1815 1221,1815 1265,1815 1310,1812 1355,1812 1400,1812 1445,1809 1489,1809 1534,1806 1579,1806 1624,1806 1668,1803 1713,1800 1758,1800 1803,1800"/>
                <TextEquiv>
                    <Unicode>Warum zögern Sie?</Unicode>
                </TextEquiv>
            </TextLine>
            <TextLine id="tr_1_tl_12" custom="readingOrder {index:11;}">
                <Coords points="516,1858 581,1848 594,1835 641,1856 667,1843 717,1850 735,1835 800,1840 800,1783 748,1780 717,1764 654,1762 599,1777 573,1764 537,1785 516,1780"/>
                <Baseline points="531,1842 534,1842 579,1833 624,1836 668,1833 713,1833 758,1830 803,1833"/>
                <TextEquiv>
                    <Unicode>Julia.</Unicode>
                </TextEquiv>
            </TextLine>
            <TextLine id="tr_1_tl_13" custom="readingOrder {index:12;}">
                <Coords points="975,1996 2945,1976 3047,1949 3052,1783 977,1845"/>
                <Baseline points="988,1979 997,1979 1042,1976 1086,1976 1131,1973 1176,1973 1221,1973 1265,1970 1310,1970 1355,1967 1400,1967 1445,1967 1489,1967 1534,1967 1579,1964 1624,1961 1668,1961 1713,1961 1758,1958 1803,1958 1848,1955 1892,1955 1937,1955 1982,1955 2027,1952 2072,1952 2116,1952 2161,1949 2206,1949 2251,1946 2295,1946 2340,1943 2385,1943 2430,1943 2475,1943 2519,1943 2564,1940 2609,1940 2654,1937 2699,1934 2743,1931 2788,1931 2833,1931 2878,1928 2922,1928 2967,1925 3012,1925 3057,1928"/>
                <TextEquiv>
                    <Unicode>Ich erwarte zu hören ob Ihnen Bonaparte viel</Unicode>
                </TextEquiv>
            </TextLine>
            <TextLine id="tr_1_tl_14" custom="readingOrder {index:13;}">
                <Coords points="508,2004 537,1999 560,2009 594,2009 618,2004 636,1989 644,1999 685,1991 730,2002 725,1936 696,1936 680,1926 641,1934 597,1903 584,1903 560,1921 511,1923"/>
                <Baseline points="525,1994 555,1994 600,1991 644,1988 689,1988 734,1991"/>
                <TextEquiv>
                    <Unicode>Des.</Unicode>
                </TextEquiv>
            </TextLine>
        </TextRegion>
        <TextRegion id="tr_2" custom="readingOrder {index:1;}">
            <Coords points="540,2036 3078,2036 3078,3760 540,3760"/>
            <TextLine id="tr_2_tl_1" custom="readingOrder {index:0;}">
                <Coords points="977,2161 3055,2116 3078,1978 1871,2004 1757,2064 1579,1999 983,2022"/>
                <Baseline points="994,2137 1018,2134 1062,2134 1107,2134 1152,2134 1197,2131 1242,2131 1286,2128 1331,2128 1376,2128 1421,2125 1465,2125 1510,2122 1555,2122 1600,2122 1645,2122 1689,2119 1734,2119 1779,2116 1824,2116 1869,2116 1913,2113 1958,2113 2003,2113 2048,2110 2092,2110 2137,2107 2182,2107 2227,2107 2272,2107 2316,2107 2361,2104 2406,2101 2451,2101 2496,2098 2540,2098 2585,2095 2630,2095 2675,2095 2719,2092 2764,2092 2809,2089 2854,2086 2899,2086 2943,2086 2988,2086 3033,2089 3078,2092"/>
                <TextEquiv>
                    <Unicode>leicht auch schon die Liebesgeständnisse des</Unicode>
                </TextEquiv>
            </TextLine>
            <TextLine id="tr_2_tl_2" custom="readingOrder {index:1;}">
                <Coords points="983,2296 1241,2335 1363,2286 1449,2288 1512,2335 1684,2288 1916,2314 1986,2286 1989,2155 1918,2129 1738,2171 1634,2132 1353,2189 985,2181"/>
                <Baseline points="1000,2290 1006,2290 1050,2292 1095,2290 1140,2290 1185,2287 1230,2287 1274,2287 1319,2284 1364,2284 1409,2284 1454,2284 1498,2281 1543,2281 1588,2281 1633,2278 1677,2278 1722,2278 1767,2278 1812,2275 1857,2275 1901,2275 1946,2272 1991,2278"/>
                <TextEquiv>
                    <Unicode>Vicomte bestellt hat.</Unicode>
                </TextEquiv>
            </TextLine>
            <TextLine id="tr_2_tl_3" custom="readingOrder {index:2;}">
                <Coords points="988,2481 2950,2424 2971,2262 2674,2223 2075,2327 990,2327"/>
                <Baseline points="1003,2457 1006,2457 1050,2454 1095,2454 1140,2451 1185,2451 1230,2451 1274,2448 1319,2448 1364,2445 1409,2445 1454,2445 1498,2445 1543,2442 1588,2442 1633,2439 1677,2436 1722,2436 1767,2433 1812,2433 1857,2433 1901,2433 1946,2430 1991,2430 2036,2430 2081,2430 2125,2430 2170,2427 2215,2427 2260,2427 2304,2424 2349,2424 2394,2421 2439,2421 2484,2421 2528,2418 2573,2418 2618,2418 2663,2415 2708,2415 2752,2412 2797,2409 2842,2409 2887,2406 2931,2406 2976,2406"/>
                <TextEquiv>
                    <Unicode>Ich weiss nicht ob wir Zeit haben uns über</Unicode>
                </TextEquiv>
            </TextLine>
            <TextLine id="tr_2_tl_4" custom="readingOrder {index:3;}">
                <Coords points="529,2541 553,2546 615,2518 675,2528 771,2523 834,2499 831,2393 798,2387 779,2403 738,2372 688,2408 646,2382 626,2395 571,2351 526,2351"/>
                <Baseline points="540,2466 585,2466 629,2469 674,2466 719,2466 764,2469 809,2469 838,2472"/>
                <TextEquiv>
                    <Unicode>ulia.</Unicode>
                </TextEquiv>
            </TextLine>
            <TextLine id="tr_2_tl_5" custom="readingOrder {index:4;}">
                <Coords points="1084,2624 2724,2619 3065,2567 3070,2429 1087,2494"/>
                <Baseline points="1098,2609 1101,2609 1146,2606 1191,2606 1236,2609 1280,2609 1325,2609 1370,2603 1415,2603 1459,2603 1504,2600 1549,2600 1594,2597 1639,2597 1683,2597 1728,2594 1773,2594 1818,2591 1863,2591 1907,2588 1952,2588 1997,2588 2042,2588 2086,2585 2131,2585 2176,2585 2221,2585 2266,2585 2310,2582 2355,2579 2400,2579 2445,2576 2490,2576 2534,2573 2579,2573 2624,2573 2669,2573 2713,2570 2758,2570 2803,2567 2848,2564 2893,2564 2937,2564 2982,2561 3027,2561 3072,2564"/>
                <TextEquiv>
                    <Unicode>dergleichen Privatangelegenheiten zu unter</Unicode>
                </TextEquiv>
            </TextLine>
            <TextLine id="tr_2_tl_6" custom="readingOrder {index:5;}">
                <Coords points="988,2799 2916,2768 2979,2664 2567,2591 993,2638"/>
                <Baseline points="1003,2773 1012,2770 1056,2767 1101,2767 1146,2767 1191,2767 1236,2767 1280,2767 1325,2767 1370,2764 1415,2761 1459,2761 1504,2761 1549,2761 1594,2758 1639,2755 1683,2755 1728,2755 1773,2752 1818,2752 1863,2749 1907,2749 1952,2749 1997,2749 2042,2746 2086,2746 2131,2743 2176,2746 2221,2743 2266,2743 2310,2740 2355,2740 2400,2737 2445,2737 2490,2734 2534,2734 2579,2731 2624,2728 2669,2728 2713,2728 2758,2728 2803,2728 2848,2725 2893,2725 2937,2722 2982,2722"/>
                <TextEquiv>
                    <Unicode>halten, wenn die Geschichte Frankreichs in</Unicode>
                </TextEquiv>
            </TextLine>
            <TextLine id="tr_2_tl_7" custom="readingOrder {index:6;}">
                <Coords points="996,2948 1045,2958 1110,2935 1215,2961 1509,2935 1579,2955 1585,2786 1496,2817 1418,2794 1363,2810 1319,2794 1256,2825 1113,2794 1001,2807"/>
                <Baseline points="1009,2934 1050,2931 1095,2928 1140,2928 1185,2931 1230,2928 1274,2928 1319,2925 1364,2922 1409,2922 1454,2922 1498,2919 1543,2919 1588,2922"/>
                <TextEquiv>
                    <Unicode>Frage steht</Unicode>
                </TextEquiv>
            </TextLine>
            <TextLine id="tr_2_tl_8" custom="readingOrder {index:7;}">
                <Coords points="998,3112 2757,3081 2760,2927 2429,2885 2278,2935 2176,2885 1968,2963 1001,2969"/>
                <Baseline points="1012,3093 1018,3093 1062,3090 1107,3087 1152,3087 1197,3087 1242,3087 1286,3084 1331,3084 1376,3081 1421,3081 1465,3081 1510,3081 1555,3081 1600,3081 1645,3078 1689,3078 1734,3075 1779,3075 1824,3075 1869,3072 1913,3072 1958,3069 2003,3069 2048,3066 2092,3066 2137,3069 2182,3069 2227,3063 2272,3063 2316,3060 2361,3060 2406,3057 2451,3057 2496,3057 2540,3054 2585,3054 2630,3054 2675,3054 2719,3057 2764,3057"/>
                <TextEquiv>
                    <Unicode>Für Sie wohl nicht mehr, Vicomtesse.</Unicode>
                </TextEquiv>
            </TextLine>
            <TextLine id="tr_2_tl_9" custom="readingOrder {index:8;}">
                <Coords points="534,3112 607,3125 623,3112 641,3120 662,3109 706,3128 727,3120 745,3128 751,2969 709,2971 701,2963 667,2979 639,2974 607,2984 537,2974"/>
                <Baseline points="549,3111 576,3108 621,3108 665,3105 710,3105 755,3108"/>
                <TextEquiv>
                    <Unicode>Des.</Unicode>
                </TextEquiv>
            </TextLine>
            <TextLine id="tr_2_tl_10" custom="readingOrder {index:9;}">
                <Coords points="1001,3289 2872,3250 2995,3234 2997,3159 2033,3174 1744,3086 1473,3190 1003,3185"/>
                <Baseline points="1018,3254 1030,3251 1074,3251 1119,3248 1164,3245 1209,3245 1253,3245 1298,3245 1343,3242 1388,3239 1433,3239 1477,3236 1522,3236 1567,3239 1612,3239 1657,3239 1701,3233 1746,3233 1791,3233 1836,3230 1880,3230 1925,3227 1970,3227 2015,3224 2060,3224 2104,3224 2149,3224 2194,3221 2239,3221 2284,3221 2328,3218 2373,3221 2418,3215 2463,3215 2507,3212 2552,3212 2597,3209 2642,3209 2687,3209 2731,3206 2776,3206 2821,3206 2866,3203 2911,3203 2955,3203 3000,3203"/>
                <TextEquiv>
                    <Unicode>Armer Mensch, Sie haben mich nicht verstan</Unicode>
                </TextEquiv>
            </TextLine>
            <TextLine id="tr_2_tl_11" custom="readingOrder {index:10;}">
                <Coords points="547,3268 589,3273 639,3313 683,3300 696,3310 753,3273 769,3284 787,3266 839,3268 839,3224 826,3224 792,3193 748,3198 719,3185 704,3195 659,3195 607,3174 597,3185 547,3182"/>
                <Baseline points="561,3266 579,3263 624,3260 668,3260 713,3260 758,3260 803,3260 847,3260"/>
                <TextEquiv>
                    <Unicode>Julia.</Unicode>
                </TextEquiv>
            </TextLine>
            <TextLine id="tr_2_tl_12" custom="readingOrder {index:11;}">
                <Coords points="1022,3432 2961,3401 2984,3242 1024,3300"/>
                <Baseline points="1036,3409 1062,3409 1107,3406 1152,3406 1197,3409 1242,3409 1286,3409 1331,3400 1376,3400 1421,3397 1465,3397 1510,3394 1555,3394 1600,3394 1645,3394 1689,3391 1734,3388 1779,3388 1824,3388 1869,3388 1913,3385 1958,3382 2003,3382 2048,3382 2092,3382 2137,3382 2182,3379 2227,3379 2272,3379 2316,3376 2361,3376 2406,3376 2451,3376 2496,3376 2540,3376 2585,3373 2630,3373 2675,3370 2719,3370 2764,3370 2809,3367 2854,3367 2899,3364 2943,3364 2988,3364"/>
                <TextEquiv>
                    <Unicode>den. Ihr wart töricht in Paris. Wisst Ihr</Unicode>
                </TextEquiv>
            </TextLine>
            <TextLine id="tr_2_tl_13" custom="readingOrder {index:12;}">
                <Coords points="1048,3581 2291,3547 2458,3589 2614,3555 2617,3445 2098,3495 1715,3432 1592,3503 1050,3505"/>
                <Baseline points="1065,3570 1098,3570 1143,3567 1188,3570 1233,3567 1277,3567 1322,3567 1367,3564 1412,3561 1457,3561 1501,3561 1546,3558 1591,3558 1636,3558 1680,3555 1725,3552 1770,3552 1815,3552 1860,3552 1904,3549 1949,3546 1994,3546 2039,3546 2084,3543 2128,3543 2173,3543 2218,3543 2263,3543 2307,3541 2352,3541 2397,3543 2442,3541 2487,3538 2531,3535 2576,3535 2621,3532"/>
                <TextEquiv>
                    <Unicode>wieviel Verräter unter Euch und?</Unicode>
                </TextEquiv>
            </TextLine>
            <TextLine id="tr_2_tl_14" custom="readingOrder {index:13;}">
                <Coords points="1022,3727 1522,3774 1887,3709 2916,3719 2971,3539 1024,3612"/>
                <Baseline points="1036,3723 1050,3726 1095,3729 1140,3729 1185,3729 1230,3729 1274,3726 1319,3723 1364,3723 1409,3720 1454,3717 1498,3717 1543,3717 1588,3714 1633,3714 1677,3714 1722,3711 1767,3711 1812,3708 1857,3708 1901,3708 1946,3705 1991,3705 2036,3702 2081,3702 2125,3702 2170,3699 2215,3699 2260,3699 2304,3699 2349,3696 2394,3696 2439,3696 2484,3696 2528,3696 2573,3693 2618,3690 2663,3687 2708,3687 2752,3684 2797,3684 2842,3681 2887,3681 2931,3681 2976,3681"/>
                <TextEquiv>
                    <Unicode>Wenn ein Verräter unter uns ist, einer un</Unicode>
                </TextEquiv>
            </TextLine>
            <TextLine id="tr_2_tl_15" custom="readingOrder {index:14;}">
                <Coords points="566,3776 589,3774 607,3761 644,3766 659,3753 675,3766 706,3769 727,3787 748,3782 751,3599 712,3594 691,3576 649,3571 626,3573 602,3594 568,3594"/>
                <Baseline points="579,3750 621,3747 665,3747 710,3747 755,3747"/>
                <TextEquiv>
                    <Unicode>les.</Unicode>
                </TextEquiv>
            </TextLine>
        </TextRegion>
    </Page>
</PcGts>
