6792 4376
5990 427 6168 590 856
3878 543 6284 771 Etzelt. Medardus, es war ein Abenteuer, nimm es so.
3878 755 6271 936 medard. Wenn morgen das Tor nicht offen steht, ich
4334 886 4958 1083 komm hinüber.
3881 1017 5020 1207 Etzetl Was hast Du vor?
3888 1154 6274 1370 Medard. Es Ihnen ins Gesicht zu schrein, wir wollen
4349 1320 6306 1544 sehn, ob der Vicomte von Barry de Dirne des
4256 1526 5972 1700 Medardus Klaehr zur Frau nehmen wird.
3906 1669 4920 1844 Etzelt. Komm zu Dir.
4274 1825 5806 2006 Neuer Feuerschein, immer stärker.
3897 1987 5029 2200 Uralter Mann mit Gretel.
3912 2162 5632 2324 Gretel. Ich will heim, Urgrossvater.
3928 2281 6221 2449 Eschenb. Was macht ihr da alter Mann, schaut dass
4287 2424 6440 2624 ihr heimkommt. Es ist kein gutes Wetter heute,
4324 2586 6231 2761 für alte Leute, und für junge auch nicht.
3909 2758 6418 2923 Uralter M. Ah Sie meinen, wegen dem bissel schiessen.
4374 2874 6421 3076 Ah mir g schieht nix. Sixt Greterl, da drü -
4380 3042 6259 3207 ben, da sind sie Franzosen, das sind die
3994 3195 6455 3354 Fende und da herüben sind die Freunde. Und
3969 3313 4352 3429 den Bruder
4521 3307 6309 3498 das, das ist der Krieg. Weisst was der
3990 3382 4455 3498 uspellt hast
4387 3448 6340 3691 Krieg ist? Das ist eine Krankheit, an der
