3432 4200
1303 532 3059 790 Karl Etzelt tritt auf, blasser junger
1287 753 2912 974 Mensch, mit grossen blauen Augen,
1343 911 2438 1119 glatt gestrichnen Haar.
850 1071 1195 1271 Medard.
1293 1079 2867 1290 Ah da kommt noch einer. Grüss Gott
1869 1193 2962 1358 Bast di enelit de
3004 1185 3154 1374 l'
1271 1271 2948 1503 Karl Ich hat sehon gedacht, ich seh
1256 1466 2922 1635 Dich nicht mehr. Nun kommet Du eben
1356 1645 2688 1859 zurecht, was denkst Du wozu?
840 1795 2954 2001 Karl. / beherrscht/ Mir ist als wür es nicht
2009 1932 2793 2064 Gute Eben
1250 1995 2964 2185 schwer zu raten. Fräulein Agathe mir
1648 2101 2993 2290 he beglechen in. he is Hasser.
1298 2193 2669 2411 scheint man kann gratulieren.
821 2346 1164 2475 Agathe.
1240 2377 3054 2530 Ich nahm es von wenigen lieber an, al-
1190 2535 2790 2711 von Ihnen. / reicht ihn die Hand /.
779 2667 1066 2830 Karl.
1269 2706 2840 2935 Erlauben Sie mir, auch Ihnen Frau
1171 2888 2904 3141 Klaehr und Ihnen Herr Marquis.../Kärz
1214 3077 1695 3270 dereichen/
792 3238 1124 3420 Medard.
1200 3233 2904 3488 (Ich hab wahrhaftig schon gefürchtet,
1208 3433 2772 3612 dass ich fort muss,ohne von Dir
