3192 4120
2404 274 2587 505 36?
742 465 2739 721 denn die Menschen hier, dass ein Feind tau
707 649 2781 869 send Schritte weit von uns sitzt? Ich glaube
832 798 2781 1010 mit jeder Sekunde, die er weiterlebt muss
822 960 2364 1188 seine Verachtung für uns steigen.
779 1125 2845 1327 Ich glaube, Sie irren sich. Er hält sich gut
300 1239 665 1425 Etzelt.
795 1263 2821 1500 verwahrt. Er hat Angst. Wissen Sie was ihm
795 1460 2824 1662 neulich begegnet. Einem von der Bürgergarde
856 1523 2688 1787 dem Kaufmann Reich scheute das Pferd, es
814 1749 2901 1959 rannte an Bonaparte an, Honaparte gab seinem
816 1949 2374 2106 Pferd die Sporen und raste davon.
782 2063 2837 2276 Natürlich, konnte er auf den Einfall kommen,
308 2154 659 2316 Frau K.
928 2183 2808 2427 dass das Ross klüger war als der Reiter?
851 2398 2473 2619 Nein, Wien hat keine Männer.
1946 2438 2829 2635 Cie le Compniss d'une
851 2571 1805 2746 Keine Meuchelmörder.
2015 2598 2204 2709 that
346 2587 689 2840 Etzelt.
853 2656 2999 2898 Was ist denn er? Er meuchelt von fern, durch
351 2818 699 2935 Frau K.
888 2848 2906 3052 einen Erlass, durch eine Laune? und was bei
2481 2935 2643 3039 hat
883 3023 2871 3228 andern Menschen morden hiesse, heisst bei
891 3127 2808 3377 ihm kämpfen. Und wieder wird er Wien ver
1040 3172 1497 3284 hok naven
947 3294 2752 3528 lassen ohne dass ihm ein Haar gekrümmt
861 3472 2858 3736 ist. Er reitet über die Basteien und scheu
