6776 4360
1005 830 1200 987 G.C.F.P.
673 3620 967 3778 vraVos
6090 440 6311 597 2 79
4462 516 6244 778 was de Naion gehört. Er hat anderes zu
4456 734 6396 941 vergeben. Vielleicht höheres. Und Sie Herr
4456 897 6303 1095 Vicome, werden morgen vor alla erfahren,
4415 1046 6425 1249 welche Aufgabe Sr. Maje tät Ihrem Degen zuge
4398 1215 6317 1421 daht hat., der sich bisher nur in Kämpfen
4462 1322 6442 1485 versuchen durfte, von enen das Vaterland kei
4398 1532 6492 1733 nen Nutzen hatte. / er verbeugt sich und geht
4450 1782 4753 1960 Pause.
4715 1873 5120 2027 Nicht
4211 1943 6486 2158 Julia. Es hat sich nichts verändert meine Herren,
4404 2100 4759 2280 nichts
4223 2272 6422 2470 Dagusa. Was sollen wir tun? Es ist alles ver-
4439 2400 6381 2653 raan. Was uns General Rapp überbracht hat,
4398 2560 5493 2738 wa Gnade nichts andere.
4462 2741 6504 2950 Wer sieannehmen will nehme sie an, ich nicht
4022 2712 4345 2895 Julia.
4045 2939 6384 3090 Vicomte. Was leibt uns übrig Julie und werweiss....
4043 3055 6358 3282 Juli. Sie werdn heute Abend auf dem Wegenach Pats
4415 3271 4616 3367 sen.
3949 3326 6096 3600 Vicomte. Banken Sie Julie Raauli Schicksal.
4045 3542 6244 3754 Julia. Ich hab ihm nie getraut, wir haben eine
