3450 4662
2645 370 2830 511 378
1078 575 2638 775 ja Bonaparte selbst zu sehn sein.
1118 735 2885 918 Er hält Nachmittag seine Parade ab im
1088 925 2053 1076 Schlosshof draussen.
1093 1049 2926 1256 Steht Dir der Sinn nach Militärparaden?
619 1115 967 1244 Etzelt.
1135 1231 1712 1424 Warum nicht.
634 1281 972 1409 Medard.
1101 1308 3008 1527 Medardus, ich wills Dir gestehn, ick bin
646 1441 975 1557 Etzelt.
1108 1510 2912 1685 Dir nach. Was geht Dir durch den Kopf?
1128 1675 2973 1838 Fürchte nichts guter Etzelt, Was immer
654 1745 999 1878 Medard.
1130 1789 3060 1986 ich gewollt hätte, ich dürfte es nicht me
1130 1949 2946 2191 mehr. Mein Plan ist mir aus den Händen
1147 2169 1631 2334 entwunden.
1145 2273 3055 2480 Komm, es wird Friede werden. Wir wollen
679 2381 1014 2514 Etzelt.
1167 2468 3052 2640 unsere Pläne machen. Im Herbst geht ein
1214 2596 3010 2808 vernünftiges Leben an,, Du wirst Deine
1216 2781 3104 2966 Studien wieder aufnehmen. All das Un -
1179 2909 3166 3129 geheure der letzten Monate wirst Du verges
1135 3089 2961 3272 sen. Es kommen jetzt schöne Herbstage.
1135 3232 2944 3450 Wir wollen auf ein paar Tage fortgehn.
1184 3410 2672 3573 Eine Fusswanderung ins Gebirge.
