6792 4520
838 1028 1137 1249 G.C.H.F.F
452 1460 1587 1711 dt xxxo Jndete xxx
505 1632 1450 1843 Buefisch Jasim Ja!
457 1820 1472 1988 re meseib aus abnusien
439 2084 1191 2315 iteur ou ils
691 2272 1277 2473 1.respere : mai
553 2422 1495 2633 nd.maan wie xxx
465 3496 670 3671 tew
6088 460 6301 594 223
4415 625 6367 843 Angst? Denkst Du, sie hätte fragen lassen,
4466 777 6418 1018 ob meine Wunde schwer, wenn sie mich ver -
4509 972 6433 1142 derben wollte? O nein, sie liess frage n,
4560 1112 6304 1272 weil sie mich liebt. Sie liebt mich,
4468 1239 6030 1447 Etzelt. — Ist Kome aus ihre Anver¬
4450 1379 6494 1592 Es war nicht Deine Art sonst dergleichen aus
3973 1427 4323 1610 Etzelt.
4476 1559 5809 1762 zuschwätzen. Du hast Fieber.
4501 1701 6504 1881 War es nicht meine Art sonst? Diesmal soll
3983 1780 4303 1909 Medard
4506 1884 6542 2041 es meine Art sein. Meinst Du dies sollte ein
4966 1995 5255 2094 schen
4509 1965 6436 2201 zärtliches Abenteuer sen? (Meine Dirne ist
4509 2138 6408 2348 sie geworden, wie Agathe dem Franz seine
4524 2285 6474 2496 war. Das gnädige Fräulein, die Tochter des
4509 2427 6522 2666 Herrn Marquis, des Medardus Dirne. Und mor
4522 2590 6499 2861 gen soll es wieder so, sein, und übermorgen
4542 2803 6547 3013 wieder und noch ein paar Nächte so ganz ins
4603 2909 6502 3168 geheim, dann aber wird ein Morgen kommen,
4549 3059 6596 3321 da schreit ich die grosse Treppe hinab, rufe
4544 3247 6474 3465 die Diener zusammen und die Mägde und ruf
4562 3437 6535 3620 es durch den Flur, von Fräulein Julie komm
4567 3559 6535 3813 ich. (Dort oben liegt sie in dem zerwühlten
4565 3727 6537 3900 Bett. Wer von Euch will sie, ich hab genug
