6744 4328
6112 450 6299 593 304
4298 559 6310 855 nehmen, Fräulein, seit dem Selbstmord Ihres
4306 790 6237 1014 Bruders, Ihre Gefasstheit, IHre Abkürzung
4280 886 6380 1151 der Trauer, Ihre so rasche Vermäh(ung nur den
4296 1097 6328 1331 einen Zweck hatte Ihren Vater in seinem Wahn
4394 1325 4961 1455 zu erhalten.
4353 1362 6393 1627 Sie kommen mir mitteilen was in meiner Seele
3867 1505 4153 1637 Julia.
4371 1637 4805 1785 vorgeht..
4566 1650 6403 1892 Nicht darum. Ich komme Sie bitten, Ihrer
4418 1804 6253 2017 Mutter das selbst zu sagen. Es wird ein
3867 1798 4124 1952 Assa.
4480 1933 6432 2136 Trost ohne gleichen für sie sein, sie wird
4436 2113 6242 2313 fühlen, dass sie nicht mehr allein ist,
4361 2222 6458 2469 dass sie eine Tochter hat, es wird, verzeihen
4413 2435 6383 2612 Sie, das Grauen mildern, dass sie hier um -
4431 2578 6357 2794 fängt. Erschliessen Sie sich Ihrer Mutter.
4436 2879 6076 3108 (Der Beginn dieser Scene vielleicht:
4454 2978 6499 3233 Ich kömme Sie beglückwünschen wie wundervoll
4402 3217 5491 3417 Sie Ihre Rolle spielen.
4688 3337 5444 3539 to the tale -
