6824 4440
1099 3318 1610 3606 Pour Vous
469 3516 744 3721 J’ai eu
818 3526 1888 3730 Dood.ast ied lnow noch
527 3673 1603 3900 Kol.Jdoin xxies xxx
6151 380 6340 578 121
5433 501 6416 722 + u eril... lett nal...
4292 655 6403 878 habe sein Grab gesehn, (ich weiss wo er ruht
4363 840 6477 1022 und werde nicht wieder kommen xxx  nimmt Blumen
4404 996 6435 1150 aus ihrem Gürtel./ Fahre wohl, lieber, ar-
4308 1102 6483 1357 mer, törichter Bruder. / lässt die Blumen aufs
4334 1309 4941 1527 Grab sinken.
3954 1402 6429 1654 Medardus / erhebt sich. /Nehmen Sie diese Blumen wie
5595 1546 6225 1661 durs Thies Haus.
4334 1575 6426 1795 der fort, Fräulein, Blumen von Ihnen enthei
4379 1741 6410 1945 ligen dieses Grab. (Sie vergessen, dass) hier
5104 1872 5519 2006 eine die
4669 1897 5043 2006 nicht leven
4382 1884 6496 2149 unten eine ruht, die ich (vor Hohn) zu schützen
4637 2054 5161 2162 id hin ent¬
4321 2098 5378 2287 habe, meine Schwester.
4385 2207 6368 2443 / sieht ihn an, dann zu Nerina / Die wohl
3951 2290 4251 2424 Julia.
4379 2427 6487 2568 um einiges sanfter war, wenn sie meinem Bru-
4350 2536 5803 2763 der so wohl gefiel. Komm Nerik.
5966 2597 6493 2810 1 ch vertrek
3963 2766 6528 2980 Medardus.Nehmen Sie diese Blumen fort oder Sie zwingen
4906 2910 5353 3018 et sur la M.
4398 2948 6333 3120 mich sie mit den Füssen fortzuschleudern.
3970 3066 6362 3293 Julia. (Sol nimm die Blumenkauf Nerina. Ich möchte
4347 3254 6522 3504 nicht, dass sie die Stiefel dieses ungezogenen
4353 3433 5225 3622 Burschen berühren.
5730 3500 5892 3622 Ihr
3880 3488 6407 3817 Medard. Eine reinere Berührung, als die hochmüti,
4746 3740 5037 3951 mont.
