6840 4488
616 691 820 838 Bol
569 751 2547 1050 davitragenie unilasblo und, regnini
581 985 2496 1212 alsdann xxx zuschotn eia eie xxx nieren
682 1155 2589 1439 aus. JfeW reb ni os i am i. isi asd.medex
1296 1338 2412 1574 amtebrä Jnoia T!w neb:ow
2615 1466 2936 1673 V VV -
628 1535 2499 1745 sus noob zaw etb.Tdesik edtspa ein redA
1380 1697 2412 1936 .ellimat andssed rente
2592 1885 2933 2044 a¬
539 1861 2454 2089 doob sind das aaß gewoontV gb Tods ab
769 2110 2475 2250 nedst ottms rnav ente doon
616 2211 2559 2430 menies fim ein alspvsk medis med aneb ei¬
823 2400 2475 2615 nedel re###al ni niemtdo3 does
2217 2574 2547 2765 ¬mdes
527 2738 2936 3010 lemmidos albes elb Jim ved
1855 2948 2478 3142 «asb Töw Teb
706 3028 2951 3367 ....li I nesog hab xxx asb anogineeU.dadoa
685 3280 2532 3537 vand nie lasld st fioa aab anbraben reb
2322 3531 2577 3663 mes
4201 652 4623 889 Frau Gr.
4716 622 6452 874 Ja von dem erzählt man sich allerlei.
4570 847 6449 1044 Mit was für Frauenzimmer der herunläuft.
3726 850 4210 1062 du Tisabeth
4201 973 6422 1176 Frau F. / zu x/ Kennen Sie ihn denn so gut, den
4549 1212 5024 1412 Medardus.
4201 1377 4498 1574 Weigl.
4602 1335 6506 1529 Na hörns das is gut, ob ich den Medardus
4160 1538 4330 1733 w
4692 1553 6275 1763 kenn. Die ganze Familie kenn ich.
4602 1727 6509 1906 Glaubens mein Geschäft geht so, dass ich
4662 1921 6419 2137 zum Vergnügen auf den Friedhof laufen
4644 2101 4971 2274 könnt.
4163 2241 4522 2418 Wachsh.
4588 2217 6479 2451 Aber ein Lamp ist er nicht der Medardus,
4178 2454 4411 2690 Toive
4561 2460 6515 2603 freilich was die jungen Damen anbelangt...
4590 2615 6569 2822 da ist bald einer ein Lamp. Oder es möcht
4537 2816 6443 2978 gern einer ein Lamp sein, es triffts nur
4528 3001 6551 3235 nicht jeder. Und jetzt ist er ja zu Militär
4614 3175 6482 3376 gegangen. zur Landwehr Und hat nur zwei
4537 3358 6506 3549 Tage Urlaub genommen, weil erbeim Begräb
4608 3507 5593 3747 nis dabei sein will.
