3432 4200
2527 322 2651 463 77
1318 589 2853 868 sind Soldaten. Unsre erste Pflicht
1258 746 2881 1051 ist Gehorsam gegen unsern obersten
1222 955 2885 1235 Kriegsherrn. Dass keiner mehr rede,
1303 1109 2719 1397 als er verantworten kann. Das
1273 1303 2883 1578 Kriegsglück ist wechselnd. Es kann
1337 1491 2945 1747 sein, dass ein Vort das heute eile
1320 1663 2986 1932 Begeisterung ist morgen als Hochver
1354 1885 2231 2103 rat bestraft wird.
2420 1904 2506 2041 P.S.
1343 1979 3032 2299 Und ich schwör es Dir, Wenn Oesterz.
812 2167 1220 2329 Rabenau.
1375 2188 3007 2482 reich jemals wieder unter Franzosen
1363 2393 2894 2649 herschaft kommt, wenn ich je als
1435 2529 3143 2828 Wiener den Nepolson als meinen Herrn
1450 2738 2964 3000 grüssen müsste, vonn noch einmal
1459 2860 3186 3186 die Franzosen in Wien residieren so
1657 3092 2962 3367 und das Bürgermilitär in den
1452 3278 3133 3540 Stassen Wiens stände, als die Gen.
1478 3463 2975 3764 darmerie Nepoleons, wenn je....
