6808 4536
559 946 1680 1138 mü. nenw ieder als xxx
433 1126 1877 1280 eidä etb xxxe8 nov xxx3V.
1225 1262 2100 1483 e,ffos medad fierens
498 1435 2118 1584 geb zu ik neb ni meudim, sieH ani me
554 1581 1920 1774 e oia xxx andere.neitei
564 1741 2090 1920 wohl nach, und es sich,
433 1908 1887 2090 sel aal besse entem. Indow xxx
640 2039 1897 2249 te ni edosä eis Jci enim im
2034 3653 2249 3838 duaîo
6092 539 6262 693 168
4574 645 6317 799 lei zu sagen. Adieu Schwester, adieu.
4526 779 5854 977 Medardus, adieu Anna. / ab /
4473 923 6393 1144 / zum Arzt:/ Silen wir ihn nicht doch ins
4056 941 4412 1085 Frau K.
4534 1068 6355 1323 Bett bringen? Es braucht nicht meines zu
4582 1255 4815 1381 sein
4481 1333 6345 1526 Ach ja, es gibt wohl ein vakantes in die
4116 1381 4379 1531 Arzt.
4587 1513 6393 1715 sem Haus. Ich habe gehört, habe Gehört.
5495 1642 6373 1746 Es sitt.- nil verteint auf et hé¬
4521 1662 6373 1892 Ein trauriger Fall. (Ja denken Sie doch
5989 1811 6358 1908 perlte trag
4539 1862 6421 2052 werte Frau Klaehr), heute früh starb auch
4478 1971 6502 2206 mein Kind, mein einziges Kind. Ich bracht
4493 2143 6510 2353 ihm die Krankheit mit von einem andern Kind,
4521 2317 6381 2495 das ich gesund gemacht habe. Und dieses
4670 2424 5123 2525 dans il est
4478 2452 6421 2654 Kind hat ausserdem sechs Geschwister. Ja
4519 2613 6333 2798 er hat Launen der da droben. Aber was
4481 2793 6510 2955 hiefts darüber zu sinnen. Daher finde ich
4526 2922 6391 3102 Herr Medardus liege wo er legt. Jaceat
4486 3028 6474 3266 ubi X jacet. xa a es klingt wie ein Sprih
4587 3241 6140 3413 wort, indes ich erfand es soeben.
4514 3362 5895 3567 / versinkt wieder in Sinnen/.
4486 3545 6408 3747 Sie werden ihm wohl was aufschreiben Herr
4104 3484 4372 3691 Anna.
