6808 4376
6313 524 6508 673 311
4308 659 5675 868 rig was ich hier zu tun habe.
4413 822 6416 1005 Sie hätten recht mich töten zu lassen. Ich
4308 1013 6467 1170 kam heute morgens nur her, um Sie zu beschimpfe
4313 1176 6364 1327 Schon in jener ersten Nacht wollt ich es tun.
4324 1273 6302 1473 Weisst Du warum Du es aufgabst; Du liebtest
3840 1322 4148 1462 Julia.
4265 1470 4513 1635 mich.
3838 1635 4194 1759 Medard.
4308 1608 4556 1767 Nein,
3859 1789 4132 1897 Julia.
4308 1754 5527 1905 Denkst Du an nichts mehr-
3848 1927 4178 2062 Medard.
4259 1943 6418 2040 Ich denke an eine Nacht, da ich eine zur Dirne
4259 2094 6381 2240 haben wollte und ich war selber ihr Narr. Ich
3740 2132 4100 2313 Weept d
4343 2265 6273 2378 denke an andre Nächte, da ich hier an den
3713 2289 4086 2427 det i be
3708 2362 4148 2581 sucuniteur
4270 2392 6443 2540 Mauern herum gestreift bin und da drin die Hun -
4294 2530 6332 2719 de kläfften. Ich denke an so viel, dass ich
4378 2705 6327 2848 müde worden bin und mich selbst nicht mehr
4308 2857 4748 3013 verstehe.
3827 3021 4138 3143 Julia.
4294 2978 6386 3162 Ich habe Dich zu mir gerufen, es soll kein Ge
4254 3165 6178 3284 heimnis mehr geben, ich weiss ja Du musst
4332 3324 6356 3475 mich für schuldig halten, ich wars ja auch,
4254 3489 6029 3659 erst seit heute morgens lieb ich Dich.
4283 3619 6248 3802 Du hattest recht mit allem. Ich wollte die
3829 3600 4170 3816 Medard.
