3400 4232
2866 433 3047 608 103
1197 677 3017 842 storben am 27 April 1810. merkwürdig.
1134 827 2950 1053 merkwürdig da war ich schon 84 und der
1047 1011 2635 1221 Herr Birzel ist mit 67 gestorben.
767 1200 2917 1380 Wachsh. Ma was soll man denn da machen, wenn
1122 1374 3035 1564 der Marquis es hat durchaus nicht zugeben
1170 1552 3011 1729 wollen. Es ist halt eine uralte adelige
1062 1747 3011 1898 Familie. Sie sollen ja sogar verwandt sei
1200 1880 3188 2108 mit dem alten Königshaus mit den Bourbone,
1245 2054 1820 2153 den was schönt
701 2066 3119 2322 Frau Gr. Aber ein Nar ist er der alte, das ist ja
1092 2301 1729 2457 stadtbekannt.
722 2466 2941 2638 Frau Bl. Alle Franzosen sind mehr oder weniger
1098 2595 3074 2869 Marren, wenigstens was die Einbildung an -
1149 2821 3038 3032 belangt. Wie sie nur herumstolziert sind
1146 2998 2514 3233 vor vier Jahren. Was Blimpfer?
710 3008 938 3263 Herr
1191 3185 3098 3404 Also Gott verzeih mir die Sünd, aber ich
752 3176 1125 3441 Frauver.
611 3365 1056 3507 sem huile
1212 3359 3200 3528 sag halt es ist eine Lehre, dass sich kein
647 3498 1074 3633 En vell
1167 3522 3155 3786 Wieder Müdel mit einen Franzosen einlassen
