6824 4424
6219 484 6427 695 124
4443 611 5807 799 liegt meine Schwester Agathe.
4004 766 4322 929 Julia.
4465 828 5388 974 Er hat es gewagt...
4014 977 4404 1104 Vicomte.
4514 922 6381 1137 Ich habe nicht gefragt., Julie. Wenn S4
4417 1088 6320 1270 Sie es notwendig finden werden Sie es mir
4371 1241 6320 1455 später erzählen. Mein Herr, wenn es Ihnen
4381 1406 6537 1604 recht ist, von jetzt in drei Stunden, das ist
4417 1588 6307 1780 genau um die Mittagszeit, am Eingang der
4371 1744 6511 1910 Penzinger Au. Wir haben von dort nicht länger
4417 1913 6463 2117 als drei Minuten zu einem Plätzchen, wo wir
4423 2046 5475 2254 ungestört sein werden.
3988 2208 4345 2354 Medard.
4452 2234 6450 2423 Ich werde zur Stelle sein. / er grüsst und
4550 2364 4891 2520 geht.
3985 2488 4381 2673 Vicomte.
4488 2546 6489 2702 Kommen Sie Julia. (Ich von von Ihrem Herrn
4417 2692 6417 2861 Vater für die nächste Stunden befohlen. Es
4365 2851 6524 3007 handelt sich um wichtiges. Renault ist ange -
4829 2965 5530 3108 Weis ich nicht
4391 3027 5440 3179 kommen.
5615 3010 6420 3192 gehst - was tifft.
4391 3147 6112 3312 Renauelt. Aus Paris? -
3994 3166 4300 3306 Julia.
4001 3267 6313 3524 Vicomte. Jedenfalls. Es ist nicht unmöglich nach
4345 3449 6372 3647 Andeutungen in einem seiner letzten Briefe,
5761 3588 6011 3692 Ihren
4407 3605 6505 3796 dass ich in wenigen Tagen in dem Angelegenheit
3816 3754 6430 3991 Er aber noch mit - dersch Hoffniesen. B. Burs sel beget Sie
4134 3881 4498 4007 - id cebé
