6808 4376
6154 500 6351 674 277
4504 634 6409 878 auf und niemand trug Schuld an ihrem Tode,
4493 819 6345 1019 als sie selbst in ihrer kindischen Vor -
4493 999 6398 1153 eiligkeit. Gehn Sie, Medardus Klaehr und
4498 1128 5158 1347 leben Siewohl.
4108 1285 4827 1482 Medard. (Julia..)
4594 1398 4855 1527 Lapi-
4493 1456 6286 1616 Fort von ihm. Er bedarf keines Geleite
4066 1470 4333 1572 Julia
4456 1600 6404 1765 Sie werden allein von hier nach Hause gehn.
4479 1771 6328 1925 Ihr Wahn ist verweht. Leben Sie wohl, Me
4473 1908 5130 2065 dardus Klaehr.
4145 1998 6401 2262 Mard. (Sieht um sich, wie fassungslos). (Dann be -
4473 2228 6482 2427 deckt er seine Augen mit beiden Händen wen
4510 2368 6272 2556 det sich um und geht langsam hinaus.
4473 2531 4827 2652 Pausfe.
4083 2643 4336 2806 Rapp.
4442 2655 6286 2854 Vicomtesse, welche wunderbare Macht haen
4456 2784 6379 3017 Sie soeben bewiesen, er sieht sie lang an
4498 2980 5739 3165 sie hält seinen Blick aus.
4083 3146 6182 3365 Marquis. Ich muss um Entschuldigung bten Herr
4420 3297 4953 3491 General... 4
4420 3452 6513 3623 Sie scherzen Herr Marquis. Man hat schliess
4030 3463 4249 3589 Rapp
4490 3614 6362 3850 lich so viel gesehn in diesen Jhren, dass
