3400 4152
2469 428 2591 552 40
931 593 2591 853 Na fragens meine Frau. Ich hat ihr
504 669 861 866 Berger.
934 791 2699 1018 gesagt, weisst Du ver jetzt da vorbei
934 969 2188 1189 geritten ist, der Napoleén.
940 1162 2572 1370 Lebt wohl, lebt wohl. Verzeiht mit
517 1197 864 1351 Medard.
940 1346 2710 1557 Agathe möcht iesnoch einwörtchen
958 1565 1763 1741 sprechen Mutter.
536 1754 1224 1920 Agtho. Bruder.
539 1874 2683 2098 Medard. (Ich möcht gern ruhig fort und ich bin
1010 2050 2643 2258 ging wirklich ganz ruhig, wenn ich
964 2239 2542 2434 nur wüsst wie es eigentlic in Dir
977 2472 1481 2629 ausschaut.
991 2596 2621 2816 Es sieht gar nicht schlecht aus in
563 2659 899 2870 Agathe.
980 2854 1205 2984 mir.
579 2978 2756 3165 Medardt Du bist nicht aufrichtig zu mir Agathe
1051 3141 2724 3368 seit einiger Zeit Schau Agathe Du
1007 3349 2691 3528 bist x ja zu gut, um Dich zu grünen
1007 3495 2667 3690 für einen. Du müsstest Dir dekken-
