6792 4376
6101 453 6307 629 263
4287 581 6166 780 schon Brücken über die Donau geschlagen?
3571 767 6150 1037 Wold Dagusan. St. Mars ist nicht in der Stadt gewesn,
4377 906 5700 1130 er war nicht in Schönbrunn?
3552 938 3979 1146 sentsbied
3568 1089 3828 1243 e
3886 1063 6217 1288 Vicomte. In Schönbrunn, hat es Sie gelockt um die
3536 1220 3760 1342 Kerl
4377 1230 6349 1468 Flamme zu flattern. Wie steht es mit Ihre
4252 1423 4653 1593 Flügeln?
3889 1538 6355 1789 St Mars. Herr Vicomte lassen Sie ein offenes Wort mit
4345 1712 6272 1882 Ihnen reden und dann, wenn Sie wollen und
4309 1824 6127 2036 können, nennen Sie mich einen Verräter.
3902 2007 6214 2245 Vicomte. Die Einleitung ist seltsam. Sprechen Sie.
3898 2161 6211 2341 St. Mars. Napoléon ist auf der Höhe seiner Macht.
4300 2344 6198 2486 Die Niederlage von Wie wird in Paris den
4399 2431 6294 2643 mächtigsten Wiederhall finden. Unsre Sa
4319 2643 6249 2819 che steht schlechter als je. Rechnen wir
4265 2813 6329 2986 mit den Verhältnissen. Ergeben wir uns darein
4348 2954 6198 3118 dass Bonaparte dergrösste Feldherr ist,
4326 3073 6413 3240 derje auf Erden war. Er geben wir uns drein,
4287 3272 6262 3436 dass er Frankreich zu dem höchsten Ruhm ge
4290 3391 6435 3606 führt hat, wenn er auch der Sohn der Revolution
4374 3584 6137 3783 war, er hat sich zum Vatereiner neuen
