6824 4440
6238 519 6421 714 123
4328 602 5747 851 Bertrand Vicomte de Viry kommt.
3962 869 6455 1037 Vicomte: / betrachtet Medardus, wendet sich dann zu
4331 1012 6496 1167 Julia. / Sie sagten mir gestern Fräulein, dass
4381 1146 4571 1242 (ou
4381 1161 6449 1329 Sie an dem Begräbnis Ihres Bruders nicht eil
3847 1279 4176 1462 Ist dach
4331 1292 6415 1478 nehmen wollten. Ich fand es in der Ordnung
3869 1410 4127 1587 hebe
4434 1459 6219 1627 und auch ich habe mich fern gehalten
3869 1565 4074 1717 sur
4387 1602 6514 1776 Doch erfuhr ich jetzt vor einer Viertelstund
4422 1767 6412 1950 in Ihrem Hause, dass Sie sich hierher bege
4394 1916 6365 2105 ben und so hielt ich es für meine Pflicht,
4350 2077 6493 2273 Ihrem Bruder die gleiche Ehre zu erweisen, die
4381 2236 6415 2450 Sie ihm zu schulden glauben. Doch seh ich,
4487 2413 5760 2574 dass Sie nicht allein sind.
4412 2521 6477 2717 Es ist zu früh, mein Vetter, dass Sie diesen
3981 2552 4266 2767 Julia:
5760 2683 6403 2782 es int de Paris
4453 2704 6399 2934 Menschen grüssen wollen, ich verlange von
5837 2838 6303 2975 de lre dehors
1658 2832 2118 3043 entreur les
4353 2872 6496 3099 Ihnen dass Sie ihn züchtigen.
5670 2984 6570 3102 Bisid u de tor p a à het
3993 3071 6486 3229 Vicomte: Ich weiss nicht was hier geschehen ist, aber
4412 3170 6356 3375 ich sehe, dass Sie einen Degen tragen mein
4390 3394 4664 3537 Herr.
3993 3481 6455 3763 Medard. (Der darauf brennt sich mit Ihrem zu messen.
4341 3670 6483 3912 Ich heisse Medardus Klaehr und in diesem Grab
