6840 4440
5970 313 6184 513 122
4297 502 6136 818 mörderischen Finger einer aus dem Hause
4348 735 5532 967 Lexonville. de Barry.
4418 820 6425 1098 Sie vergessen,- oder nein Sie erinnern sich
4394 954 6510 1264 warscheinlich im rechten Augenblick, dass ich
3995 1021 4305 1155 Julia.
4410 1259 5230 1462 ein Mädchen bin.
548 1277 911 1414 G.C.H.F.P
4527 1350 6505 1625 Man sagt Ihr Herr Vater spielte Hof in sei
4455 1529 6526 1807 nem Haus. Es wird sich wohl ein Getreuer fon
4043 1550 4418 1697 Medard.
4458 1641 6614 1946 den, der für die Keckheiten seines verzogenen)
4519 1844 6419 2098 Töchterleins einstehen möchte. Und wenn
4530 1980 6617 2256 sich keiner meldet, so komm ich selber heute
4562 2207 5888 2413 Abend fragen wer bereit ist.
4565 2261 6708 2590 Sie haben Glück oder Unglück junger Held, (ich
4597 2448 6663 2729 bin selbst neugierig, ob der der hier kommt
4142 2536 4452 2721 Julia.
4661 2568 6700 2894 vorziehen wird über Sie zu lachen oder sich
4639 2785 5984 3164 mit Ihnen zu schlagen.
