3304 4232
2485 447 2702 585 3 47
2333 526 2789 678 nort aus it
1087 577 3054 813 Schwester. Nun ja wenn Sie von ihm Abschie
930 710 1222 816 prech
940 718 3027 930 nehmen wollen, ich habe nichts dagegen, doch
797 883 2228 1100 bitte ich Sie sich zu beeilen.
450 1070 794 1195 Frau K.
924 1030 2959 1260 Abschied..Herr Leutnant es liegt ein Gesuch
921 1230 1496 1412 beim Kaiser.
439 1406 851 1591 Leutnant
913 1371 2986 1585 Das ist uns bekannt. Es ist schon erledigt,
919 1539 1545 1737 wie Sie sehn.
439 1710 778 1846 Frau K.
905 1637 2986 1864 Das ist a ja nicht möglich. Er ist ja un
1390 1821 2065 1943 1 chal-t-ête
902 1837 3022 2043 schuldig. Das ist Ihres Kaisers nicht würdig.
428 2051 764 2171 Berger.
854 2032 1203 2190 Ruhig,,
892 2165 1943 2385 Es sammeln sich Leute.
428 2358 810 2482 Eschenb.
902 2322 2965 2537 Seiruhig Schwester, es ist nichts zu ändern,
889 2496 2881 2688 Ich hätte halt nicht zu einer solchen Zeit
2135 2599 3068 2721 Und n. a. die ausgeführt
935 2686 2873 2799 Landkarten sammlen sollen,) für einer, der
2160 2783 2436 2881 & we
843 2829 2970 2962 Prukhart ist verwitwet, nimm Dich seiner zwei
883 2976 3038 3144 Kinder an. Grüss Gott Medardus, werde ein Ma¬
835 3127 3016 3320 Leben Sie wohl (Etzelt), guter Etzelt. Herr Ber
892 3293 2840 3480 ger, ja es gint halt immer was zu sehn in
881 3439 2425 3637 der Zeit. (Grüssen Sie das Snnerl)
406 3629 753 3770 Frau K.
875 3612 1688 3813 Bruder, Bruder...
