<?xml version="1.0" encoding="UTF-8" standalone="yes"?>
<PcGts xmlns="http://schema.primaresearch.org/PAGE/gts/pagecontent/2013-07-15" xmlns:xsi="http://www.w3.org/2001/XMLSchema-instance" xsi:schemaLocation="http://schema.primaresearch.org/PAGE/gts/pagecontent/2013-07-15 http://schema.primaresearch.org/PAGE/gts/pagecontent/2013-07-15/pagecontent.xsd">
    <Metadata>
        <Creator>prov=READ-COOP:name=TrHtr:version=2.1.0:model_id=51170:date=25_07_2023_14:53</Creator>
        <Created>2023-05-10T12:16:56.859+02:00</Created>
        <LastChange>2023-07-25T14:53:33.945+02:00</LastChange>
        <TranskribusMetadata docId="1428191" pageId="55402223" pageNr="400" tsid="130688153" status="IN_PROGRESS" userId="64420" imgUrl="https://files.transkribus.eu/Get?id=DNUGTALFJLRATNORDTEYDZFV&amp;fileType=view" xmlUrl="https://files.transkribus.eu/Get?id=GYAJJFBQFUNSUHDUDFCXNGQI" imageId="44677045"/>
    </Metadata>
    <Page imageFilename="1428191_0400.jpg" imageWidth="6808" imageHeight="4552">
        <ReadingOrder>
            <OrderedGroup id="ro_1711797923961" caption="Regions reading order">
                <RegionRefIndexed index="0" regionRef="tr_2"/>
                <RegionRefIndexed index="1" regionRef="tr_1"/>
            </OrderedGroup>
        </ReadingOrder>
        <TextRegion id="tr_2" custom="readingOrder {index:0;}">
            <Coords points="244,780 1571,780 1571,3886 244,3886"/>
            <TextLine id="tr_2_tl_1" custom="readingOrder {index:0;}">
                <Coords points="396,928 545,903 579,925 788,841 888,872 972,847 1090,894 1299,819 1299,776 1168,732 1103,763 813,769 623,676 473,713 396,688"/>
                <Baseline points="412,830 501,830 591,830 681,836 770,836 860,836 949,836 1039,836 1129,830 1218,830 1308,830"/>
                <TextEquiv>
                    <Unicode>.... og.</Unicode>
                </TextEquiv>
            </TextLine>
            <TextLine id="tr_2_tl_2" custom="readingOrder {index:1;}">
                <Coords points="346,1065 642,1044 1034,1103 1234,1009 1564,1065 1533,882 1361,860 1215,941 1112,878 925,913 807,838 579,928 346,894"/>
                <Baseline points="364,997 406,1009 495,991 585,997 675,997 764,997 854,997 943,1003 1033,997 1123,997 1212,997 1302,991 1391,997 1481,991 1571,991"/>
                <TextEquiv>
                    <Unicode>xxx xxx xxx</Unicode>
                </TextEquiv>
            </TextLine>
            <TextLine id="tr_2_tl_3" custom="readingOrder {index:2;}">
                <Coords points="561,1489 617,1489 657,1505 692,1477 738,1498 776,1489 773,1343 741,1349 720,1330 688,1346 648,1333 614,1358 592,1346 558,1346"/>
                <Baseline points="579,1481 669,1487 758,1481 782,1487"/>
                <TextEquiv>
                    <Unicode>G.H.F.P</Unicode>
                </TextEquiv>
            </TextLine>
            <TextLine id="tr_2_tl_4" custom="readingOrder {index:3;}">
                <Coords points="477,2296 704,2290 950,2227 991,2255 1209,2212 1262,2233 1333,2202 1333,2149 1118,2162 878,2109 748,2140 673,2087 480,2143"/>
                <Baseline points="495,2216 531,2210 621,2216 710,2216 800,2222 890,2216 979,2216 1069,2216 1158,2210 1248,2210 1338,2210"/>
                <TextEquiv>
                    <Unicode>mon frereur ou il a</Unicode>
                </TextEquiv>
            </TextLine>
            <TextLine id="tr_2_tl_5" custom="readingOrder {index:4;}">
                <Coords points="268,2420 919,2389 1234,2433 1349,2389 1433,2427 1433,2308 1221,2221 878,2305 760,2268 467,2280 421,2318 268,2280"/>
                <Baseline points="286,2377 364,2377 454,2377 543,2377 633,2383 722,2383 812,2383 902,2377 991,2377 1081,2377 1170,2377 1260,2383 1350,2377 1439,2365"/>
                <TextEquiv>
                    <Unicode>nicht xxx neusendes xxx</Unicode>
                </TextEquiv>
            </TextLine>
            <TextLine id="tr_2_tl_6" custom="readingOrder {index:5;}">
                <Coords points="336,2582 470,2589 573,2545 782,2595 956,2542 1109,2589 1193,2545 1364,2545 1364,2455 1202,2414 1056,2458 707,2417 336,2448"/>
                <Baseline points="352,2538 388,2538 477,2538 567,2544 657,2538 746,2538 836,2538 925,2538 1015,2538 1105,2538 1194,2526 1284,2532 1373,2532"/>
                <TextEquiv>
                    <Unicode>hte sie.nenwesnd</Unicode>
                </TextEquiv>
            </TextLine>
            <TextLine id="tr_2_tl_7" custom="readingOrder {index:6;}">
                <Coords points="280,2719 346,2751 417,2735 455,2769 829,2716 1106,2726 1112,2579 953,2542 720,2623 483,2607 458,2579 283,2592"/>
                <Baseline points="298,2718 310,2718 400,2712 489,2706 579,2706 669,2706 758,2700 848,2700 937,2700 1027,2694 1117,2688"/>
                <TextEquiv>
                    <Unicode>nebrow geasfüne</Unicode>
                </TextEquiv>
            </TextLine>
            <TextLine id="tr_2_tl_8" custom="readingOrder {index:7;}">
                <Coords points="377,3255 570,3199 748,3240 788,3208 813,3233 1093,3236 1156,3212 1159,3043 1025,3022 766,3068 620,3022 480,3093 380,3034"/>
                <Baseline points="394,3195 448,3195 537,3195 627,3195 716,3201 806,3195 896,3195 985,3189 1075,3184 1164,3189"/>
                <TextEquiv>
                    <Unicode>aéb noilaseildos</Unicode>
                </TextEquiv>
            </TextLine>
            <TextLine id="tr_2_tl_9" custom="readingOrder {index:8;}">
                <Coords points="252,3367 368,3370 421,3408 498,3361 598,3383 651,3358 769,3402 813,3367 1121,3383 1121,3240 1003,3302 872,3236 692,3277 502,3233 252,3252"/>
                <Baseline points="268,3357 322,3357 412,3357 501,3357 591,3351 681,3351 770,3357 860,3351 949,3351 1039,3351 1129,3351"/>
                <TextEquiv>
                    <Unicode>Geregistre ind.</Unicode>
                </TextEquiv>
            </TextLine>
            <TextLine id="tr_2_tl_10" custom="readingOrder {index:9;}">
                <Coords points="305,3532 405,3560 483,3536 545,3567 704,3539 810,3601 863,3567 941,3617 1034,3626 1034,3417 997,3402 888,3430 495,3364 405,3423 305,3414"/>
                <Baseline points="322,3518 412,3518 501,3518 591,3524 681,3518 770,3518 860,3518 949,3518 1039,3512"/>
                <TextEquiv>
                    <Unicode>Dasgenos geb. J</Unicode>
                </TextEquiv>
            </TextLine>
            <TextLine id="tr_2_tl_11" custom="readingOrder {index:10;}">
                <Coords points="280,3729 508,3719 539,3694 607,3729 704,3691 928,3741 1040,3722 1040,3610 944,3623 860,3592 819,3613 716,3542 604,3592 505,3545 433,3579 386,3542 321,3592 280,3588"/>
                <Baseline points="298,3685 328,3685 418,3685 507,3685 597,3685 686,3685 776,3679 866,3679 955,3679 1045,3679"/>
                <TextEquiv>
                    <Unicode>seine mie même</Unicode>
                </TextEquiv>
            </TextLine>
            <TextLine id="tr_2_tl_12" custom="readingOrder {index:11;}">
                <Coords points="227,3881 548,3891 651,3940 785,3906 819,3934 925,3897 1028,3906 1034,3719 1003,3710 928,3738 704,3691 589,3726 539,3694 508,3722 455,3704 383,3741 234,3741"/>
                <Baseline points="244,3876 322,3876 412,3870 501,3870 591,3870 681,3865 770,3865 860,3859 949,3859 1039,3853"/>
                <TextEquiv>
                    <Unicode>Monsieur Aroié ia</Unicode>
                </TextEquiv>
            </TextLine>
        </TextRegion>
        <TextRegion id="tr_1" custom="readingOrder {index:1;}">
            <Coords points="3894,505 6642,505 6642,3653 3894,3653"/>
            <TextLine id="tr_1_tl_1" custom="readingOrder {index:0;}">
                <Coords points="6302,648 6336,648 6361,635 6395,642 6442,607 6501,601 6501,396 6461,399 6414,374 6389,383 6373,374 6330,396 6302,396"/>
                <Baseline points="6320,555 6409,555 6499,555 6505,555"/>
                <TextEquiv>
                    <Unicode>823</Unicode>
                </TextEquiv>
            </TextLine>
            <TextLine id="tr_1_tl_2" custom="readingOrder {index:1;}">
                <Coords points="4467,825 4616,850 4828,754 6585,760 6585,651 6364,623 4470,673"/>
                <Baseline points="4486,740 4528,746 4617,740 4707,746 4796,740 4886,740 4976,740 5065,740 5155,734 5244,734 5334,734 5424,734 5513,728 5603,734 5692,728 5782,728 5872,728 5961,722 6051,722 6141,722 6230,722 6320,722 6409,716 6499,716 6589,722"/>
                <TextEquiv>
                    <Unicode>Ich muss ja doch wieder ins G schäft schaun.</Unicode>
                </TextEquiv>
            </TextLine>
            <TextLine id="tr_1_tl_3" custom="readingOrder {index:2;}">
                <Coords points="4426,959 5828,897 6451,997 6454,816 5704,769 5196,857 4819,757 4426,829"/>
                <Baseline points="4444,896 4492,902 4581,896 4671,896 4761,896 4850,896 4940,896 5029,896 5119,896 5209,896 5298,890 5388,890 5477,890 5567,890 5657,890 5746,890 5836,890 5925,884 6015,884 6105,884 6194,884 6284,878 6373,872 6463,872"/>
                <TextEquiv>
                    <Unicode>Für eine Stund. Um zwei ist Parad auf der</Unicode>
                </TextEquiv>
            </TextLine>
            <TextLine id="tr_1_tl_4" custom="readingOrder {index:3;}">
                <Coords points="4401,1075 4722,1146 5155,1143 5330,1059 5722,1131 6361,1106 6361,987 6127,1003 5819,906 5367,981 4869,935 4401,987"/>
                <Baseline points="4420,1057 4486,1057 4575,1057 4665,1057 4755,1057 4844,1057 4934,1051 5023,1051 5113,1051 5203,1051 5292,1045 5382,1045 5471,1045 5561,1045 5651,1045 5740,1045 5830,1045 5919,1045 6009,1045 6099,1045 6188,1039 6278,1039 6368,1045"/>
                <TextEquiv>
                    <Unicode>Schmelz, vielleicht sieht man doch was.</Unicode>
                </TextEquiv>
            </TextLine>
            <TextLine id="tr_1_tl_5" custom="readingOrder {index:4;}">
                <Coords points="4236,1318 4704,1324 4962,1224 6504,1274 6635,1255 6638,1096 4819,1146 4240,1044"/>
                <Baseline points="4253,1236 4313,1230 4402,1218 4492,1218 4581,1218 4671,1218 4761,1218 4850,1218 4940,1212 5029,1212 5119,1212 5209,1212 5298,1206 5388,1206 5477,1206 5567,1206 5657,1206 5746,1206 5836,1206 5925,1206 6015,1206 6105,1206 6194,1206 6284,1206 6373,1206 6463,1200 6553,1194 6642,1194"/>
                <TextEquiv>
                    <Unicode>b (Kommen Sie mit Herr Etzelt, es kauft ja jetzt</Unicode>
                </TextEquiv>
            </TextLine>
            <TextLine id="tr_1_tl_6" custom="readingOrder {index:5;}">
                <Coords points="4582,1486 5009,1448 5601,1470 5604,1311 5526,1280 5327,1318 5277,1277 5155,1315 4853,1305 4816,1268 4707,1327 4585,1321"/>
                <Baseline points="4599,1373 4623,1373 4713,1379 4802,1373 4892,1373 4982,1373 5071,1373 5161,1373 5250,1367 5340,1367 5430,1367 5519,1367 5609,1367"/>
                <TextEquiv>
                    <Unicode>doch keiner ein Buch.</Unicode>
                </TextEquiv>
            </TextLine>
            <TextLine id="tr_1_tl_7" custom="readingOrder {index:6;}">
                <Coords points="4436,1635 6448,1589 6448,1445 6317,1436 4439,1467"/>
                <Baseline points="4456,1535 4486,1535 4575,1535 4665,1535 4755,1535 4844,1535 4934,1535 5023,1529 5113,1529 5203,1529 5292,1529 5382,1529 5471,1529 5561,1529 5651,1523 5740,1523 5830,1529 5919,1529 6009,1529 6099,1529 6188,1529 6278,1523 6368,1517 6457,1517"/>
                <TextEquiv>
                    <Unicode>Man muss lachen über Sie Herr Berger, wenn</Unicode>
                </TextEquiv>
            </TextLine>
            <TextLine id="tr_1_tl_8" custom="readingOrder {index:7;}">
                <Coords points="3965,1617 4003,1632 4127,1610 4155,1623 4221,1607 4264,1629 4324,1617 4324,1424 4264,1427 4224,1402 4187,1414 4078,1380 4037,1417 3993,1392 3965,1396"/>
                <Baseline points="3984,1541 4074,1547 4163,1547 4253,1541 4330,1547"/>
                <TextEquiv>
                    <Unicode>Frau K.</Unicode>
                </TextEquiv>
            </TextLine>
            <TextLine id="tr_1_tl_9" custom="readingOrder {index:8;}">
                <Coords points="4408,1704 6146,1785 6439,1716 6442,1589 4408,1645"/>
                <Baseline points="4426,1696 4474,1696 4563,1696 4653,1690 4743,1690 4832,1690 4922,1690 5011,1690 5101,1690 5191,1690 5280,1684 5370,1684 5460,1684 5549,1684 5639,1684 5728,1684 5818,1684 5908,1678 5997,1678 6087,1678 6176,1678 6266,1678 6356,1672 6445,1666"/>
                <TextEquiv>
                    <Unicode>eine Möglichkeit gewesen wäre, dass Sie die</Unicode>
                </TextEquiv>
            </TextLine>
            <TextLine id="tr_1_tl_10" custom="readingOrder {index:9;}">
                <Coords points="4439,1872 6351,1919 6351,1779 6183,1757 4439,1804"/>
                <Baseline points="4456,1851 4474,1851 4563,1851 4653,1851 4743,1851 4832,1851 4922,1851 5011,1851 5101,1851 5191,1845 5280,1845 5370,1845 5460,1845 5549,1845 5639,1845 5728,1839 5818,1839 5908,1839 5997,1839 6087,1839 6176,1839 6266,1839 6356,1839"/>
                <TextEquiv>
                    <Unicode>Schlacht von Apern hätten sehn können...</Unicode>
                </TextEquiv>
            </TextLine>
            <TextLine id="tr_1_tl_11" custom="readingOrder {index:10;}">
                <Coords points="4445,2115 5984,2078 6121,2006 6616,2019 6638,1931 4445,1950"/>
                <Baseline points="4462,2019 4492,2019 4581,2013 4671,2013 4761,2013 4850,2013 4940,2013 5029,2013 5119,2013 5209,2013 5298,2013 5388,2007 5477,2007 5567,2007 5657,2007 5746,2007 5836,2007 5925,2007 6015,2001 6105,2001 6194,2001 6284,2001 6373,2001 6463,1995 6553,1995 6642,2001"/>
                <TextEquiv>
                    <Unicode>Hab ich auch g sehn, nicht viel natürlich, was</Unicode>
                </TextEquiv>
            </TextLine>
            <TextLine id="tr_1_tl_12" custom="readingOrder {index:11;}">
                <Coords points="3965,2100 4031,2121 4137,2084 4174,2100 4196,2084 4280,2093 4321,2071 4317,1919 4277,1947 4236,1928 4202,1962 4152,1975 3997,1950 3962,1962"/>
                <Baseline points="3984,2019 4074,2019 4163,2025 4253,2025 4324,2025"/>
                <TextEquiv>
                    <Unicode>Berger.</Unicode>
                </TextEquiv>
            </TextLine>
            <TextLine id="tr_1_tl_13" custom="readingOrder {index:12;}">
                <Coords points="3878,2190 4448,2274 6376,2261 6376,2093 6199,2075 3878,2115"/>
                <Baseline points="3894,2180 3966,2174 4056,2168 4145,2168 4235,2168 4324,2174 4414,2180 4504,2180 4593,2180 4683,2180 4773,2174 4862,2174 4952,2174 5041,2174 5131,2174 5221,2168 5310,2168 5400,2168 5489,2168 5579,2168 5669,2168 5758,2168 5848,2162 5937,2162 6027,2162 6117,2162 6206,2162 6296,2162 6385,2162"/>
                <TextEquiv>
                    <Unicode>(er wirklich heubly man halt vom Turm der Minoritenkirche aus</Unicode>
                </TextEquiv>
            </TextLine>
            <TextLine id="tr_1_tl_14" custom="readingOrder {index:13;}">
                <Coords points="4458,2420 4620,2436 4803,2405 4875,2414 4909,2445 4947,2439 4993,2420 4993,2274 4944,2265 4891,2290 4816,2265 4616,2255 4532,2286 4458,2283"/>
                <Baseline points="4474,2341 4552,2335 4641,2335 4731,2335 4820,2335 4910,2341 5000,2335"/>
                <TextEquiv>
                    <Unicode>sehn kann.</Unicode>
                </TextEquiv>
            </TextLine>
            <TextLine id="tr_1_tl_15" custom="readingOrder {index:14;}">
                <Coords points="4495,2598 5990,2542 6299,2601 6635,2501 6635,2392 6021,2361 5308,2448 4498,2417"/>
                <Baseline points="4516,2497 4581,2503 4671,2503 4761,2503 4850,2503 4940,2503 5029,2503 5119,2503 5209,2503 5298,2497 5388,2497 5477,2497 5567,2497 5657,2497 5746,2491 5836,2491 5925,2491 6015,2491 6105,2491 6194,2491 6284,2491 6373,2491 6463,2485 6553,2485 6642,2485"/>
                <TextEquiv>
                    <Unicode>Und Sie werden jetzt vielleicht den Bonaparte</Unicode>
                </TextEquiv>
            </TextLine>
            <TextLine id="tr_1_tl_16" custom="readingOrder {index:15;}">
                <Coords points="3965,2595 4012,2585 4096,2604 4149,2579 4180,2592 4246,2582 4274,2557 4321,2551 4317,2386 4230,2364 4183,2399 4109,2399 4053,2374 4028,2380 3993,2352 3959,2361"/>
                <Baseline points="3978,2508 4068,2508 4157,2508 4247,2514 4324,2514"/>
                <TextEquiv>
                    <Unicode>Frau K.</Unicode>
                </TextEquiv>
            </TextLine>
            <TextLine id="tr_1_tl_17" custom="readingOrder {index:16;}">
                <Coords points="4504,2744 5794,2732 5794,2567 4753,2613 4504,2582"/>
                <Baseline points="4522,2670 4546,2670 4635,2664 4725,2664 4814,2664 4904,2664 4994,2664 5083,2664 5173,2658 5262,2664 5352,2664 5442,2658 5531,2658 5621,2658 5710,2658 5800,2652"/>
                <TextEquiv>
                    <Unicode>selbst sehn bei der Parade.</Unicode>
                </TextEquiv>
            </TextLine>
            <TextLine id="tr_1_tl_18" custom="readingOrder {index:17;}">
                <Coords points="4439,2922 6152,2900 6274,2888 6274,2751 4439,2754"/>
                <Baseline points="4456,2831 4486,2825 4575,2825 4665,2825 4755,2825 4844,2825 4934,2825 5023,2831 5113,2825 5203,2825 5292,2825 5382,2825 5471,2819 5561,2819 5651,2819 5740,2819 5830,2819 5919,2819 6009,2819 6099,2813 6188,2813 6278,2813"/>
                <TextEquiv>
                    <Unicode>Hoffentlich. Es haben ihn schon viele</Unicode>
                </TextEquiv>
            </TextLine>
            <TextLine id="tr_1_tl_19" custom="readingOrder {index:18;}">
                <Coords points="3925,2856 3978,2863 4043,2844 4081,2860 4174,2838 4274,2847 4271,2673 4227,2670 4190,2701 4099,2666 4065,2685 3978,2685 3950,2707 3922,2694"/>
                <Baseline points="3942,2831 4032,2831 4121,2837 4211,2837 4283,2837"/>
                <TextEquiv>
                    <Unicode>Berger.</Unicode>
                </TextEquiv>
            </TextLine>
            <TextLine id="tr_1_tl_20" custom="readingOrder {index:19;}">
                <Coords points="4436,3093 4492,3103 4532,3075 4573,3081 4626,3062 4676,3093 4794,3046 4800,2888 4738,2897 4722,2913 4635,2897 4598,2919 4573,2906 4557,2922 4514,2900 4467,2937 4442,2934"/>
                <Baseline points="4456,2998 4534,2998 4623,2992 4713,2986 4802,2986"/>
                <TextEquiv>
                    <Unicode>g sehn.</Unicode>
                </TextEquiv>
            </TextLine>
            <TextLine id="tr_1_tl_21" custom="readingOrder {index:20;}">
                <Coords points="4486,3177 4838,3240 6563,3230 6523,3046 4486,3084"/>
                <Baseline points="4504,3142 4510,3148 4599,3154 4689,3154 4779,3148 4868,3148 4958,3142 5047,3142 5137,3148 5227,3142 5316,3142 5406,3142 5495,3136 5585,3142 5675,3136 5764,3142 5854,3142 5943,3142 6033,3142 6123,3136 6212,3136 6302,3130 6391,3136 6481,3130 6571,3136"/>
                <TextEquiv>
                    <Unicode>Es gibt doch ein Wunder das grösser ist als</Unicode>
                </TextEquiv>
            </TextLine>
            <TextLine id="tr_1_tl_22" custom="readingOrder {index:21;}">
                <Coords points="3931,3177 3972,3180 3997,3165 4043,3177 4084,3165 4106,3187 4134,3165 4274,3177 4274,2975 4208,3000 4143,2965 4093,2990 4068,2972 3990,3025 3959,3006 3931,3018"/>
                <Baseline points="3948,3166 4014,3160 4103,3160 4193,3160 4283,3160"/>
                <TextEquiv>
                    <Unicode>Frau K.</Unicode>
                </TextEquiv>
            </TextLine>
            <TextLine id="tr_1_tl_23" custom="readingOrder {index:22;}">
                <Coords points="4445,3383 4993,3405 5570,3346 5791,3389 5937,3367 5940,3227 4803,3208 4701,3265 4557,3215 4448,3265"/>
                <Baseline points="4462,3309 4516,3309 4605,3309 4695,3309 4784,3303 4874,3303 4964,3303 5053,3303 5143,3303 5233,3303 5322,3303 5412,3303 5501,3297 5591,3297 5681,3303 5770,3297 5860,3297 5949,3291"/>
                <TextEquiv>
                    <Unicode>alle andern, dass er noch lebt.</Unicode>
                </TextEquiv>
            </TextLine>
            <TextLine id="tr_1_tl_24" custom="readingOrder {index:23;}">
                <Coords points="4408,3545 5996,3542 5996,3398 5878,3364 4722,3414 4408,3370"/>
                <Baseline points="4426,3464 4480,3470 4569,3464 4659,3464 4749,3464 4838,3464 4928,3464 5017,3464 5107,3464 5197,3464 5286,3464 5376,3464 5465,3458 5555,3458 5645,3458 5734,3458 5824,3452 5914,3458 6003,3458"/>
                <TextEquiv>
                    <Unicode>Aber um Gotteswillen Frau Klaehr.</Unicode>
                </TextEquiv>
            </TextLine>
            <TextLine id="tr_1_tl_25" custom="readingOrder {index:24;}">
                <Coords points="3978,3517 4006,3511 4037,3536 4115,3517 4143,3539 4177,3529 4199,3545 4268,3545 4286,3526 4324,3526 4321,3361 4283,3374 4271,3361 4190,3389 4165,3364 4124,3355 4096,3380 4034,3389 4018,3377 3975,3398"/>
                <Baseline points="3996,3470 4086,3470 4175,3476 4265,3476 4330,3476"/>
                <TextEquiv>
                    <Unicode>Frau B.</Unicode>
                </TextEquiv>
            </TextLine>
            <TextLine id="tr_1_tl_26" custom="readingOrder {index:25;}">
                <Coords points="3972,3707 6224,3726 6439,3691 6442,3517 3975,3551"/>
                <Baseline points="3990,3638 4080,3638 4169,3638 4259,3632 4348,3643 4414,3632 4480,3632 4569,3626 4659,3626 4749,3626 4838,3626 4928,3626 5017,3626 5107,3626 5197,3626 5286,3626 5376,3626 5465,3620 5555,3626 5645,3626 5734,3620 5824,3620 5914,3620 6003,3620 6093,3620 6182,3620 6272,3620 6362,3614 6451,3614"/>
                <TextEquiv>
                    <Unicode>Frau K. Na haben Sie keine Angst. Ich geh übrigens</Unicode>
                </TextEquiv>
            </TextLine>
        </TextRegion>
    </Page>
</PcGts>
