2984 4072
2374 369 2529 483 a.
835 456 2713 673 zweifeln, dass von heute an jeder Ihrer
835 570 2838 854 Versuche, sich an Bonaparte heranzudrängen,
859 750 2661 992 fruchtlos wäre,. Sie können ruhig ver-
864 929 2865 1143 sprechen, was Sie doch halten müssten. Auch
917 1114 2172 1288 gegen Ihren eigenen Willen.
810 1238 2775 1425 Ich verspreche nichts. (Ich erkenne Napo
386 1303 740 1530 Medard.
92 1350 269 1490 me
874 1378 2618 1582 Leon als meines Vaterlands und meines
872 1557 2798 1764 Kaisers Feind. Durch ihn hab ich den Va
897 1741 2202 1903 ter und den Oheim verloren.
887 1873 2825 2063 Was sprichst Du da, ich hab es längst ver¬
409 1926 757 2115 Frau K.
899 2018 2750 2202 ziehn. Willst Du länger hassen als ich?
979 2182 1619 2284 der nach m. r
897 2147 2870 2369 Ich erkenne Napolson als den grossen Feind
424 2245 698 2397 Medar
904 2357 2561 2559 meines Landes und meines Kaisers.
904 2474 2755 2673 Auch dieses ist nicht mehr wahr. Vor ei
391 2581 640 2720 Rapp.
897 2678 2750 2820 ner Stunde ist der Friede unterzeichnet
914 2763 2808 3037 worden. Napolen ist nicht mehr Ihres Kai
884 3007 2815 3196 sers und Ihres Landes Feind, und wenn Sie
942 3127 2598 3376 auf Ihrem Plan beharren sind Sie zu
942 3308 2078 3478 gleich ein Hochverräter.
944 3455 2691 3677 Als österreichischer Untertan bin ich
468 3428 820 3732 Medard.
