6792 4472
6039 515 6226 702 186
4136 706 6453 876 Dagusan: Ich erinnere mich eines einzigen Duells,
5885 789 6326 903 ein pveille
4614 802 6487 1043 bei dem der Vicohte nicht in einem einzi
4611 996 6366 1184 gen Gang Sieger geblieben. Das war in
4598 1137 6510 1348 Mainz und sein Gegner war ein Rittmeister
4601 1304 6356 1511 der Fechtlektionen zu geben pflegte.)
3815 1294 6500 1669 Le Mai Saint Mars: Wenn es nicht geschmacklos wäre das zu
4996 1568 5718 1689 he bunt a fait bes
4668 1598 6524 1789 sagen, es ist schade, dass gnädiges Fräul
4628 1742 6557 1956 lein nicht dabei waren. Es war wundervoll.
4668 1916 6494 2110 Auch der junge Mann, der die Ehre hatte
4614 2083 6343 2274 dem Herrn Vicomte gegenüber zu stehn,
4698 2220 6226 2397 führte eine nicht üble Klinge.
4621 2354 6417 2548 Wahrhaftig es ist ein Vergnügen den Vi
4150 2354 4558 2511 Dagusan:
4614 2491 6216 2735 comte jemanden totstechen zu sehn.
4614 2668 6550 2856 Nun bin ich ungefähr ein halbes Dutzend m
4651 2846 6504 3050 mal dabei gewesen und es verliert nicht
461 2872 652 3086 G.F.P.
4658 2993 5474 3197 an Reiz für mich.
4631 3136 6494 3360 Und der Platz auf dem die Sache vor sich
4143 3156 4548 3294 St. Mas.
4608 3294 6463 3524 ging! Denken Sie gnädiges Fräulein, ein
4685 3474 6410 3661 Wiesenplan ganz mit Blumen bewachsen.
4658 3625 6380 3825 von herrlichen Buchen umgeben. Dazu
