6856 4488
5879 427 6081 589 144
4371 553 6380 803 mein Vater? Wenn Napison von einer Kugel ge¬
4393 772 6303 904 troffen wird.. Die Kunde scheint mir nicht
4567 882 5134 995 Hee pase three
4350 928 6401 1068 die schnelle Reise wert, Herr Renault. Dass
4393 1081 6258 1248 unser Blut das beste von Frankreich ist,
4356 1236 6361 1392 daran glaub ich, zweifeln nicht einmal mehr
4414 1316 6392 1609 die, die unsern Vetter Ludwig geköp thaben.
3965 1520 6422 1734 Renault. Diese Ueberzeugung Fräulein, dass die Lexon
4371 1703 6416 1856 villes neben den Boubonen und vielleicht vor
4466 1835 6435 2009 den Boubonen das beste Blut von Frankreich
4505 1938 6480 2146 bedeuten, die allein xxx genügt nicht. Es
4460 2183 6508 2314 müssen sich alle die zusammen tun, die die -
4438 2299 6453 2524 se Ueberzeugung haben. Und dafür haben ich
4472 2457 6450 2637 gewirkt, in diesem Jahre, da ich von hier
4432 2610 6465 2845 fern war. Und darum kam ich hierher den Vi
4447 2711 6517 2961 comte zu rufen, dass er zur Stelle sei, wenn
4454 2924 6566 3150 Νapolson der Verwundbare, irgendwo von seinem
4490 3101 5604 3324 Schicksal ereilt würde.
4466 3312 4985 3449 Irgendwo...
4051 3300 4240 3440 Mar.
4310 3410 4621 3568 agendamt
4402 3407 6398 3632 Er ist auf dem Wegenach Wien, man wird ihn
4045 3504 4216 3663 Re.
4505 3556 6343 3806 nicht aufhalten. Er wird hieher kommen.
