<?xml version="1.0" encoding="UTF-8" standalone="yes"?>
<PcGts xmlns="http://schema.primaresearch.org/PAGE/gts/pagecontent/2013-07-15" xmlns:xsi="http://www.w3.org/2001/XMLSchema-instance" xsi:schemaLocation="http://schema.primaresearch.org/PAGE/gts/pagecontent/2013-07-15 http://schema.primaresearch.org/PAGE/gts/pagecontent/2013-07-15/pagecontent.xsd">
    <Metadata>
        <Creator>prov=READ-COOP:name=TrHtr:version=2.1.0:model_id=51170:date=25_07_2023_14:52</Creator>
        <Created>2023-05-10T12:16:23.763+02:00</Created>
        <LastChange>2023-07-25T14:52:37.415+02:00</LastChange>
        <TranskribusMetadata docId="1428191" pageId="55400940" pageNr="217" tsid="130687492" status="IN_PROGRESS" userId="64420" imgUrl="https://files.transkribus.eu/Get?id=EWWYSDYBXIUJXYKZIMCACZQO&amp;fileType=view" xmlUrl="https://files.transkribus.eu/Get?id=DJYFSMHUWFERLMXJNDJDERBE" imageId="44675763"/>
    </Metadata>
    <Page imageFilename="1428191_0217.jpg" imageWidth="6856" imageHeight="4488">
        <ReadingOrder>
            <OrderedGroup id="ro_1711797599328" caption="Regions reading order">
                <RegionRefIndexed index="0" regionRef="tr_2"/>
                <RegionRefIndexed index="1" regionRef="tr_1"/>
            </OrderedGroup>
        </ReadingOrder>
        <TextRegion id="tr_2" custom="readingOrder {index:0;}">
            <Coords points="483,1430 817,1430 817,1806 483,1806"/>
            <TextLine id="tr_2_tl_1" custom="readingOrder {index:0;}">
                <Coords points="479,1539 505,1546 541,1530 558,1549 610,1565 639,1546 727,1533 731,1380 688,1396 633,1389 587,1399 532,1428 483,1419"/>
                <Baseline points="501,1480 590,1486 680,1480 740,1480"/>
                <TextEquiv>
                    <Unicode>G.H.F.P.</Unicode>
                </TextEquiv>
            </TextLine>
            <TextLine id="tr_2_tl_2" custom="readingOrder {index:1;}">
                <Coords points="548,1706 567,1706 600,1673 629,1686 649,1673 724,1686 740,1676 760,1689 779,1670 809,1673 809,1552 776,1556 740,1582 682,1546 646,1546 610,1565 594,1552 545,1552"/>
                <Baseline points="561,1641 650,1641 740,1641 817,1647"/>
                <TextEquiv>
                    <Unicode>alled:</Unicode>
                </TextEquiv>
            </TextLine>
            <TextLine id="tr_2_tl_3" custom="readingOrder {index:2;}">
                <Coords points="470,1865 545,1856 567,1875 587,1856 642,1882 717,1810 744,1797 796,1807 796,1709 691,1702 652,1728 577,1699 564,1712 466,1712"/>
                <Baseline points="483,1790 572,1790 662,1790 751,1796 805,1796"/>
                <TextEquiv>
                    <Unicode>G.H.F.P.</Unicode>
                </TextEquiv>
            </TextLine>
        </TextRegion>
        <TextRegion id="tr_1" custom="readingOrder {index:1;}">
            <Coords points="3670,588 6648,588 6648,3847 3670,3847"/>
            <TextLine id="tr_1_tl_1" custom="readingOrder {index:0;}">
                <Coords points="6216,691 6284,698 6294,688 6337,717 6359,711 6366,721 6395,721 6412,450 6337,447 6281,460 6232,447"/>
                <Baseline points="6236,650 6320,638 6409,638"/>
                <TextEquiv>
                    <Unicode>147</Unicode>
                </TextEquiv>
            </TextLine>
            <TextLine id="tr_1_tl_2" custom="readingOrder {index:1;}">
                <Coords points="3969,871 4504,929 5678,815 6033,894 6415,812 6418,727 5228,773 5009,649 4716,737 3975,704"/>
                <Baseline points="3986,859 4004,859 4094,859 4183,853 4273,853 4362,853 4452,847 4541,841 4631,841 4720,841 4810,841 4899,835 4989,835 5078,829 5168,829 5257,823 5347,823 5436,823 5526,817 5615,817 5705,811 5795,811 5884,811 5974,805 6063,811 6153,805 6242,799 6332,799 6421,793"/>
                <TextEquiv>
                    <Unicode>Julia. Heute hat man meinen Bruder begraben, viel -</Unicode>
                </TextEquiv>
            </TextLine>
            <TextLine id="tr_1_tl_3" custom="readingOrder {index:2;}">
                <Coords points="4390,1073 4863,1018 5580,1053 5759,982 6010,1063 6095,1044 6099,903 4951,959 4396,903"/>
                <Baseline points="4410,1008 4493,1002 4583,1002 4673,1002 4762,996 4852,996 4941,996 5031,990 5120,990 5210,984 5299,978 5389,978 5478,978 5568,972 5657,972 5747,972 5836,966 5926,960 6015,960 6105,966"/>
                <TextEquiv>
                    <Unicode>leicht komm ich erst heute zur Welt.</Unicode>
                </TextEquiv>
            </TextLine>
            <TextLine id="tr_1_tl_4" custom="readingOrder {index:3;}">
                <Coords points="3969,1168 4442,1239 5042,1145 6389,1190 6581,1135 6584,1018 3969,1083"/>
                <Baseline points="3986,1163 3998,1169 4088,1169 4177,1175 4267,1175 4356,1163 4446,1157 4535,1157 4625,1151 4714,1151 4804,1151 4893,1145 4983,1145 5072,1139 5162,1139 5251,1139 5341,1139 5430,1133 5520,1133 5610,1127 5699,1127 5789,1127 5878,1127 5968,1122 6057,1116 6147,1116 6236,1110 6326,1110 6415,1104 6505,1104 6594,1098"/>
                <TextEquiv>
                    <Unicode>Mar. Könnt ich Dich sehn.. Führe mich bis zur Türe hi</Unicode>
                </TextEquiv>
            </TextLine>
            <TextLine id="tr_1_tl_5" custom="readingOrder {index:4;}">
                <Coords points="4386,1350 5420,1291 5655,1386 5981,1308 6340,1366 6408,1360 6412,1184 4390,1223"/>
                <Baseline points="4404,1312 4452,1312 4541,1312 4631,1312 4720,1312 4810,1307 4899,1307 4989,1307 5078,1301 5168,1295 5257,1295 5347,1295 5436,1289 5526,1289 5615,1289 5705,1283 5795,1283 5884,1283 5974,1277 6063,1271 6153,1271 6242,1271 6332,1265 6421,1265"/>
                <TextEquiv>
                    <Unicode>Nun will ich mir mehr von Renault erzählen</Unicode>
                </TextEquiv>
            </TextLine>
            <TextLine id="tr_1_tl_6" custom="readingOrder {index:5;}">
                <Coords points="4364,1494 4615,1585 6245,1513 6389,1572 6522,1516 6526,1350 4367,1386"/>
                <Baseline points="4380,1474 4386,1474 4476,1468 4565,1468 4655,1468 4744,1468 4834,1462 4923,1462 5013,1456 5102,1456 5192,1456 5281,1450 5371,1450 5460,1444 5550,1444 5639,1438 5729,1438 5818,1438 5908,1438 5997,1432 6087,1432 6176,1426 6266,1426 6356,1426 6445,1420 6535,1414"/>
                <TextEquiv>
                    <Unicode>lassen. Nun werd ich es anders hören. Komm mit</Unicode>
                </TextEquiv>
            </TextLine>
            <TextLine id="tr_1_tl_7" custom="readingOrder {index:6;}">
                <Coords points="4403,1712 4458,1680 4540,1680 4556,1660 4598,1676 4615,1673 4608,1552 4589,1552 4546,1582 4530,1582 4510,1565 4501,1569 4468,1543 4396,1565"/>
                <Baseline points="4416,1623 4505,1629 4595,1629 4619,1629"/>
                <TextEquiv>
                    <Unicode>mir.</Unicode>
                </TextEquiv>
            </TextLine>
            <TextLine id="tr_1_tl_8" custom="readingOrder {index:7;}">
                <Coords points="4416,1833 5639,1764 5746,1830 5877,1764 6320,1820 6441,1686 5544,1686 5355,1618 4419,1702"/>
                <Baseline points="4434,1796 4476,1790 4565,1784 4655,1784 4744,1784 4834,1778 4923,1778 5013,1772 5102,1772 5192,1766 5281,1766 5371,1766 5460,1766 5550,1760 5639,1760 5729,1754 5818,1754 5908,1748 5997,1748 6087,1748 6176,1742 6266,1736 6356,1736 6445,1736"/>
                <TextEquiv>
                    <Unicode>Ich danke Ihnen Vater. Was sollen mir Namen</Unicode>
                </TextEquiv>
            </TextLine>
            <TextLine id="tr_1_tl_9" custom="readingOrder {index:8;}">
                <Coords points="3979,1820 4015,1826 4044,1856 4057,1846 4165,1846 4204,1820 4233,1836 4253,1823 4285,1826 4285,1751 4266,1755 4210,1712 4145,1722 4112,1709 4080,1738 3979,1719"/>
                <Baseline points="3998,1802 4088,1802 4177,1802 4267,1802 4291,1808"/>
                <TextEquiv>
                    <Unicode>Julia.</Unicode>
                </TextEquiv>
            </TextLine>
            <TextLine id="tr_1_tl_10" custom="readingOrder {index:9;}">
                <Coords points="4458,1967 4536,2025 4611,1967 5345,1934 5675,2009 6007,1924 6222,1980 6399,1934 6402,1803 4461,1911"/>
                <Baseline points="4476,1963 4523,1963 4613,1951 4702,1945 4792,1945 4881,1939 4971,1939 5060,1933 5150,1927 5239,1927 5329,1927 5419,1921 5508,1921 5598,1915 5687,1915 5777,1909 5866,1909 5956,1903 6045,1903 6135,1897 6224,1897 6314,1891 6403,1891"/>
                <TextEquiv>
                    <Unicode>bedeuten. Er wird Ihnen dreissig Menschen</Unicode>
                </TextEquiv>
            </TextLine>
            <TextLine id="tr_1_tl_11" custom="readingOrder {index:10;}">
                <Coords points="3646,1993 3682,2009 3747,1976 3891,1999 4132,1918 4217,1931 4230,1830 4047,1852 3989,1810 3946,1826 3900,1810 3796,1872 3662,1859"/>
                <Baseline points="3670,1951 3694,1951 3783,1951 3873,1939 3962,1927 4052,1915 4141,1909 4231,1897"/>
                <TextEquiv>
                    <Unicode>1d pd Renane</Unicode>
                </TextEquiv>
            </TextLine>
            <TextLine id="tr_1_tl_12" custom="readingOrder {index:11;}">
                <Coords points="3682,2094 3783,2064 3855,2071 3998,2025 4139,2055 4200,2032 4217,1931 4168,1911 3878,1999 3698,1973"/>
                <Baseline points="3706,2053 3771,2053 3861,2047 3950,2029 4040,2011 4129,1999 4219,1981"/>
                <TextEquiv>
                    <Unicode>paris... daft</Unicode>
                </TextEquiv>
            </TextLine>
            <TextLine id="tr_1_tl_13" custom="readingOrder {index:12;}">
                <Coords points="4514,2126 6356,2077 6363,1960 4517,2042"/>
                <Baseline points="4535,2100 4577,2100 4667,2094 4756,2094 4846,2094 4935,2094 5025,2094 5114,2082 5204,2082 5293,2076 5383,2070 5472,2070 5562,2070 5651,2070 5741,2064 5830,2064 5920,2058 6009,2058 6099,2047 6188,2041 6278,2035 6367,2029"/>
                <TextEquiv>
                    <Unicode>nennen, die unsere Freunde sind.</Unicode>
                </TextEquiv>
            </TextLine>
            <TextLine id="tr_1_tl_14" custom="readingOrder {index:13;}">
                <Coords points="3682,2234 3715,2254 3832,2231 3927,2244 4050,2185 4181,2152 4220,2165 4246,2035 4194,2025 4139,2055 4073,2055 4047,2028 3972,2028 3848,2074 3711,2077"/>
                <Baseline points="3712,2166 3801,2148 3891,2136 3980,2118 4070,2100 4159,2082 4249,2070"/>
                <TextEquiv>
                    <Unicode>eo die Herrn</Unicode>
                </TextEquiv>
            </TextLine>
            <TextLine id="tr_1_tl_15" custom="readingOrder {index:14;}">
                <Coords points="5244,2156 5303,2156 5352,2179 5375,2162 5391,2169 5423,2143 5459,2165 5495,2159 5515,2179 5554,2172 5551,2084 5508,2094 5476,2084 5417,2110 5407,2100 5332,2110 5286,2087 5244,2090"/>
                <Baseline points="5263,2136 5353,2142 5442,2142 5532,2142 5556,2142"/>
                <TextEquiv>
                    <Unicode>lasse he</Unicode>
                </TextEquiv>
            </TextLine>
            <TextLine id="tr_1_tl_16" custom="readingOrder {index:15;}">
                <Coords points="4536,2192 4592,2182 4660,2205 4765,2169 4876,2205 4928,2179 4983,2221 5029,2182 5110,2185 5110,2110 5039,2123 5006,2097 4941,2120 4892,2097 4836,2130 4755,2107 4670,2130 4618,2107 4540,2126"/>
                <Baseline points="4559,2166 4583,2166 4673,2166 4762,2160 4852,2160 4941,2154 5031,2154 5120,2148"/>
                <TextEquiv>
                    <Unicode>Stavl 4th</Unicode>
                </TextEquiv>
            </TextLine>
            <TextLine id="tr_1_tl_17" custom="readingOrder {index:16;}">
                <Coords points="4504,2267 6004,2224 6431,2309 6545,2247 6549,2110 4507,2205"/>
                <Baseline points="4523,2261 4583,2255 4673,2255 4762,2255 4852,2249 4941,2249 5031,2249 5120,2238 5210,2238 5299,2238 5389,2238 5478,2232 5568,2232 5657,2226 5747,2220 5836,2220 5926,2214 6015,2214 6105,2208 6194,2208 6284,2208 6373,2202 6463,2202 6552,2202"/>
                <TextEquiv>
                    <Unicode>sie führt den Marquis zur Terasse und kommt</Unicode>
                </TextEquiv>
            </TextLine>
            <TextLine id="tr_1_tl_18" custom="readingOrder {index:17;}">
                <Coords points="4474,2430 4592,2449 4709,2423 4768,2449 4817,2420 5189,2426 5189,2322 4895,2345 4797,2384 4478,2296"/>
                <Baseline points="4493,2417 4571,2417 4661,2411 4750,2411 4840,2411 4929,2405 5019,2405 5108,2405 5198,2405"/>
                <TextEquiv>
                    <Unicode>wieder zurück./</Unicode>
                </TextEquiv>
            </TextLine>
            <TextLine id="tr_1_tl_19" custom="readingOrder {index:18;}">
                <Coords points="5642,2488 5697,2498 5737,2475 5766,2492 5779,2485 5805,2508 5851,2501 5854,2377 5799,2377 5772,2348 5759,2355 5723,2338 5704,2338 5684,2355 5671,2342 5648,2342"/>
                <Baseline points="5663,2452 5681,2446 5771,2446 5860,2440"/>
                <TextEquiv>
                    <Unicode>T..</Unicode>
                </TextEquiv>
            </TextLine>
            <TextLine id="tr_1_tl_20" custom="readingOrder {index:19;}">
                <Coords points="3718,2593 3897,2576 3940,2599 3972,2567 4050,2554 4106,2586 4165,2557 4214,2580 4272,2560 4275,2511 4139,2495 4109,2514 4034,2433 3936,2413 3907,2433 3793,2417 3721,2452"/>
                <Baseline points="3736,2572 3741,2572 3831,2566 3921,2554 4010,2548 4100,2554 4189,2554 4279,2548"/>
                <TextEquiv>
                    <Unicode>1 Mr. Censalégisse</Unicode>
                </TextEquiv>
            </TextLine>
            <TextLine id="tr_1_tl_21" custom="readingOrder {index:20;}">
                <Coords points="3715,2658 3966,2726 4187,2625 4514,2602 4690,2671 4729,2430 4569,2439 4282,2576 3721,2589"/>
                <Baseline points="3736,2643 3741,2643 3831,2637 3921,2631 4010,2631 4100,2619 4189,2608 4279,2602 4368,2602 4458,2590 4547,2590 4637,2596 4726,2602"/>
                <TextEquiv>
                    <Unicode>st wissens in the rate.</Unicode>
                </TextEquiv>
            </TextLine>
            <TextLine id="tr_1_tl_22" custom="readingOrder {index:21;}">
                <Coords points="4439,2788 5893,2681 6399,2756 6405,2599 5785,2501 5238,2586 5065,2537 4647,2671 4442,2638"/>
                <Baseline points="4458,2727 4529,2721 4619,2721 4708,2715 4798,2715 4887,2715 4977,2709 5066,2703 5156,2703 5245,2703 5335,2703 5424,2697 5514,2691 5604,2691 5693,2685 5783,2685 5872,2679 5962,2679 6051,2673 6141,2673 6230,2673 6320,2673 6409,2679"/>
                <TextEquiv>
                    <Unicode>Wahnwitz? Ist Wahnwitz andres als Grösse,</Unicode>
                </TextEquiv>
            </TextLine>
            <TextLine id="tr_1_tl_23" custom="readingOrder {index:22;}">
                <Coords points="4005,2759 4067,2785 4122,2752 4148,2775 4194,2752 4249,2782 4328,2766 4328,2635 4289,2648 4266,2625 4214,2616 4135,2674 4103,2655 4083,2674 4005,2684"/>
                <Baseline points="4022,2739 4112,2733 4201,2733 4291,2733 4332,2739"/>
                <TextEquiv>
                    <Unicode>Julia.</Unicode>
                </TextEquiv>
            </TextLine>
            <TextLine id="tr_1_tl_24" custom="readingOrder {index:23;}">
                <Coords points="4432,2945 4647,2880 6386,2873 6418,2749 5472,2792 5257,2713 4439,2792"/>
                <Baseline points="4452,2882 4458,2882 4547,2882 4637,2882 4726,2876 4816,2876 4905,2870 4995,2870 5084,2864 5174,2858 5263,2858 5353,2858 5442,2852 5532,2852 5621,2846 5711,2846 5800,2840 5890,2834 5980,2834 6069,2828 6159,2828 6248,2822 6338,2822 6427,2828"/>
                <TextEquiv>
                    <Unicode>die nicht begriffen wird? Traum? Und wenn</Unicode>
                </TextEquiv>
            </TextLine>
            <TextLine id="tr_1_tl_25" custom="readingOrder {index:24;}">
                <Coords points="3786,3030 3930,2978 4054,3004 4230,2955 4279,2987 4285,2883 4243,2886 4161,2850 3989,2886 3907,2863 3855,2889 3796,2883"/>
                <Baseline points="3807,2972 3843,2960 3932,2960 4022,2954 4112,2942 4201,2942 4291,2942"/>
                <TextEquiv>
                    <Unicode>geverst kund</Unicode>
                </TextEquiv>
            </TextLine>
            <TextLine id="tr_1_tl_26" custom="readingOrder {index:25;}">
                <Coords points="4439,3059 6447,3010 6447,2916 6180,2876 5808,2951 4442,2935"/>
                <Baseline points="4458,3043 4488,3043 4577,3037 4667,3037 4756,3037 4846,3031 4935,3031 5025,3031 5114,3025 5204,3019 5293,3019 5383,3019 5472,3013 5562,3007 5651,3007 5741,3001 5830,3001 5920,2995 6009,2990 6099,2990 6188,2990 6278,2990 6367,2984 6457,2984"/>
                <TextEquiv>
                    <Unicode>ich einen aus dem Schlafe sprechen höre, er</Unicode>
                </TextEquiv>
            </TextLine>
            <TextLine id="tr_1_tl_27" custom="readingOrder {index:26;}">
                <Coords points="3705,3124 3917,3147 3946,3121 4057,3111 4158,3144 4272,3101 4305,3131 4357,3131 4364,3020 4259,2987 4227,2951 4132,2991 3927,2978 3845,3020 3708,3036"/>
                <Baseline points="3724,3091 3741,3091 3831,3085 3921,3085 4010,3073 4100,3073 4189,3067 4279,3061 4368,3055"/>
                <TextEquiv>
                    <Unicode>ne and du free.</Unicode>
                </TextEquiv>
            </TextLine>
            <TextLine id="tr_1_tl_28" custom="readingOrder {index:27;}">
                <Coords points="4448,3229 4644,3281 4980,3196 5746,3212 6418,3157 6418,3072 4452,3131"/>
                <Baseline points="4470,3204 4547,3198 4637,3192 4726,3192 4816,3186 4905,3186 4995,3180 5084,3180 5174,3180 5263,3175 5353,3175 5442,3169 5532,3169 5621,3163 5711,3163 5800,3157 5890,3151 5980,3145 6069,3145 6159,3145 6248,3139 6338,3139 6427,3133"/>
                <TextEquiv>
                    <Unicode>tüge eine Krone und es gelingt mir sie ihm</Unicode>
                </TextEquiv>
            </TextLine>
            <TextLine id="tr_1_tl_29" custom="readingOrder {index:28;}">
                <Coords points="4501,3392 5215,3340 5433,3405 5570,3326 6190,3307 6444,3369 6447,3229 4504,3258"/>
                <Baseline points="4517,3360 4577,3354 4667,3348 4756,3348 4846,3348 4935,3342 5025,3336 5114,3336 5204,3336 5293,3336 5383,3330 5472,3324 5562,3318 5651,3318 5741,3312 5830,3312 5920,3312 6009,3306 6099,3306 6188,3306 6278,3300 6367,3294 6457,3300"/>
                <TextEquiv>
                    <Unicode>aufs Haupt zu legen eh er erwacht...Wahn</Unicode>
                </TextEquiv>
            </TextLine>
            <TextLine id="tr_1_tl_30" custom="readingOrder {index:29;}">
                <Coords points="4435,3532 5717,3483 5926,3578 6552,3555 6637,3525 6640,3388 4439,3441"/>
                <Baseline points="4452,3515 4499,3515 4589,3509 4678,3509 4768,3503 4858,3503 4947,3497 5037,3503 5126,3497 5216,3491 5305,3485 5395,3485 5484,3479 5574,3479 5663,3473 5753,3467 5842,3473 5932,3473 6021,3467 6111,3461 6200,3461 6290,3455 6379,3455 6469,3449 6558,3449 6648,3437"/>
                <TextEquiv>
                    <Unicode>und Wahrheit, Traum und Wachen... Sind es Fein de</Unicode>
                </TextEquiv>
            </TextLine>
            <TextLine id="tr_1_tl_31" custom="readingOrder {index:30;}">
                <Coords points="3780,3591 3845,3568 4008,3584 4077,3542 4112,3565 4161,3548 4279,3571 4302,3379 4207,3415 4161,3401 4112,3431 4034,3405 3959,3424 3917,3398 3874,3431 3799,3421"/>
                <Baseline points="3801,3562 3849,3556 3938,3551 4028,3539 4117,3527 4207,3515 4297,3509"/>
                <TextEquiv>
                    <Unicode>Tielifd trat</Unicode>
                </TextEquiv>
            </TextLine>
            <TextLine id="tr_1_tl_32" custom="readingOrder {index:31;}">
                <Coords points="4442,3731 6382,3659 6500,3630 6503,3529 4445,3594"/>
                <Baseline points="4464,3670 4541,3670 4631,3664 4720,3664 4810,3658 4899,3658 4989,3658 5078,3652 5168,3652 5257,3646 5347,3646 5436,3640 5526,3640 5615,3640 5705,3640 5795,3634 5884,3628 5974,3628 6063,3622 6153,3616 6242,3616 6332,3616 6421,3610 6511,3610"/>
                <TextEquiv>
                    <Unicode>Es sind Geschwister, de sich manchmal nicht</Unicode>
                </TextEquiv>
            </TextLine>
            <TextLine id="tr_1_tl_33" custom="readingOrder {index:32;}">
                <Coords points="4501,3874 5913,3806 6128,3910 6350,3819 6532,3842 6536,3721 4504,3767"/>
                <Baseline points="4523,3837 4571,3837 4661,3837 4750,3837 4840,3831 4929,3831 5019,3825 5108,3825 5198,3819 5287,3813 5377,3813 5466,3813 5556,3807 5645,3807 5735,3801 5824,3801 5914,3795 6003,3795 6093,3789 6182,3789 6272,3789 6361,3783 6451,3783 6541,3789"/>
                <TextEquiv>
                    <Unicode>verstehn und manchmal sich so ähnlich sind,</Unicode>
                </TextEquiv>
            </TextLine>
        </TextRegion>
    </Page>
</PcGts>
