6840 4488
377 671 560 903 ont
354 848 1516 1051 auf xxx ww riell
468 1011 1452 1225 e mV xxx aus xxx
258 1147 1629 1376 us ee xxxo xxx wedeii
337 1376 1519 1571 Ich sagen xxx xxxxx
418 1568 1205 1838 mais il a été
543 1797 1060 2009 G.C.H.F.P.V.
366 1943 1333 2189 resie! Un ainsi Hosem
6310 494 6487 642 141
4097 598 6438 828 Renault. Ja auf dem Feld, doch sie bedeuten nichts.
4492 787 6574 990 Denn überall lauern in Engpässen, auf Hügeln
4510 947 6571 1103 spanische Scharen, die die kleinern Truppen
4507 1121 6441 1318 Überfallen und kein Franzose wagt es sein
6130 1220 6394 1333 Au M
4483 1214 6545 1463 Haupt niederzulegen, wenn nicht zehn drausse
6165 1371 6443 1484 Uneher
4486 1449 6493 1620 vor dem Tore sehn und Wache halten. Sie has
4478 1490 4724 1603 F.D
4443 1591 6484 1786 sen Napoloon und sie fühlen, dass alles ge-
4478 1713 6455 1928 gen ihn erlaubt ist. Dass es Schurkerei ge
4434 1919 6487 2062 gen den nicht gibt der selbst voll Tücke und
4463 2021 6403 2221 Hinterlist steckt. Sie haben es ihm nicht
4425 2192 6313 2390 vergessen, wie er seine Laufbahn begannich
5474 2297 5810 2425 Bantzay
4422 2340 6371 2547 in ihrem Lande, wie er seine Kraken in die
4501 2520 6522 2692 Festungslazarete legen less und wie sich in
4864 2602 5186 2709 beauvret
4463 2677 6374 2881 der Nacht Grenadiere aus dem Bett erhoben,
4454 2822 6429 3005 mit den Waffen die sie in den Polstern ver
4454 2962 6522 3174 steckt hatten. Sie vergessen es ihm so wenig,
4449 3139 6382 3348 wie wir ihm den Mord an Herzog von Englen
4460 3281 6499 3505 vergessen. Spanien wird das Grab seines Ruhm-
4254 3336 4623 3473 Chirande
4402 3435 6458 3665 Und vielleicht hat er es selbst nur so zeitig
4422 3609 6594 3824 verlassen, um ich nicht gleich zu seinem Ruhke
4434 3772 5413 3917 dazu legen zu müssen.
