6808 4616
4446 564 6447 819 stallungen haben sie ein Haus durchgebroche
4415 761 6271 940 Und nun f端hren sie eben die erste Kanone
4415 895 6432 1122 af das Dach hinauf. Nun wird es bald ernst
4418 1077 6241 1246 orden. Wenn Sie nichts wichtiges zu tun
4409 1155 6283 1374 haben rat ich Ihnen sich lieber von hier
4482 1349 5101 1534 wegzubegeben.
4482 1456 6174 1662 Ich habe nur wieder etwas, mitgebacht
3954 1462 4324 1668 Frau K.
4482 1574 6526 1820 f端r die Leute, wollen Sies verteilen lassen?
4449 1732 6235 1917 Heben Sie mir Frau Klaehr, ich will es
3991 1816 4258 1971 Anna.
4494 1820 6502 2068 selbst besorgen. / sie geht 端ber die Bastei
4549 1995 6417 2305 zu den einzelnen Soldaten und gibt ihnen
5822 2141 6056 2265 verthe
4555 2265 4825 2435 Brot/
4518 2347 6438 2535 Ich dank Ihnen sehr Frau Klaehr/Sehen Sie
4009 2432 4452 2559 Bargetti.
4485 2471 6359 2672 hier kommt eben der Major Schindler, von
4048 2596 4303 2720 Irohte.
3745 2632 3945 2835 r Jd
4573 2644 5249 2832 der Artillerie.
4009 2747 6450 3014 Major (Schindler) Ist alles hier in Ordnung Herr B端r
4558 2945 5128 3163 gehauptmann?
4561 2987 6314 3275 Zu Befehl Herr Major, Verzeihn Her
4048 3099 4485 3263 Bargetti.
4700 3199 4925 3290 onder
4045 3230 6383 3421 Major das ist die Frau Klaehr, dieselbe
4458 3339 6362 3563 die auch gestern auf der Bastei das Brot
4476 3542 5968 3782 unter die Soldaten verteilt hat.
