3464 4200
2687 402 2831 583 6a
1210 605 2868 801 Ist auch schon was wert. Schau Dir
744 699 1130 840 Marie.
1212 818 2870 994 die Karolin an, vor vier Jahren ist
1170 994 2885 1177 ihr Bräutigam ausgezogen, schön jung
1257 1177 3002 1346 und frisch und jetzt ha sie einen Ma-
1212 1341 2424 1539 mit e nem hölzernen Bein.
828 1549 2697 1718 Elisabeth. Hütt sie ihn nicht genommen.
1282 1735 2955 1901 Dass Du mir alles zurückbringst Leo
1239 1911 2340 2090 pold. Sonst ist es aus.
1306 2060 2794 2275 Versprichs ihr nur. Unter der
838 2159 1262 2293 R/abenau.
1207 2246 2836 2444 dingung, dass ihr in der Zwischen
1264 2422 2779 2603 zeit auch nichts passiert.
870 2600 2863 2821 Leibold. / mit einem Zeitungsblatt an einem
1279 2806 2972 2987 andern Tisch/ Habt ihr schon gehört,
1301 2955 3044 3178 was in den letzten Paruser Zeitungen
1346 3133 2957 3354 steht, wies mit uns in Wien steht?
1291 3319 3051 3547 Der Adel hat seine Kanonen dem Kaiser
1405 3510 3061 3728 geschenkt, damit wir doch in Gottes
