6808 4376
6116 509 6303 701 276
4411 640 6498 846 Medardus Klaehr. Ich verstehe Ihren Schmerz.
4424 835 6316 983 Aber beherrschen Sie sich. Ja ich bindie
4419 991 6374 1188 Schwester des unglücklichen Jünglings, der
4400 1196 6443 1333 mit Ihrer Schwester in den Tod gegangen ist,
4400 1315 6274 1465 Wir haben einander auf dem Grabe unserer
4403 1470 6379 1644 Geschwister gesehn, Sie haben mir verboten
4356 1607 6227 1773 wollen Blumen auf das Grab zu legen, der
4456 1771 6395 1950 Vicomte kam dazu und Sie haben sich it ihm
4398 1939 6348 2074 geschlagen. Sie waren auf den Tod verwun -
4424 2076 6421 2253 det und es sfheint, das sonderbare Fieber.
4398 2234 6229 2411 träume Sie noch in Ihre Genesung hinein
4340 2422 6461 2574 verfolgen. Kommen Sie zu sich, Medardus Klaehr
4390 2559 6287 2698 Jetzt, dax Sie meine Stimme hören, da Sie
4379 2690 6224 2835 mich leibhaftig vor sich sehn - ich seh
4319 2825 6406 2999 es ja Ihren erwachenden Augen an - kehrt Ih -
4379 2985 6398 3175 nen das Bewusstsein weder. Jetzt wachen Sie,
4361 3165 6113 3341 Medardus Klaehr. Nehmen Sie alle Ihre
4358 3302 6203 3507 Kraft zusammen, tragen Sie wie ich, mein
4361 3491 6366 3657 Bruder wie Ihre Schwester stehn nichtwieder
1621 3547 2258 3813 Jasan,sof mai
