3400 4152
2660 306 2783 450 41
1166 485 2778 708 Wenn ich ihnen zu schlecht bin, so
1172 676 2783 914 sind sie meiner nicht wert, und der
1166 877 2456 1064 Francois selber auch nicht.
1172 1048 2928 1241 Du darfst ihn schon Franz nennen, vie
753 1083 1083 1217 Agathe.
1220 1201 2890 1443 Das früher getn hast. Du weisst, er
1225 1434 2086 1595 kann nichts dafür-
1190 1515 3086 1815 Ich hab so Angst um Dich Agathe. Wil###
759 1598 1105 1740 Medard.
1174 1767 2274 1973 Da mir Dein Wort gebe
778 1957 1394 2134 Agath. Was.
767 2137 2660 2333 Medard. Dass Du ihn nicht wiedersiehst.
780 2327 2941 2523 Agathe. Wie? Und wenn er mir die Einwilligung
2006 2408 2622 2531 me in the verlangt
1207 2507 2874 2692 der Eltern bringt? Neun sie endlich
1241 2684 1759 2834 nachgeben.
1359 2740 2011 2885 H. die haue
1193 2842 2858 3014 Du weisst, das wird nicht geschehn.
775 2853 1129 3075 Medard.
1196 3032 2898 3196 Es snd jetzt drei Wochen glaub ich,
1260 3201 2762 3368 dass er das letstemal hier war.
799 3352 2561 3547 Agathe. Dass Ihre ihm verboten habt.
