3480 4232
2755 367 2880 518 55
1320 532 2896 699 Sie sind noch nicht da. Aber ich
847 472 1247 772 Eschemb.
1287 694 2853 912 würde kein Gewicht darauf legen.
394 667 1058 963 Emit Sein Tod
1277 842 1792 985 Ein Sattler est
383 923 1007 1077 und - est unes
1277 926 2915 1053 Weisst Du, nun ists ja nimmer not -
343 1020 764 1182 verst. et
1293 1071 3031 1252 vendig, aber weisst Du Schwester, was
1320 1266 2944 1468 ich Dir geraten hätte, die jungen
1279 1460 2950 1587 Leute ein Paar werden zu lassen und
1330 1603 2923 1760 einfach für sie zu sorgen, för sie
1330 1835 2974 1981 beide zu sorgen, bis der junge Mar
1328 1973 2823 2146 quis sein Pflichtteil erbt, ich
1268 2167 2934 2337 hätt auch das meine getan. Denn mit
1333 2307 2834 2486 den zweien war nicht zu spassen,
1282 2502 2853 2701 ich wille Dir nur sagen. Wenn die
1328 2701 3015 2920 zwei zusammen sind, so gibts Funken.
1271 2844 3017 3041 Mir ist als wär es höchste Zeit, dass
1336 3012 2850 3244 sie in Ehren sich verbinden. Wir
1252 3212 3020 3471 vollen auch nicht warten, bis der Me-
1279 3392 2199 3616 dardus wiederkommt.
874 3479 3044 3827 Frau K. Da ma reitet schon wieder ein Regimen
