3320 4152
1134 284 2113 526 vokäntz blödsinnigen
731 387 2684 637 Die zwei vorhergehenden Scenen wären umzu
787 629 1192 803 stellen.
2050 660 2871 866 Begräbnis Eschen
753 739 1987 981 Zuerst die Kirchhofsscene.
950 918 1716 1097 bachers u. s. w.
779 1010 2800 1239 Medardus, vollkommen entschlossen Bonaparte
839 1260 1276 1413 zu töten.
837 1316 2939 1571 Nun kommt Julie. Vielleicht handelt es sich
913 1450 2889 1708 darum den Leichnah des Bruders auf Wunsch
971 1631 2852 1847 des wahnsinnigen Vaters in die Heimats
979 1795 2450 2008 erde Frankreichs zu übertragen.
897 1905 2979 2205 Julia versucht Medardus, den sie seit Wochen
939 2073 2989 2331 nicht gesehn hat zum Morde Napoleons zu be
926 2260 2942 2473 reden. Nun erst fühlt sich Medardus als der
937 2368 3058 2631 Narr des Schicksal.s, und glaubt die Tat ihm
950 2621 1392 2813 entwuden.
947 2734 2847 3008 Die nächste Scene beim Marquis. Ankunft
971 2971 1723 3115 Desaulteuxs etc.
974 3073 2918 3315 Es wird klar, dass Julie Bonaparte liebt.
989 3223 2823 3429 Doch ist sie entschlossen ihn zu töten.
1005 3347 2994 3642 In der darauffolgenden Scene geht Medardus
1018 3502 3108 3757 ohne festen Entschluss im Schlesshof hin und
1052 3744 1326 3855 her.
