6824 4520
4265 491 6095 726 len wie in Winter houer. au cril Le 20
5368 654 5586 758 nacht.
3948 686 6086 962 Sachenb. Ich, der Himmel straf nich, wenn ich
4311 935 6223 1104 seither wieder eine Taste angerührt hab.
4317 1098 6225 1264 Wo soll unsereis die Zeit dazu hernehmen
4288 1304 6118 1505 Schlägt ein paar Tasten an. Uebrigens
4311 1458 6205 1641 ist es auch einweig verstimmt. Mat wohl
5554 1592 5781 1708 Prai
5011 1606 5261 1705 I I have
4337 1641 6225 1871 schon lange kein junger Herr Marquis da
4311 1827 5095 2013 rauf gespielt.
3945 1975 6284 2219 Anna. Merkt man das gleich einen Instrument an
4224 2147 4863 2260 (Blicke auf A1.)
3945 2208 5720 2420 Eschehb. Nicht oben dem. / er spielt/
