6760 4344
6200 536 6355 712 295
4466 704 6319 916 wir schon. Aber stellen Sie sich vor man
4414 880 6451 1051 erwischt Sie damit ein Sie sie verkauft haben
4466 1077 6446 1199 Auf dem Weg zum Generalstab, wer brauch Ih
4466 1188 6412 1318 nen denn zu glauben? Besonders Ihnen, der
4479 1369 6459 1507 als österreichischer Pariot so bekannt ist.
4510 1494 6500 1665 der noch gestern mit seinem Morgenstern auf
4510 1670 6412 1812 der Bastei herumgelaufen ist. Und ganz in
4473 1810 6477 1949 der Näh war heut nachts, wie einem französi
4502 1955 6550 2154 schen Adjutanten ein gewisses Malheur passie
4437 2162 4636 2294 ist.
4574 2276 6337 2418 Werwar in der Näh? Ich hab nix g sehn?
3981 2307 4308 2431 Vachsh.
4525 2420 6467 2578 Ich hab noch nie keinen Menschen nicht er
4484 2617 4921 2765 schlagen.
4491 2734 6355 2905 Sie alain gewiss nicht. Also her mit dem
4018 2762 4422 2899 Eschenb.
4484 2905 5522 3078 Schrämbel. Dagelassen.
5180 3008 5519 3112 Yours
4535 3026 6402 3205 Seit wann sind denn Sie der Buchhändler?
4015 3075 4326 3192 Wachs.
4579 3153 5460 3254 to a deb he iset
4491 3200 6570 3371 Ich bedaure dass ich mein Handwerkszeug nicht
4036 3228 4414 3345 Eschenb.
4502 3303 6495 3523 bei der Hand hab. + Eine Peitschen könnt ich
4497 3516 5711 3666 vielleicht besser brauhen.
5462 3575 5874 3717 Luvit.
4704 3622 4991 3743 eifert
4396 3655 6327 3857 x Ich wieder, mit Teilen.
4745 3831 5082 4007 Wor
