6808 4504
6107 457 6333 631 214
4432 647 6514 886 Etzelt. Auf der Bank. Die Morgenkühle durch
4403 797 6372 1041 fröstelt mich. Besser wieder auf und ab zu
4458 988 6375 1170 gehn. Wie lange noch... Und warum..Der Tag
4469 1136 6435 1335 ist nah, Es muss sich endlich entscheiden.
4450 1230 6456 1493 Wenn ihn die Erde nicht eingeschlungen hat,
4450 1370 6525 1625 wo anders soll er sein als hinter diesen Mau
4506 1575 6333 1751 em? Aber wenn er im Garten ist, oder -
4482 1690 6572 1932 im Haus was nützt meine Gegenwart. Es könnte
4482 1877 6333 2053 sich lächerlich aufklären. und furchtbar.
4490 2008 6435 2219 Es könnte ein sträfliches Zögern bedeuten,
4493 2174 6501 2395 dass ich nicht versucht habe ins Schloss zu
4500 2287 6504 2497 dringen und es wäre möglich, dass ich damit
4490 2458 6275 2650 fas allerschlimmste angerichtet hätte.
4506 2589 6433 2808 Trieb ihn Fieber davon, Verliebtheit oder
4487 2742 6601 2968 Rache...Ein ###ahnwitzig bestimmter Entschluss
4853 2897 5160 3002 au fielon
4493 2892 6527 3115 ider die Wirrheit seines Wesens...Bin ich
4514 3044 6351 3244 von einem innern Ruf hierher geschickt,
4524 3225 6385 3388 oder bin ich die läpptscheste Figur von
4529 3357 6527 3570 einer Schildwache, die je vor dem Ort eines
4527 3507 6556 3735 verliebten Stelldicheins auf und abgelaufen
