6824 4376
6301 440 6509 606 249
4539 558 6364 760 bar all diese Tage Medardus, Hat Du mir
4533 745 5441 905 nichts aufzutragen?
4552 851 6455 1089 Ich, Dir? Als wär es so sicher, dass mich
4108 911 4452 1050 Medar.
4542 1019 6503 1197 der eine Kugel trifft und Dich nicht. Und
4545 1170 6431 1412 ich weiss doch, dass mir nichts geschehn
4491 1345 6530 1499 wird. Ich habe noch was zu tun auf der Welt.
4138 1478 6416 1665 Etzelt. Das ist auch meine Anscht. Aber es haben
4539 1650 6587 1858 manche was zu tun und werden nicht alle dazu.
4585 1825 4944 2012 kommen.
4633 1967 6403 2145 Der verwundete Bargetti wird auf einer
4503 2148 5435 2298 Bahre vorbeigetragen.
4585 2259 5218 2464 Wer ist das?
4132 2283 4470 2458 Medard.
4597 2440 6081 2618 F Der Bürgerhauptmann Bargetti.
4132 2470 4530 2594 Gardist.
4633 2597 6603 2763 Ist das nicht Medardus Klaehr? Es ist gut
4132 2609 4567 2814 Bargetti.
4651 2715 6569 2911 beleuchtet. Grüssen Sie Ihre Mutter, Me
4639 2899 4989 3052 dardus.
4681 3007 6569 3230 Herr Bargetti, verzeihn Sie,- Herr Haupt
4120 3004 4585 3230 Medardus.
4536 3206 4859 3393 mann...
4126 3318 6551 3553 Bargetti. Das ist jetzt wohl gleich. Setzt doch die
4549 3490 6509 3731 Bahre irgendwo hin. Ihr braucht mich nicht
