6744 4328
6115 549 6293 664 306
4736 666 4993 778 seiner
4299 699 6309 852 comte und Ihrer Freunde zu retten. Sie sind
4296 806 6334 1011 alle verloren, wenn Bonaparte sie für Ver -
4302 948 6312 1158 schwörer und Hochverräter hält. Erfährt er
4266 1084 6301 1319 wie die Dinge sich in Wahrheit verhalten, so
4384 1316 6339 1505 wird er sich vielleicht damit begnügen, sie
4318 1527 5293 1652 beobachten zu lassen.
4315 1606 6397 1805 Dazu wäre vor allem notwendig, dass Bonaparte
3854 1631 4143 1833 Julia.
4315 1803 5719 1945 meinen Worten glauben schenkt.
4280 1912 6408 2106 Ich bin bereit Ihre Wrte durch mein ärztliches
3865 2029 4121 2139 Assa.
4326 2128 5544 2278 Gutachten zu unterstützen.
4326 2196 6367 2442 Sie können ein Verräter sein wie die andern,
3870 2311 4176 2436 Julia.
4283 2412 6470 2551 wie mein Vater, wie ich. Auch Ihnen muss Bona¬
4334 2611 5293 2753 parte nicht glauben.
4296 2663 6364 2881 Es genügt, wenn Bonaparte es nur für möglich
3887 2761 4157 2912 Assa.
4296 2892 6489 3023 hält. Der Vicomte und seine Freunde sind nicht
4444 2977 6509 3198 die Leute, dass dem Kaiserreich von ihnen
4351 3144 6525 3354 eine Gefahr drohen könnte. Und Bonaparte weiss,
4365 3308 6514 3499 dass diese ganze rührend kindliche Verschwörun
4318 3455 6372 3660 in nichts verweht, wenn die geheimnisvolle
4351 3613 6301 3810 Macht Ihres Vaters aus dem Spiel genommen
