6824 4536
481 583 1547 828 sach mes asw narm ist.
208 1400 394 1603 foi
500 1430 1028 1583 mais il y
133 1558 1269 1761 Jlesiä edofflerdzov ja
331 1711 1208 1953 v.elleaeb zogibild.
169 1900 1222 2114 hegnsgeg eludos sib ni
647 2105 828 2233 G.H.F.P.
300 2197 1097 2436 ni mie aen.eswi
286 2505 1192 2747 3.3.74 rt. 4. n
228 2686 1214 2908 reur für dn I.J tnfste
131 2877 1172 3086 cette fois elle même, et
350 3033 1305 3208 it niebns elis sash
97 3169 1205 3377 LIs n'oia eie aaab neaît
192 3344 1253 3547 m m m o r o m o a
144 3516 894 3716 xxx, xxx
453 3661 1064 3919 permet dans la
6322 381 6516 586 325
4450 617 6558 847 lebt die grösste Tat länger als der letzte,
4413 753 6405 1005 der sich ihrer erinnert? Heimat.. ist es
4455 942 6391 1144 das Land das mich zufällig geboren hat.
4411 1105 6513 1342 Ξαρoléon soll ich hassen.. Gotter wurde, wie
3922 1230 4286 1422 Zimkulle.
4416 1275 6447 1467 Gott ihn gemacht hat, er musste sein Leben
4416 1467 6052 1633 leben. kann ich ihn darum hassen?
4369 1550 6602 1775 Ich bin glücklich, scheint Dir das grauenhaft
4430 1725 6480 1944 Wie lange es währen wird, weiss ich nicht.
4433 1883 6602 2133 Die Welt rings um mich ist aufgestellt, wie er
4436 2064 6488 2269 ne Bühne. Draussen finden Schlachten statt,
4447 2180 6494 2408 was gehts mich an. Bist si will. neue Aussa.
4483 2369 6502 2580 Ich verstehe Dich vielleicht, aber es war
3969 2425 4319 2647 Etzelt.
4391 2550 6058 2764 eine Zeit da ich Dich mehr liebte.
4413 2672 6472 2889 Und keine da Du mir teurer warst, ich liebe
3972 2747 4333 2952 Medard.
4361 2877 6544 3064 alle, verstehe alle, lächle über alle. Ach es
4408 3002 6572 3208 wird ja wohl nur ein Traum sein, denn es kann
4450 3166 6408 3375 nicht som bleiben. Aber es ist wnderbar.
4452 3372 6377 3541 Sieh Etzelt, hier daneben stirbt einer,
4455 3522 6344 3725 er phantasierte gestern so wunderschön.
