6856 4488
6274 362 6461 611 149
4463 611 6488 809 Gatten zu Felde zogen. Schlimmeres als Ball
4727 705 5160 821 et surléger
4523 768 5640 957 spielen. Anderes gewiss.
5599 782 6248 942 so siehe mit in e
4102 880 6482 1123 Marquise. (Ich werde dieses Haus verlassen.) Wo soll
4535 1064 6440 1277 ich hin? Bin ich wirklich die einzige die
3823 1111 4321 1280 Bolln kam
4914 1168 5376 1277 drie seu dut
3749 1209 4357 1378 o pde  -  tous
4535 1239 5957 1467 trauert. Mein Sohn, mein Söhn.
3734 1334 4369 1497 wied - is all.
4529 1396 5192 1592 Marquise geht.
3711 1414 4327 1592 i in derniert
4529 1550 5942 1743 Nur weiter Nerina, nur weiters.
4120 1562 4413 1689 Julia.
4576 1594 6446 1903 Ich kannn nicht Fräulein, ich kann nicht.
4123 1746 4457 1921 Nerina.
4567 1864 5673 1995 sie schreit leise auf /
4543 1929 6517 2214 Was ist Dir. Ah der Vicomte. Nun ja er mus
4096 2039 4425 2169 Julia.
4552 2140 6526 2362 te doch endlich kommen. Nun mein Vetter.
4532 2258 6482 2516 Der Vicomte (ist aufgetreten und küsst ihr
5326 2475 5907 2614 he is in merried..
4585 2495 5154 2656 die Hand.
3660 2490 3856 2658 Nich
5192 2567 6265 2724 hier richtriebte... So samt bin.
4561 2647 5925 2842 Er ist tot?
4131 2650 4440 2872 Julia.
4134 2736 6517 2990 Vicomte. Der Graf von Dagusan, der im vorigen Jahr
4567 2899 6500 3145 den gleichen Stich in die linke Seite von
4508 3070 6541 3311 mir erhalten hat, war zehn Minuten darauf t
4523 3207 6547 3476 tot. Verzeihn Sie, dass ich mir heute nicht
4552 3438 5933 3625 Zeit nahm so lange zu warten.
4570 3494 6511 3785 Sagt ichs nicht. Aber sehn Sie doch Fräu
4164 3595 4493 3731 Nerina.
4529 3681 6494 3891 lein auch der Herr Vicomte hat eine Wunde.
