6824 4392
6255 457 6431 619 247
3953 578 6036 814 Frau. Gr. Ja wo soll man denn jetzt nur hin?
4380 755 5662 928 Drängen, Laufen nach rechte
3979 840 6352 1161 Medard. / auf der Stiege / bleib doch unten Etzelt.
4448 1094 5303 1273 Lass mich nur mit.
3994 1147 4330 1279 Etzelt.
4409 1147 6473 1415 Was hat das für einen Sinn? Was hast Du oben
3985 1303 4342 1438 Medard.
4451 1344 6467 1550 zu tun? Es wird eine schlimme Nacht werden.
4427 1503 6358 1707 Und wenn ich Dir nur Gesellschaft leisten
4003 1539 4374 1783 Etzelt.
4465 1698 4849 1872 wollte?
4017 1807 5812 2037 Medard. Ich kannstDir nichtverbieten.
4038 1981 5948 2217 Wachshuber, an hnen vorbei/ Platz platz.
4457 2122 6328 2326 Wachshuber, warum denn solche Angst, Sie
4047 2205 4392 2382 Etzelt.
4457 2308 5320 2499 sind ja bewaffnet.
4519 2423 6479 2623 Damit kann ich gegen Kanonen nicht aufkom-
4062 2497 4409 2747 Wachsh.
4474 2535 6446 2803 men, ich bin für besseres aufgewahrt. Aber
4530 2726 6532 2945 wenn sie sich hereintraun, dann kommt meine
4430 2915 6054 3121 Zeit. / läuft an der Mauer weiter/
4465 3116 5193 3272 Wetere Schüsse.
4513 3186 6570 3410 Ein Feuerschein flammt rechts auf, am Himmel
4521 3378 6420 3661 Auf der Bastei der Artilleriemajor rasch
4613 3519 5146 3814 vorbei.
4557 3634 6549 3950 Die Basteien sind fast leer nur Bürgergarde.
