6824 4424
6095 512 6293 661 347
4735 506 5862 736 In villst mit Collern hören
4180 690 6055 860 Med. So steht es Dir denn bevor auch das
4206 822 6147 1003 allertollste von mir anzuhören, ich glaube
4195 1044 4741 1176 Dir Helene.
4954 1046 5638 1199 glaubt. des
4203 1144 6106 1343 Hel. Medardus.. Wehre Dich nicht dagegen,
4255 1328 6236 1472 mir ahnt wir verden nicht lange Zeit haben,
5123 1374 6170 1527 weise ist die kund¬
4223 1472 6213 1624 glücklich zu sein.
4206 1610 6233 1751 Med. (Sprich nicht von Glück,. Leben, Rausch,
4229 1754 5790 1915 Tod das ist für uns. nicht Glück.
4220 1808 6532 2116 Hel. Wir werden glücklich sein. Nicht lange.
4261 1998 6210 2225 Aber wir werden es sein. Nur nichts andres
4246 2165 6181 2386 denken, der Garten duftet. Die Nacht ist
4246 2329 6161 2478 tief.. Wir wollen versinken.. Medardus-in
4235 2426 6173 2631 diese tiefe, liefe Nacht.
4249 2576 6242 2866 sohi.... wie wolle der nagessen
4514 2789 5230 2930 id lieb stich.
4315 2886 5434 3085 bev. ich liebe die
