6840 4472
6146 342 6336 510 339
4016 472 6346 636 Berger. Ja mein Lieber, abgebrannt sein mir mehr
4390 655 6482 801 oder weniger alle. Aber da habes ein Stückel
4390 794 6517 972 Käs. Wissens Etzelt ich hab jetzt immer so ei
4399 953 6415 1168 bissel ein Mittagmahl bei mir, weil man ja
4494 1086 6533 1266 nie weiss wann man nach Haus kommt. Ich war
3706 1120 4175 1364 zellert dr
4450 1234 6542 1440 jetzt im Spital, Gott sei Dank die Annerl is
3757 1279 4077 1427 les amis
3716 1399 4143 1570 est heure.
4491 1396 6438 1627 g sund. Dabei hat sie drei Nächt und dreie
3627 1535 4216 1728 lienne Frai belet
326 1507 737 1744 G.H.F.P.
4456 1586 6317 1763 Tag kein Aug zugetan. Grad dass ich hab
3649 1665 4200 1807 in der Kirche.
4513 1715 6276 1927 eine Minuten mit ihr sprechen können.
4304 1864 5191 1994 erkl. zwei Fallereich
4010 1918 6552 2083 (Bürgerwache.), Korporal und vier Mann kommen, zwischen
4567 2095 5669 2282 ihnen zwei Bettelleute.
4526 2234 6567 2431 / zu Kreuzhartinger/ he da gebettelt wir.
4035 2228 4463 2450 Korporal
4573 2371 6178 2554 nicht aber zu verdienen gibts was.
4535 2535 5953 2712 O das wär schön, das such ich.
4048 2519 4428 2706 Kre uzh.
4567 2684 6564 2886 Freie Kost den ganzen Tag und ein paar Gla.
4067 2757 4501 2880 Korporal.
4482 2858 5216 3051 sel Branntwein.
4542 3010 5305 3178 wo ist denn das?
4083 3067 4406 3197 Berger.
4580 3004 6577 3266 Sie können auch mitkommen, wenn Sie wollen
4073 3171 4507 3295 Korporal.
4501 3200 6533 3396 aber Sie müssen nicht. Der da muss, weil er
4545 3415 6539 3589 gebettelt hat. Wir brauchen Leut zum Särge
4504 3532 6425 3779 tragen. Und die Leichen auf den Friedhof
