6792 4376
5993 608 6157 764 277.
4390 764 6255 920 Und so gedenkt er den heutigen Tag durch
4330 899 6157 1104 ein neues Fest des Vogessens zu feiern,
4341 1041 6278 1254 des Vergessens sage ich, nicht des Vezahns.
591 1162 1015 1340 reprisseur
4330 1190 6243 1407 „Und m.Audruck dessen bittet er den Hærrn
4402 1378 6117 1531 Mauis und die Frau Marquise, den Hern
4318 1533 6321 1698 Vicome und die Frau Vicotase, und seine an -
5390 1629 5932 1732 nus ondrerte
4341 1663 6333 1851 dern hier Anwesenden Untertanen, sich nigen
4442 1853 6071 2029 Mittag bei der Cour, die im Schlosse
4306 1992 6321 2139 Schönbunn statfindet zuversichtlich einfin -
4390 2162 5016 2315 da zu wollen.
5093 2165 5537 2323 icht unterl.
4817 2274 4995 2358 mois
4024 2306 6344 2479 Marquis. Ich habe versäumt Her General Ihnen die
4301 2441 6359 2606 andrn hier Anwesenden vorzustellen. Dr. Assa
4309 2545 6379 2808 lagny, Desaulteux, Dagusan, St. Ma Renault...
3937 2738 5468 2972 Assalagny. Renault ist nicht her.
4306 2934 6411 3104 Gaz recht, Herr Renaupt hat es vorgezogen sic
3888 2934 4139 3079 Rapp.
4376 3070 6350 3240 zu entfernen, indessen hab ich mir erlaubt
4347 3211 6275 3419 ihn vor dem Tor, er war also eben erst am
4301 3398 6316 3583 Anfang des Wegs nach ###Paris, vekaften zu
4379 3551 6272 3707 lasa. Ich muss um Vezeihung bitten, dass
4306 3687 6166 3871 ich diesen kleinen Mission in die xxx
