3064 4120
2411 359 2581 602 39s
725 392 864 743 be
826 574 2833 867 es, dass es meine Absicht war ihn zu töten.
839 728 2684 943 Erinnere Dich Mutter, eines Tags, da Du
842 895 2816 1140 mit Grauen diesen Schwur aus meinem Munde
852 1069 1726 1269 hörtest. (im 1. April)
1249 1188 2060 1362 lecht mittlich.
859 1188 2884 1428 Ich kann nichts andres tun als Sr. Majestät
399 1340 652 1463 kapp.
859 1362 2775 1580 mitteilen, wehalb Sie zu erscheinen sich
910 1511 2790 1736 weigern. Wir wollen hören, ob er es gel
890 1774 1698 1918 ten lässt. / ab /
885 1946 2914 2207 Medardus, törichter Freund, (fühlst Du nicht
440 2103 768 2229 Etze tl.
902 2171 2889 2356 dass Du nicht einmal die Wahrheit sprachst
1481 2308 1944 2449 Cul dl
900 2315 2854 2558 War es Deine Absicht Bonaparte zu töten
917 2469 2836 2682 so hättest Du Dir nicht für alle Zeit die
930 2631 2189 2828 Gelegenheit dazu verdorben.
923 2780 2517 2982 Glaubst Du mir auch nicht, Mutter?
2212 2924 2310 3013 o6
463 2879 809 3023 Medard.
935 2919 2806 3149 Ich glaube Dir. - Aber was hilfst Du Dir.
475 3058 809 3258 Frau K.
948 3091 2939 3301 durch dieses Geständnis. Bonaparte der Mann
938 3255 2720 3465 dem gegenüber Ehrlichkeit Pflicht ist.
948 3432 2816 3647 Nun hast Du Dich um den Kopf geredet Me
971 3589 2042 3837 dardus Acht nur geredet.
