6824 4488
3840 563 4455 750 Heu Kennett...
6279 438 6469 679 140
3794 685 4403 857 de ma 12e a
4520 609 6545 878 schen zu sehn.- O Herr von Renault ich freue
3950 789 4278 979 1ème
4419 820 6545 1059 mich. Was bringen Sie neues aus einem Vater -
4379 970 6616 1224 land, das ich 14 lieben muss ohne es zu kennen.
4419 1154 6454 1368 Was hatten Sie meinem Sohne zu sagen Her
3996 1172 4290 1408 Mar.
4419 1346 4893 1524 Renault.?
4514 1499 6545 1652 Ich hatt ihm den Ruf unseer Freunde zu brin
4048 1444 4443 1628 Renault.
4483 1591 6521 1851 gen, ich wollte ich im Namen (von Frankreichs)
3648 1793 4305 1958 Caulle le hal pied
4440 1781 6521 2004 Edisten bitten mit mir nach Paris zu reisen.
3742 1885 4263 2029 Et cet Koollins
4382 1974 5251 2163 Nach Paris? - Wozu?
4048 1995 4275 2118 Mar.
3672 2066 3963 2249 The name
4061 2102 5334 2332 Renault. Um bereit zu sein.
4465 2200 5848 2488 Sind wir so weit Herr Raault?
4058 2304 4269 2482 Mar.
4514 2411 6392 2598 Wir sind...nein wir waren es. / Pause/
4054 2430 4437 2641 Renault.
4465 2540 6426 2782 Erzählen Sie mehr.) Sie kommen aus Spanien.
4036 2598 4260 2733 Mar.
4514 2693 6579 2944 Auch dort siegt der General Bonaparte. ( Sara
4501 2873 6625 3072 gossa ist gefallen. DerBruder des Generals
5493 3005 5860 3136 R.V.A.
4465 3072 5603 3274 ist zum König ernannt.
4042 3140 6496 3427 Renault. Der König von einem ernannt, der sich al
4483 3335 6469 3589 ber zum Kaiser machte. Es wäre eine Preis
4507 3559 5851 3739 frage was weniger wert ist.
4413 3703 5248 3905 Doch seine Siege.
4045 3706 4235 3837 Mar
