3304 4152
2476 205 2764 420 9t1
2740 396 2907 557 371.
892 552 2109 795 Schlosshof von Schönbrunn.
924 701 2992 974 Unter dem Portal. Vorn ist der Hof gedacht.
939 904 2781 1129 Nur ein kleiner Teil, der direkt an das
945 1050 2875 1264 Schloss stösst ist sichtbar. Breites Tor.
945 1215 2948 1420 Durchblick auf den Park. Zwei Freitreppen
951 1358 3119 1555 rechts und links führen zur Galerie des ersten
962 1505 3116 1757 Stockwerkes. Oben in der Mitte eine geschlosse
927 1722 2529 1842 ne Tür, vor der zwei Wachen stehn.
980 1845 1068 1933 G.H.
971 1866 2341 2015 Unten am Tor sechs Gardisten.
986 2021 2813 2165 Volk im Hof, das hineinzudrängen sucht.
977 2101 3072 2365 Einige Personen auf der Stiege, die eben von
997 2326 2925 2482 zwei Gardisten hinunter verwiesen werden.
628 2485 2948 2728 Erster Gardist. Fort von hier. Es ist nicht er
1000 2626 2667 2857 laubt hier auf der Stiege zu stehn.
637 2802 2206 3016 Zweiter: Es ist streng verboten.
642 2951 3004 3227 Einer vor dem Tor: Ich weiss auch nicht warum die
1006 3086 3186 3318 Leute hierwarten. Napeleon wird nicht zur Par-
1039 3309 1526 3485 de reiten.
1039 3409 3033 3635 Was gibts? Ist es wahr dass Abgesandte aus
666 3444 995 3685 Föderl.
1088 3562 2954 3799 dem österreichischen Hauptquartier oben
