3272 4232
2572 427 2736 540 ersu
951 521 2982 746 geführt. Ich hab den Adjutanten des Kaisers
1016 648 2882 854 resprochen, den General Rapp, ihn selbst
940 789 2858 1053 nicht. Ich hab ihm die Sache vorgetragen
954 989 2909 1172 es war alles vergeblich. In diesen Dingen
1086 1116 2996 1361 ist der Kaiser unerbittlich. Ich hab ein
916 1302 2909 1507 Gesuch geschrieben und dort gelassen. Den
967 1524 2917 1661 ganzen Abend bin ich draussen gewesen. Im
929 1664 3098 1818 Schlosshof bin ich gestanden. Die Musik hab ich
970 1796 1740 1977 herunter gehört.
932 1953 2061 2126 Was denn für eine Musik!
511 1996 837 2202 Berger.
929 2126 1802 2304 Oper war draussen.
516 2169 845 2288 Frau K.
889 2301 1199 2512 Ah so.
524 2328 851 2466 Berger.
940 2439 2023 2647 Das war gestern.Mutter.
513 2507 864 2680 Medard.
1032 2609 3069 2801 Was haben Sie denn die ganze Na ht draussen
524 2647 859 2839 Etzelt.
1048 2790 1440 2961 gemacht?
954 2890 3115 3123 Ich weiss selber nicht, auf ein Wunder hab ich
538 2915 867 3106 Frai K.
962 3066 2888 3279 gewartet. Dass der Kaiser selber herunter
994 3158 3136 3439 kommt oder so was. Ich hab mich ihm zu Füssen
972 3377 3044 3620 werfen wollen. Ich hab die Gäste wieder fort
1143 3514 3109 3736 fahren gesehn. Dann ist es still geworden.
