<?xml version="1.0" encoding="UTF-8" standalone="yes"?>
<PcGts xmlns="http://schema.primaresearch.org/PAGE/gts/pagecontent/2013-07-15" xmlns:xsi="http://www.w3.org/2001/XMLSchema-instance" xsi:schemaLocation="http://schema.primaresearch.org/PAGE/gts/pagecontent/2013-07-15 http://schema.primaresearch.org/PAGE/gts/pagecontent/2013-07-15/pagecontent.xsd">
    <Metadata>
        <Creator>prov=READ-COOP:name=TrHtr:version=2.1.0:model_id=51170:date=25_07_2023_14:52</Creator>
        <Created>2023-05-10T12:16:31.054+02:00</Created>
        <LastChange>2023-07-25T14:52:52.092+02:00</LastChange>
        <TranskribusMetadata docId="1428191" pageId="55401238" pageNr="259" tsid="130687651" status="IN_PROGRESS" userId="64420" imgUrl="https://files.transkribus.eu/Get?id=BTMEOSHTZWMPFTPHHVMEESPV&amp;fileType=view" xmlUrl="https://files.transkribus.eu/Get?id=MVPIGWUDXRIKPAPRQWKXZMAA" imageId="44676061"/>
    </Metadata>
    <Page imageFilename="1428191_0259.jpg" imageWidth="6808" imageHeight="4472">
        <ReadingOrder>
            <OrderedGroup id="ro_1711797677821" caption="Regions reading order">
                <RegionRefIndexed index="0" regionRef="tr_2"/>
                <RegionRefIndexed index="1" regionRef="tr_1"/>
            </OrderedGroup>
        </ReadingOrder>
        <TextRegion id="tr_2" custom="readingOrder {index:0;}">
            <Coords points="770,2899 2292,2899 2292,3908 770,3908"/>
            <TextLine id="tr_2_tl_1" custom="readingOrder {index:0;}">
                <Coords points="1127,3010 1149,3021 1182,3013 1196,3024 1253,2993 1278,2996 1286,2735 1242,2751 1198,2741 1187,2751 1176,2743 1135,2749"/>
                <Baseline points="1146,2955 1200,2949 1289,2949"/>
                <TextEquiv>
                    <Unicode>Ao8</Unicode>
                </TextEquiv>
            </TextLine>
            <TextLine id="tr_2_tl_2" custom="readingOrder {index:1;}">
                <Coords points="789,3298 1012,3318 1072,3279 1185,3307 1317,3271 1583,3279 1696,3233 1811,3257 1820,3065 1589,3057 1259,3197 1168,3167 1069,3191 979,3128 797,3136"/>
                <Baseline points="806,3271 835,3277 925,3277 1015,3271 1104,3271 1194,3271 1283,3259 1373,3253 1462,3253 1552,3248 1641,3242 1731,3236 1821,3236"/>
                <TextEquiv>
                    <Unicode>nal ad regenod,Mise JE</Unicode>
                </TextEquiv>
            </TextLine>
            <TextLine id="tr_2_tl_3" custom="readingOrder {index:2;}">
                <Coords points="756,3472 1625,3406 1822,3447 1910,3411 1916,3293 1627,3298 1366,3378 1295,3323 1157,3370 1006,3345 902,3397 761,3351"/>
                <Baseline points="770,3439 841,3433 931,3433 1020,3433 1110,3427 1200,3421 1289,3415 1379,3415 1468,3409 1558,3403 1647,3397 1737,3397 1827,3385 1916,3385"/>
                <TextEquiv>
                    <Unicode>us Jdoin xxx,anu nov ei</Unicode>
                </TextEquiv>
            </TextLine>
            <TextLine id="tr_2_tl_4" custom="readingOrder {index:3;}">
                <Coords points="880,3623 959,3661 1067,3623 1182,3637 1223,3675 1592,3584 1715,3604 1781,3590 1787,3461 1479,3502 1330,3480 1223,3529 970,3485 882,3527"/>
                <Baseline points="895,3588 985,3588 1074,3582 1164,3582 1253,3570 1343,3570 1432,3564 1522,3564 1612,3558 1701,3552 1791,3540"/>
                <TextEquiv>
                    <Unicode>.baia J rdxxxmxxx</Unicode>
                </TextEquiv>
            </TextLine>
            <TextLine id="tr_2_tl_5" custom="readingOrder {index:4;}">
                <Coords points="1045,3755 1198,3815 1861,3700 2012,3727 2141,3692 2229,3738 2237,3593 1754,3626 1668,3579 1253,3681 1179,3637 1050,3670"/>
                <Baseline points="1062,3731 1074,3737 1164,3731 1253,3725 1343,3725 1432,3719 1522,3713 1612,3713 1701,3707 1791,3701 1880,3695 1970,3689 2059,3689 2149,3683 2238,3683"/>
                <TextEquiv>
                    <Unicode>Gesch -aasltä schie J.Koin xxx</Unicode>
                </TextEquiv>
            </TextLine>
            <TextLine id="tr_2_tl_6" custom="readingOrder {index:5;}">
                <Coords points="800,3944 1520,3958 1715,3878 1787,3931 2018,3887 2210,3942 2279,3914 2290,3711 2040,3708 1836,3799 1493,3771 1350,3832 1069,3763 808,3774"/>
                <Baseline points="817,3898 859,3898 949,3898 1038,3898 1128,3886 1218,3886 1307,3880 1397,3880 1486,3874 1576,3874 1665,3862 1755,3857 1844,3851 1934,3851 2024,3851 2113,3845 2203,3845 2292,3833"/>
                <TextEquiv>
                    <Unicode>xxx nenies ux erschein xxx</Unicode>
                </TextEquiv>
            </TextLine>
        </TextRegion>
        <TextRegion id="tr_1" custom="readingOrder {index:1;}">
            <Coords points="4083,547 6537,547 6537,3681 4083,3681"/>
            <TextLine id="tr_1_tl_1" custom="readingOrder {index:0;}">
                <Coords points="6091,621 6105,621 6127,640 6182,629 6207,654 6240,646 6270,668 6300,660 6306,547 6253,525 6229,544 6187,528 6171,539 6121,522 6108,536 6094,536"/>
                <Baseline points="6107,603 6131,609 6221,609 6310,597"/>
                <TextEquiv>
                    <Unicode>189</Unicode>
                </TextEquiv>
            </TextLine>
            <TextLine id="tr_1_tl_2" custom="readingOrder {index:1;}">
                <Coords points="4079,781 4533,833 4821,778 5429,792 5498,761 5498,662 4901,651 4841,695 4442,649 4079,704"/>
                <Baseline points="4095,770 4161,770 4251,770 4340,770 4430,770 4519,764 4609,764 4698,770 4788,764 4878,764 4967,764 5057,758 5146,764 5236,764 5325,764 5415,764 5504,752"/>
                <TextEquiv>
                    <Unicode>ren ihre Güter zurückerhalten?</Unicode>
                </TextEquiv>
            </TextLine>
            <TextLine id="tr_1_tl_3" custom="readingOrder {index:2;}">
                <Coords points="4593,965 6003,959 6165,893 6369,918 6369,800 6006,819 5891,759 5561,822 5308,786 5206,852 4920,789 4593,825"/>
                <Baseline points="4609,901 4675,901 4764,901 4854,901 4943,901 5033,901 5122,895 5212,895 5301,895 5391,901 5481,901 5570,901 5660,895 5749,895 5839,889 5928,895 6018,895 6107,889 6197,889 6287,883 6376,883"/>
                <TextEquiv>
                    <Unicode>Das war bis vor ein paar Jahren. Jetzt</Unicode>
                </TextEquiv>
            </TextLine>
            <TextLine id="tr_1_tl_4" custom="readingOrder {index:3;}">
                <Coords points="4079,929 4140,918 4164,937 4280,929 4313,940 4338,926 4376,946 4434,918 4483,929 4480,874 4453,877 4335,816 4261,849 4115,800 4076,808"/>
                <Baseline points="4095,901 4185,907 4274,907 4364,907 4454,907 4489,913"/>
                <TextEquiv>
                    <Unicode>Dagusan</Unicode>
                </TextEquiv>
            </TextLine>
            <TextLine id="tr_1_tl_5" custom="readingOrder {index:4;}">
                <Coords points="4593,1116 6003,1056 6234,1105 6358,1072 6358,959 4593,1003"/>
                <Baseline points="4609,1050 4663,1056 4752,1056 4842,1056 4931,1056 5021,1056 5110,1056 5200,1056 5289,1050 5379,1044 5469,1050 5558,1050 5648,1050 5737,1050 5827,1050 5916,1050 6006,1044 6096,1050 6185,1044 6275,1038 6364,1038"/>
                <TextEquiv>
                    <Unicode>haben alle diese Güter längst andere</Unicode>
                </TextEquiv>
            </TextLine>
            <TextLine id="tr_1_tl_6" custom="readingOrder {index:5;}">
                <Coords points="4637,1245 6116,1209 6399,1281 6399,1097 4637,1119"/>
                <Baseline points="4651,1212 4704,1206 4794,1212 4883,1212 4973,1212 5063,1212 5152,1206 5242,1206 5331,1212 5421,1212 5510,1206 5600,1206 5690,1206 5779,1206 5869,1206 5958,1206 6048,1200 6137,1200 6227,1200 6316,1200 6406,1200"/>
                <TextEquiv>
                    <Unicode>Besitzer. ) Wenn ich denke, dass in dem</Unicode>
                </TextEquiv>
            </TextLine>
            <TextLine id="tr_1_tl_7" custom="readingOrder {index:6;}">
                <Coords points="4552,1413 6443,1396 6468,1256 6196,1311 4555,1317"/>
                <Baseline points="4567,1367 4591,1367 4680,1367 4770,1367 4860,1367 4949,1367 5039,1367 5128,1367 5218,1367 5307,1367 5397,1367 5487,1361 5576,1361 5666,1361 5755,1361 5845,1361 5934,1361 6024,1361 6113,1361 6203,1355 6293,1355 6382,1355 6472,1355"/>
                <TextEquiv>
                    <Unicode>wundervollen Schloss, das ich hätte erben</Unicode>
                </TextEquiv>
            </TextLine>
            <TextLine id="tr_1_tl_8" custom="readingOrder {index:7;}">
                <Coords points="4629,1570 6443,1517 6443,1465 6190,1418 5750,1476 4632,1462"/>
                <Baseline points="4645,1522 4657,1522 4746,1528 4836,1522 4925,1522 5015,1522 5104,1522 5194,1522 5284,1522 5373,1522 5463,1516 5552,1516 5642,1516 5731,1516 5821,1516 5910,1510 6000,1510 6090,1510 6179,1510 6269,1510 6358,1504 6448,1498"/>
                <TextEquiv>
                    <Unicode>sollen ein reich gewordener Schneider -</Unicode>
                </TextEquiv>
            </TextLine>
            <TextLine id="tr_1_tl_9" custom="readingOrder {index:8;}">
                <Coords points="4574,1721 6207,1696 6377,1748 6405,1575 5275,1633 4577,1564"/>
                <Baseline points="4591,1677 4621,1671 4710,1677 4800,1671 4889,1677 4979,1677 5069,1677 5158,1677 5248,1671 5337,1671 5427,1671 5516,1671 5606,1671 5695,1671 5785,1665 5875,1665 5964,1665 6054,1665 6143,1665 6233,1665 6322,1665 6412,1665"/>
                <TextEquiv>
                    <Unicode>meister sitzt, der meinen Vater zum Tod</Unicode>
                </TextEquiv>
            </TextLine>
            <TextLine id="tr_1_tl_10" custom="readingOrder {index:9;}">
                <Coords points="4593,1894 5962,1897 6171,1872 6174,1767 5918,1715 5448,1781 5217,1710 5038,1767 4596,1773"/>
                <Baseline points="4609,1815 4698,1821 4788,1821 4878,1821 4967,1821 5057,1821 5146,1821 5236,1821 5325,1821 5415,1821 5504,1821 5594,1821 5684,1815 5773,1815 5863,1821 5952,1815 6042,1815 6131,1815 6179,1815"/>
                <TextEquiv>
                    <Unicode>verurteilt hat..es ist grauenhaft.</Unicode>
                </TextEquiv>
            </TextLine>
            <TextLine id="tr_1_tl_11" custom="readingOrder {index:10;}">
                <Coords points="4637,2034 6262,2042 6264,1899 4637,1932"/>
                <Baseline points="4651,1970 4740,1976 4830,1976 4919,1976 5009,1976 5098,1970 5188,1970 5278,1970 5367,1970 5457,1970 5546,1970 5636,1970 5725,1964 5815,1964 5904,1964 5994,1964 6084,1964 6173,1964 6263,1970 6269,1970"/>
                <TextEquiv>
                    <Unicode>Oh dass der Vicomte Ihr Herr Bruder</Unicode>
                </TextEquiv>
            </TextLine>
            <TextLine id="tr_1_tl_12" custom="readingOrder {index:11;}">
                <Coords points="4085,2004 4236,1998 4261,1979 4324,1998 4508,1993 4508,1910 4365,1921 4313,1872 4274,1891 4233,1883 4164,1924 4126,1894 4085,1897"/>
                <Baseline points="4101,1982 4191,1982 4280,1982 4370,1976 4460,1976 4513,1982"/>
                <TextEquiv>
                    <Unicode>St. Mars.</Unicode>
                </TextEquiv>
            </TextLine>
            <TextLine id="tr_1_tl_13" custom="readingOrder {index:12;}">
                <Coords points="4596,2210 6366,2204 6369,2053 4599,2073"/>
                <Baseline points="4615,2131 4675,2131 4764,2131 4854,2131 4943,2131 5033,2131 5122,2125 5212,2131 5301,2131 5391,2131 5481,2125 5570,2125 5660,2125 5749,2125 5839,2125 5928,2119 6018,2119 6107,2125 6197,2125 6287,2125 6376,2125"/>
                <TextEquiv>
                    <Unicode>sterben musste. Unsere letzte Hoffnung</Unicode>
                </TextEquiv>
            </TextLine>
            <TextLine id="tr_1_tl_14" custom="readingOrder {index:13;}">
                <Coords points="4599,2369 4786,2328 4827,2356 5247,2325 5437,2345 5437,2232 5311,2196 5253,2188 5140,2237 5033,2199 4942,2226 4890,2191 4797,2235 4599,2210"/>
                <Baseline points="4615,2274 4704,2274 4794,2274 4883,2280 4973,2280 5063,2274 5152,2274 5242,2274 5331,2274 5421,2274 5445,2274"/>
                <TextEquiv>
                    <Unicode>ist mit ihm dahin.</Unicode>
                </TextEquiv>
            </TextLine>
            <TextLine id="tr_1_tl_15" custom="readingOrder {index:14;}">
                <Coords points="4593,2507 6443,2512 6531,2496 6531,2303 6064,2367 4593,2358"/>
                <Baseline points="4609,2418 4698,2424 4788,2424 4878,2424 4967,2424 5057,2418 5146,2418 5236,2418 5325,2424 5415,2424 5504,2424 5594,2418 5684,2418 5773,2418 5863,2424 5952,2418 6042,2418 6131,2424 6221,2424 6310,2424 6400,2424 6490,2418 6537,2424"/>
                <TextEquiv>
                    <Unicode>Ihre letzte? Und Ludwig? König LudigX</Unicode>
                </TextEquiv>
            </TextLine>
            <TextLine id="tr_1_tl_16" custom="readingOrder {index:15;}">
                <Coords points="4082,2482 4126,2490 4156,2482 4203,2499 4288,2474 4371,2477 4368,2394 4346,2397 4310,2378 4288,2386 4250,2347 4241,2353 4217,2336 4200,2334 4164,2361 4145,2347 4115,2350 4079,2336"/>
                <Baseline points="4095,2430 4185,2436 4274,2436 4364,2436 4376,2436"/>
                <TextEquiv>
                    <Unicode>Julia.</Unicode>
                </TextEquiv>
            </TextLine>
            <TextLine id="tr_1_tl_17" custom="readingOrder {index:16;}">
                <Coords points="4629,2647 4700,2633 4772,2683 4852,2647 4972,2675 5418,2620 5500,2644 5539,2622 5541,2477 5360,2515 5261,2488 5016,2518 4923,2488 4629,2529"/>
                <Baseline points="4645,2567 4734,2573 4824,2567 4913,2573 5003,2573 5092,2573 5182,2573 5272,2567 5361,2567 5451,2573 5540,2567 5546,2567"/>
                <TextEquiv>
                    <Unicode>wie er sich nennt.</Unicode>
                </TextEquiv>
            </TextLine>
            <TextLine id="tr_1_tl_18" custom="readingOrder {index:17;}">
                <Coords points="4079,2765 6289,2804 6223,2614 4764,2683 4530,2578 4079,2642"/>
                <Baseline points="4095,2722 4143,2728 4233,2734 4322,2728 4412,2728 4501,2728 4591,2722 4680,2728 4770,2728 4860,2722 4949,2728 5039,2722 5128,2722 5218,2722 5307,2722 5397,2722 5487,2722 5576,2722 5666,2722 5755,2722 5845,2722 5934,2722 6024,2722 6113,2716 6203,2716 6293,2716"/>
                <TextEquiv>
                    <Unicode>St. Mars.  Fräulein mit den Bourbanen ist es k.</Unicode>
                </TextEquiv>
            </TextLine>
            <TextLine id="tr_1_tl_19" custom="readingOrder {index:18;}">
                <Coords points="4637,2922 6295,2908 6328,2817 4637,2826"/>
                <Baseline points="4651,2877 4740,2883 4830,2883 4919,2883 5009,2883 5098,2883 5188,2877 5278,2883 5367,2883 5457,2883 5546,2883 5636,2883 5725,2883 5815,2877 5904,2877 5994,2877 6084,2877 6173,2871 6263,2877 6334,2877"/>
                <TextEquiv>
                    <Unicode>vorbei. Wer denkt in Frankreich noch</Unicode>
                </TextEquiv>
            </TextLine>
            <TextLine id="tr_1_tl_20" custom="readingOrder {index:19;}">
                <Coords points="4629,3079 6374,3054 6413,2982 5992,2919 5918,2977 5723,2938 5550,2999 5289,2949 4629,2985"/>
                <Baseline points="4645,3033 4734,3039 4824,3039 4913,3039 5003,3039 5092,3033 5182,3033 5272,3033 5361,3033 5451,3033 5540,3039 5630,3039 5719,3033 5809,3033 5898,3033 5988,3033 6078,3027 6167,3027 6257,3033 6346,3033 6418,3033"/>
                <TextEquiv>
                    <Unicode>ernstlich an Ludwig. Und denkt er noch</Unicode>
                </TextEquiv>
            </TextLine>
            <TextLine id="tr_1_tl_21" custom="readingOrder {index:20;}">
                <Coords points="4714,3230 4983,3216 5228,3266 5388,3194 5880,3202 5852,3101 5165,3139 4937,3073 4714,3084"/>
                <Baseline points="4728,3188 4812,3188 4901,3188 4991,3188 5081,3188 5170,3188 5260,3188 5349,3188 5439,3182 5528,3182 5618,3182 5707,3182 5797,3182 5887,3176"/>
                <TextEquiv>
                    <Unicode>ernstlich an Frankreich?</Unicode>
                </TextEquiv>
            </TextLine>
            <TextLine id="tr_1_tl_22" custom="readingOrder {index:21;}">
                <Coords points="4582,3353 5492,3342 5734,3414 5948,3351 6333,3367 6355,3257 5976,3227 5715,3290 5555,3235 4970,3296 4585,3219"/>
                <Baseline points="4597,3337 4657,3337 4746,3343 4836,3343 4925,3343 5015,3337 5104,3337 5194,3337 5284,3337 5373,3337 5463,3337 5552,3337 5642,3337 5731,3337 5821,3331 5910,3331 6000,3331 6090,3337 6179,3337 6269,3331 6358,3319"/>
                <TextEquiv>
                    <Unicode>Wie ist er denn jetzt? Er ist viel ge -</Unicode>
                </TextEquiv>
            </TextLine>
            <TextLine id="tr_1_tl_23" custom="readingOrder {index:22;}">
                <Coords points="4068,3406 4156,3403 4170,3414 4197,3397 4255,3428 4338,3386 4376,3403 4423,3397 4420,3290 4362,3290 4346,3277 4307,3290 4230,3266 4217,3277 4162,3241 4065,3252"/>
                <Baseline points="4083,3343 4173,3349 4263,3349 4352,3349 4430,3349"/>
                <TextEquiv>
                    <Unicode>Julia.</Unicode>
                </TextEquiv>
            </TextLine>
            <TextLine id="tr_1_tl_24" custom="readingOrder {index:23;}">
                <Coords points="4527,3590 4731,3587 4948,3499 5432,3560 5495,3513 5671,3549 5849,3516 5849,3450 5596,3400 5236,3444 5091,3406 4961,3455 4527,3417"/>
                <Baseline points="4543,3498 4603,3498 4692,3504 4782,3498 4872,3498 4961,3498 5051,3498 5140,3498 5230,3498 5319,3498 5409,3498 5498,3492 5588,3492 5678,3492 5767,3492 5857,3492"/>
                <TextEquiv>
                    <Unicode>reist in den letzten Jahren.</Unicode>
                </TextEquiv>
            </TextLine>
            <TextLine id="tr_1_tl_25" custom="readingOrder {index:24;}">
                <Coords points="4593,3744 6226,3725 6339,3697 6339,3565 4593,3595"/>
                <Baseline points="4609,3654 4645,3659 4734,3659 4824,3659 4913,3659 5003,3659 5092,3659 5182,3659 5272,3659 5361,3659 5451,3659 5540,3659 5630,3659 5719,3659 5809,3659 5898,3654 5988,3654 6078,3654 6167,3654 6257,3654 6346,3648"/>
                <TextEquiv>
                    <Unicode>Jetzt ist er in England. Er hat sich</Unicode>
                </TextEquiv>
            </TextLine>
            <TextLine id="tr_1_tl_26" custom="readingOrder {index:25;}">
                <Coords points="4074,3722 4241,3747 4272,3733 4285,3744 4305,3725 4384,3719 4403,3738 4483,3716 4483,3609 4434,3590 4368,3579 4338,3598 4272,3582 4200,3604 4074,3571"/>
                <Baseline points="4089,3671 4179,3671 4268,3671 4358,3671 4448,3671 4489,3671"/>
                <TextEquiv>
                    <Unicode>Dagusan.</Unicode>
                </TextEquiv>
            </TextLine>
        </TextRegion>
    </Page>
</PcGts>
