6808 4520
412 1218 622 1384 G.H.F.P.
352 3493 578 3659 etre.
5978 510 6185 681 225
4379 637 5830 834 dass Julia Deine Geliebte war.
4377 829 6362 1029 man sieht Leute über den Platz zum Zeug
4371 1026 6162 1187 haus laufen. Zuerst wenige, dann immer
4384 1135 6343 1306 mehr, einige kommen auch, durch die kleine
4384 1306 6058 1480 Gasse wo Etelt und Medardus stehn.
4403 1446 6387 1594 O wenn sie ein Kind hätte von mir, wenn Sie
3874 1459 4226 1588 Medard.
4379 1594 6364 1723 mich anflehte mach mich zu Deinem Weib, be
4379 1728 6289 1933 halt mich und ich sie mit den Füssen von
4379 1923 5011 2076 mir stiesse.
4392 1977 6411 2187 Kehr nicht mehr zurück hierher, lass es ein
3889 2068 4226 2192 Etzelt.
4397 2164 6369 2332 Abenteuer gewesen sein. Ist es nicht schon
4392 2335 6245 2488 genug Beschämung für sie, wenn Du nicht
4343 2477 6424 2666 wiederkommst? Wenn da Pförtchen hier vergeb
4390 2615 6382 2817 lich offen steht? Was hat die Welt mit all
4356 2791 4892 2964 dem zu tun?
4392 2881 6426 3084 Nur die Welt, und ich so wenig als möglich.
3902 2998 4244 3110 Medard.
4589 3050 5468 3174 Was ist de faveur Londres
4408 3104 6406 3265 Medardus., siehst Du wohin diese Leute ei -
3908 3138 4250 3268 Etzelt.
5747 3195 5929 3299 au pied
5307 3213 5475 3304 die
4415 3255 6424 3407 len? Das Zeughaus ist ihnen preis gegeben.
4415 3407 6323 3555 Sie holen sich Waffen. Was bedeutet Dein
4413 3514 6338 3744 kleines Abenteuer in dieser aufgewühlten
