3272 4184
2561 359 2786 550 3 56
930 560 2680 733 nützt um im Volke Stimmung zu machen.
930 717 2906 932 Alles das weiss er und lässt uns gewähren?
457 746 683 911 Des.
978 903 2975 1052 Was verschlägt es ihm. Wenn hunderttausend
470 895 786 1113 Julia.
932 1025 3063 1201 in Paris gegen ihn sind, ein Wink seiner Hand
1039 1195 2776 1363 von hier aus und sie sind vernichtet.
887 1365 2914 1546 Aber er muss sie nicht vernichten, denn Ihr
940 1519 3055 1700 seid alle vernichtet einfach durch die Tatsa
991 1697 1846 1873 che, dass er lebt.
940 1782 2943 1982 Nur denkt er zuwenig daran, dass diese Zat
462 1883 680 2053 Des.
978 2005 2372 2175 sache aufgehoben werden kann.
940 2175 2035 2314 Sie sind hergesandt....
465 2183 762 2295 Julia.
943 2330 2181 2484 Sprechen Spe es nicht aus,
475 2332 677 2523 Des.
930 2444 2940 2611 Er wagte es auszusprechen und lachend oben
428 2505 717 2627 Julia.
985 2592 2970 2770 drein. Und er hatte recht zu lachen. Oder
978 2781 3020 2956 haben Sie noch Lust sich nach Schönbrunn zu
988 2964 2035 3124 bemühn und zu sterben?
935 3142 3041 3265 Es wird mir wohl nichts andres übrig bleiben,
465 3105 677 3312 Des.
943 3262 2980 3477 umsomehr da ich keinen Grund sehe weiter zu
1078 3440 1387 3618 leben.
