3256 4232
2753 448 2933 630 ufi
843 548 2972 759 liebt wie ein Wahnsinniger und sie noch immer
933 734 2682 939 zu erringen hofft, wenn er noch lebt.
417 890 840 1015 Marquise
900 892 2993 1051 Wohin ich sehe, starren mir Rätsel entgegen,
933 1042 1875 1239 wie wird es enden.2 -
363 1190 628 1348 Assa.
928 1203 3010 1397 Es endet schon lang Frau Marquise. Was noch
870 1405 2958 1555 kommt ist äusserlich. In wenig Tagen, alles
928 1520 2783 1705 spricht dafür, kommt es zu einer grossen
873 1681 2879 1850 Schlacht; sie wird für Bonaparte siegreich
914 1875 3040 2017 sein, umso sicherer, da er sich für die erste
917 2014 3081 2180 verlorere zu rächen hat.xm Die Macht Napoleons
857 2188 2666 2330 wird noch grüsser geworden sein und...
330 2284 780 2437 Marquise.
900 2322 2953 2530 Das weiss ich, aber wir, wird Nein, auch uns
890 2478 2857 2674 mein ich nicht. Der Marquis wird bald im
892 2644 2942 2813 Grabe ruhn, ich werd ihm bald folgen, nicht
857 2841 2983 2972 aus Liebe, sondern weil ich müde bin. Aber Ju
838 2922 1064 3108 lia.
368 3081 633 3272 Assa.
797 3111 2985 3269 Warum fragen Sie nach Julie. Sie ist eine Frem
835 3266 999 3457 de.
366 3427 742 3627 Frau M.
827 3414 2879 3594 Ja dies war sie mir immer, auch als Mädchen
