3416 4200
2383 366 2520 508 50
996 603 2694 802 heit ehrliche Kinder nur meist ver -
202 603 745 769 in wreten
232 695 799 919 terell cheft
1028 759 2834 984 leugnet, (wenn vornehmer Besuch kommt.) -
1120 921 1320 1003 me le
1028 944 2791 1145 Nun wenn Ihr zu philosophieren beginn
588 1006 951 1225 Medard.
1088 1118 2644 1350 ich denke nun wars lang ge ug Ab
1043 1302 2732 1551 schied ge onmen. Lebt wohl. Buch al
1063 1452 2727 1713 le, die ich lieb habe, trage ich in
1101 1616 2993 1880 meinem letzten Blick davon. So, wie mich
1125 1843 2816 2084 visst, wenn es anders k mmen sollte,
1125 2017 2769 2256 als wir alle wünschen, Mutter, Aga
1905 2057 3150 2243 I am dener ist her Abschied not
1086 2211 2766 2420 the, Franz. Euch alle, in jenem Au-
1098 2328 2978 2612 genblick würd ich Euch alle wiedersehn /
1103 2550 2771 2809 Nun lebt wohl, ich wende nich nicht
1113 2682 3000 2963 einmal mehr un. / geht, Karl folgt ihm.
702 2928 2707 3125 Anna. "plötzlich/ ich will ihm den Wagen
1130 3090 2886 3274 schlag öffnen,(wenn er einsteigt) /ab/
2151 3197 2555 3322 in wll.
1427 3222 1858 3344 from that
1133 3254 2958 3508 Addio Herrschaften, ich geh doch ihm
730 3337 1053 3553 Berger.
1108 3459 2876 3705 lieber gleich mit, sonst steigt sie am
1168 3648 2734 3817 Ende mit ihm ein und geht als Mar
2542 3688 3073 3929 Thresen
1118 3790 2507 3999 Retendeni niet aanh.
