3032 4152
2466 455 2642 685 assa
912 630 2610 828 Zeitung, dass der Vicomte von Barry,
833 788 2773 998 der Gatte Juliens in Paris wegen der Teil
875 981 2862 1149 nahme an einer Verschwörung gegen Napoleon
890 1095 2738 1339 erschossen worden ist. Es ist sehr mög
806 1258 2760 1500 lich, dass hier ein Zusammenhang besteht.
848 1461 1265 1646 Möglich,
398 1500 739 1616 Medard.
855 1611 2508 1806 Medartidus, warum hast Du das getan.
403 1673 736 1782 Frau K.
862 1727 2837 1937 Kann man sagen, warum man etwas tut? Weiss
410 1804 741 1933 Medard.
872 1930 2684 2130 ich denn nur wen ich getötet habe? Die,
882 2083 2694 2276 die Schuld war an Agathens Tod, die die
919 2241 2802 2407 mich betrogen hat, die mir meine Tat aus
895 2372 2854 2610 den Händen wand.. ich weiss es nicht. Aber
892 2528 2852 2733 ich weiss heute es war lang bestinnt, dass
2639 2642 2726 2847 E
870 2706 2607 2899 sie von meinen Händen sterben musste.
900 2874 2837 3057 war bestimmt seit dem Tage, da sie mir am
909 3003 2313 3210 Grab Agathens gegenüber stand.
912 3176 2847 3383 Sag ihnen alles, wenn sie Dich vor Gerich
445 3190 803 3383 Frau K.
914 3304 2558 3534 rufen. Sie werden Dich lossprechen.
924 3509 1920 3739 Das werden sie nicht.
470 3536 803 3670 Medard.
