6824 4456
403 819 623 1045 ce ils
400 1010 613 1210 G.H.F.P
429 3630 765 3820 The said
6252 403 6478 674 Ἔ28
4355 545 6030 713 Schlüssel zum Magazin geben müssen.
4313 678 4836 790 Der Schlusse
3917 739 6511 900 Etzelt. Natürlich hast Du das müssen, aber sie werden
5481 865 6114 1042 Will wir
4307 855 5414 1071 nichts finden. (Zent. E.)
3913 1065 5701 1252 Gehilfe. Ein Leutnant mit vier Mann.
3923 1332 5375 1549 Leutnant (mit zwei Mann herauf.)
3917 1536 6398 1681 Etzelt. (Ihnen entgegen/ Ich bitte um Entschuldigung
4384 1623 6372 1823 Herr Leutnant, das gehört nicht zur Buch
4336 1813 5856 1984 handlung, das ist Privatwohnung.
3907 2004 6352 2123 Leutnant. Ich bedaure sehr Sie zu inkommodieren, es
4397 2107 6411 2307 ist mir bekannt dass das die Privatwohnung
4439 2294 6494 2471 der Buchhändlerswitwe Frau Klaehr ist, aber
4404 2445 6588 2620 ich bin beauftragt...Haben Sie die Sch lüssel
4414 2626 4930 2781 zur Hand. —
3917 2729 5927 2946 Medard. Meine Mutter ist  nicht anwesend.,
4349 2971 6430 3168 Ich bedaure, wir können nicht warten. / er -
3936 2975 4233 3152 Leutn.
4407 3081 6311 3229 teilt den Soldaten einen Befehl, die die
4397 3288 6298 3484 Schränke aufbrechen/
3913 3459 6352 3607 Etzelt. Sie verlieren Ihre Zeit Herr Leutnant, wir
4394 3578 5594 3723 führen nichts verbotenes.
