6840 4488
6321 421 6524 687 137
4543 595 6600 848 und erfahre, es sind Papierschitzel. (Glauben
4499 813 6679 990 Sie nicht es wäre das beste meine Herren, wenn
4559 949 6568 1209 ich mich entfernte ohne den Marquis gesehn
4584 1148 5056 1364 zu haben?
4546 1272 6631 1512 Der Marquis hat befohlen, dass Sie hrn sofort
4110 1322 4350 1440 Des.
4597 1446 6343 1645 gemeldet werden es ist doch geschehn?
4591 1607 6660 1797 Gewiss. Nur hat man mich hierhergewiesen. He
4126 1582 4521 1753 Renault.
4546 1762 5872 1965 Hier sollt ich ihn erwarten.
4546 1841 6394 2110 Wann haben Sie Paris verlassen Renault?
4110 1917 4309 2126 Des
4122 2091 6581 2297 Raault. Vor vier Wochen zugleich mit Bonaparte. Und
4546 2215 6103 2436 bin früher da als er wie Sie ahn.
4129 2408 6539 2588 Caillard. Sie hatten auch etwas weniger auf dem Weg
4594 2534 5344 2759 zu tun, Renault.
4116 2686 6653 2907 Renault / leicht / Ich hoffe Sie werfen mir nicht von
4499 2885 6603 3047 Callard, dass ich nicht unter den Fahnen 4###
4505 3002 5802 3088 eine de coris her. Lieutwerts
4493 3037 6166 3180 dieses unrechtmässigen Heren fechle.
4129 3154 6546 3414 Caillard. Nicht mehr müssen Sie sagen. Denn diese
4493 3366 5923 3537 Warbe stammt ja von... Marengo.
4094 3464 6641 3733 Renault. Das war fünf Jahre, eh er es gewagt hat sich
4572 3654 6438 3828 eine Krone aufs Haupt zu sezen, die ihm
