6792 4616
6065 522 6235 649 235
4449 561 6474 816 Da kann doch keine Kugel treffen hinter die
4455 810 4746 964 Mauer.
4540 898 6444 1092 Ha warum versteckst Dich nicht gleich in
3991 964 4352 1113 Wachsh.
4515 1034 6389 1234 den Keller. So eine Memme. Weisst wo ich
4473 1198 6477 1456 jetzt hingeh? Ich geh direkt auf die Bastei
4497 1346 4852 1562 hinauf.
4003 1474 6444 1722 Ein anderer. Das ist weiter eine Kunst. Da sind mehr
4518 1628 6526 1835 oben. ich geh auch hinauf. / er geht hinauf
4509 1774 6405 1907 Jetzt geht der richtig hinauf.-Wer folgt
4006 1789 4327 1929 Wachs.
4521 1917 6353 2105 mir. Auf, vorwärts fürs Vaterland. /mr
4576 2086 5929 2196 schwingt seinen Morgenstern./
4591 2244 5446 2405 Wa habens denn da?
4018 2235 4488 2462 Eine Frau.
4531 2368 6480 2550 Kennens das nicht. Das ist ein Morgensten
4036 2438 4382 2614 Wachsh.
4482 2484 6459 2735 Das ist das sicherste wenns zum Handgänge
4537 2723 4849 2851 komnt.
4543 2838 6289 3029 Oben Gedränge zu den Brustwehren hin.
4512 2957 6356 3190 Stimme von jensets der Mauer, (sehr laut.
4482 3084 6471 3302 Von Marschall Lannes, Herzog von Monteello.
4479 3227 6320 3469 den / Habts es gehört vom Marschall.
4027 3293 4352 3454 Berger
4555 3557 6511 3803 Man hört wie oben das Tor aufgemacht wird
3836 3472 4027 3703 1
