6824 4392
5883 547 6082 663 846
4270 638 6163 929 lingsgarten nach Schmetterlingen haschte.
4291 846 5487 997 Türe auf, Medardus herein.
4288 1024 4948 1172 Hel. Medardus.
4278 1096 6104 1301 Med. Hier bin ich. Was ist Ihre Absicht
4288 1263 6236 1457 Prinzessin- Recht der Herr Vicomte hinter
4302 1403 6333 1624 der Tapete, oder denken Sie mich morgen früh
4318 1565 6214 1729 von Ihren Dienern umbringen und gleich im
4305 1743 6379 1880 Park begrben zu lassen. Sie können alles ohne
4307 1867 6360 2023 die geringste Gefahr tun. Hier ist Ihr Brief.
4299 2020 5630 2152 Hel. Medardus, ich auf durch
4297 2101 6363 2327 Med. Oder tst eine mildere Abrechnung vorge
4329 2300 6223 2476 sehnt Sind Guckfenster in der Decke, und
4329 2486 6279 2651 ist das Gesinde hinbestellt um seinen Spass
4342 2583 6303 2791 an mir zu haben. Ich bin auf alles gefasst,
4342 2742 6446 2915 denn es gibt nichts, das ich einem Narren wie
4340 2915 6171 3101 ich es bin nicht selber vergönnen würde.
5048 2995 6155 3130 di dic. Solcherte al
4323 3044 6381 3249 Hel. Glaubst Du ein Wort von all dem verrück
4361 3203 6171 3400 ten Zeug, das Du sprichst, so wärst Fu
4342 3362 6250 3558 nicht da. Ich habe Dich gerufen Medardus,
4350 3515 6519 3739 ich habe mich nach Dir geschnt, ich liebe Dich
