3320 4136
2692 362 2874 551 37 4
560 594 2780 813 Erster Bürger. Was ist denn mit seiner Tochter
987 752 1431 917 g schehn?
560 889 2838 1121 Ein junges Mädchen: Das arme Ding. Sie hat das
1032 1054 2853 1200 Nervenfieber gekriegt, sie war nämlich
1038 1233 2975 1379 Pflegerin. In drei Tagen war sie weg. Vor
1005 1340 2698 1519 einer Woche haben wir sie begraben.
1051 1519 3030 1675 War wohl eine Freundin von Ihnen Fräulein?
585 1480 923 1696 Bürger
579 1641 3030 1918 Das Mädchen. Freilich, in die Schul bin ich mit ihr
1060 1897 1504 2013 gegangen.
1017 1927 2817 2189 / kommt/ Ist das wahr, dass der Fürst
545 2074 865 2238 Etzelt
1023 2125 2634 2314 liechtenstein im Schl9ss oben ist.
1020 2287 2777 2463 Ja freilich, und auch der Graf Bubna.
606 2369 938 2491 Fäderl.
1069 2418 3142 2667 Gott geb dass es ernst wird mit dem Frieden.
1038 2607 2403 2792 Wieder Leute auf der Stiege.
1121 2762 2923 2945 Bitte die Stiege frei zu lassen. Fort.
664 2768 1044 2984 Gardist.
1054 2926 2613 3136 / ist unter den Zurückgedrängten.
618 3024 1011 3139 Medardus
1081 3124 2363 3286 Medardus, was machst Du da.
615 3167 950 3298 Etzelt.
1081 3228 2969 3423 Was ich da mache? Du siehst ich unter -
627 3331 974 3453 Medard.
1035 3380 2804 3645 halte mich mit einer alten Bekannten.
