<?xml version="1.0" encoding="UTF-8" standalone="yes"?>
<PcGts xmlns="http://schema.primaresearch.org/PAGE/gts/pagecontent/2013-07-15" xmlns:xsi="http://www.w3.org/2001/XMLSchema-instance" xsi:schemaLocation="http://schema.primaresearch.org/PAGE/gts/pagecontent/2013-07-15 http://schema.primaresearch.org/PAGE/gts/pagecontent/2013-07-15/pagecontent.xsd">
    <Metadata>
        <Creator>prov=READ-COOP:name=TrHtr:version=2.1.0:model_id=51170:date=25_07_2023_14:53</Creator>
        <Created>2023-05-10T12:16:53.800+02:00</Created>
        <LastChange>2023-07-25T14:53:29.520+02:00</LastChange>
        <TranskribusMetadata docId="1428191" pageId="55402129" pageNr="384" tsid="130688100" status="IN_PROGRESS" userId="64420" imgUrl="https://files.transkribus.eu/Get?id=RUPQLPAGNPXIQPPPNYGSDZJT&amp;fileType=view" xmlUrl="https://files.transkribus.eu/Get?id=SQKCQKRATOVKSJPJQOOKNZNJ" imageId="44676951"/>
    </Metadata>
    <Page imageFilename="1428191_0384.jpg" imageWidth="6760" imageHeight="4328">
        <ReadingOrder>
            <OrderedGroup id="ro_1711797897554" caption="Regions reading order">
                <RegionRefIndexed index="0" regionRef="tr_1"/>
            </OrderedGroup>
        </ReadingOrder>
        <TextRegion id="tr_1" custom="readingOrder {index:0;}">
            <Coords points="4005,630 6638,630 6638,3651 4005,3651"/>
            <TextLine id="tr_1_tl_1" custom="readingOrder {index:0;}">
                <Coords points="6363,717 6391,720 6407,703 6459,703 6484,692 6517,725 6539,728 6545,593 6492,585 6481,596 6457,580 6413,604 6369,599"/>
                <Baseline points="6381,686 6459,686 6548,680"/>
                <TextEquiv>
                    <Unicode>309</Unicode>
                </TextEquiv>
            </TextLine>
            <TextLine id="tr_1_tl_2" custom="readingOrder {index:1;}">
                <Coords points="4415,896 6286,885 6393,857 6393,750 5613,728 5286,816 5042,712 4415,753"/>
                <Baseline points="4429,865 4519,865 4608,865 4698,865 4787,865 4877,859 4966,859 5056,859 5145,859 5235,859 5324,853 5414,853 5504,853 5593,853 5683,853 5772,853 5862,847 5951,847 6041,847 6130,853 6220,847 6309,847 6399,847"/>
                <TextEquiv>
                    <Unicode>allein / Wo bin ich? In welches Wirrsal</Unicode>
                </TextEquiv>
            </TextLine>
            <TextLine id="tr_1_tl_3" custom="readingOrder {index:2;}">
                <Coords points="3992,887 4053,904 4086,893 4110,901 4140,887 4165,896 4173,887 4206,915 4264,893 4259,783 4228,783 4220,797 4201,800 4135,783 4091,758 4042,789 4017,772 3987,783"/>
                <Baseline points="4005,859 4095,865 4184,871 4268,865"/>
                <TextEquiv>
                    <Unicode>Julia</Unicode>
                </TextEquiv>
            </TextLine>
            <TextLine id="tr_1_tl_4" custom="readingOrder {index:3;}">
                <Coords points="4503,1066 6369,1041 6369,975 6091,926 5330,970 5132,887 4910,967 4503,962"/>
                <Baseline points="4519,1002 4608,1014 4698,1008 4787,1014 4877,1014 4966,1014 5056,1014 5145,1014 5235,1014 5324,1014 5414,1008 5504,1008 5593,1008 5683,1008 5772,1008 5862,1008 5951,1008 6041,1008 6130,1002 6220,1008 6309,1008 6375,1008"/>
                <TextEquiv>
                    <Unicode>verstrickt, 1 Ab sind Freunde wo Feinde...</Unicode>
                </TextEquiv>
            </TextLine>
            <TextLine id="tr_1_tl_5" custom="readingOrder {index:4;}">
                <Coords points="4451,1195 6421,1168 6421,1091 6336,1058 5968,1115 5874,1030 5646,1121 4451,1077"/>
                <Baseline points="4465,1170 4548,1170 4638,1164 4727,1164 4817,1170 4907,1170 4996,1170 5086,1170 5175,1164 5265,1164 5354,1164 5444,1164 5533,1164 5623,1164 5712,1164 5802,1164 5892,1164 5981,1158 6071,1158 6160,1158 6250,1158 6339,1158 6429,1152"/>
                <TextEquiv>
                    <Unicode>Bald weiss ich selbst nicht mehr. Soll ich</Unicode>
                </TextEquiv>
            </TextLine>
            <TextLine id="tr_1_tl_6" custom="readingOrder {index:5;}">
                <Coords points="4454,1376 6404,1324 6404,1247 6284,1242 4456,1267"/>
                <Baseline points="4471,1319 4530,1319 4620,1319 4710,1319 4799,1325 4889,1319 4978,1325 5068,1319 5157,1319 5247,1319 5336,1319 5426,1319 5515,1319 5605,1319 5695,1313 5784,1313 5874,1313 5963,1313 6053,1313 6142,1313 6232,1307 6321,1307 6411,1307"/>
                <TextEquiv>
                    <Unicode>zweifeln..Es fühlen, heisst dazu berufen</Unicode>
                </TextEquiv>
            </TextLine>
            <TextLine id="tr_1_tl_7" custom="readingOrder {index:6;}">
                <Coords points="4451,1500 6248,1519 6308,1393 4451,1426"/>
                <Baseline points="4465,1468 4524,1474 4614,1474 4704,1474 4793,1474 4883,1474 4972,1474 5062,1468 5151,1468 5241,1468 5330,1468 5420,1474 5509,1474 5599,1468 5689,1468 5778,1468 5868,1468 5957,1462 6047,1468 6136,1468 6226,1462 6315,1456"/>
                <TextEquiv>
                    <Unicode>sein. Welche Ungeduld...Es bleibt nichts</Unicode>
                </TextEquiv>
            </TextLine>
            <TextLine id="tr_1_tl_8" custom="readingOrder {index:7;}">
                <Coords points="4498,1673 6099,1629 6547,1712 6547,1552 6459,1519 4498,1561"/>
                <Baseline points="4513,1623 4584,1623 4674,1629 4763,1623 4853,1629 4942,1623 5032,1629 5121,1623 5211,1623 5301,1623 5390,1623 5480,1623 5569,1623 5659,1623 5748,1623 5838,1623 5927,1623 6017,1623 6106,1617 6196,1617 6286,1617 6375,1617 6465,1617 6554,1617"/>
                <TextEquiv>
                    <Unicode>übrig als zu warten. Und wenn die Nachricht</Unicode>
                </TextEquiv>
            </TextLine>
            <TextLine id="tr_1_tl_9" custom="readingOrder {index:8;}">
                <Coords points="4440,1849 5185,1772 5569,1833 6602,1791 6602,1687 6426,1681 4443,1728"/>
                <Baseline points="4459,1784 4548,1784 4638,1784 4727,1784 4817,1784 4907,1784 4996,1784 5086,1778 5175,1772 5265,1778 5354,1778 5444,1778 5533,1778 5623,1778 5712,1778 5802,1784 5892,1778 5981,1778 6071,1772 6160,1772 6250,1772 6339,1772 6429,1778 6518,1772 6608,1778"/>
                <TextEquiv>
                    <Unicode>kommt, dass der Vicomte gefangen oder tot ist.</Unicode>
                </TextEquiv>
            </TextLine>
            <TextLine id="tr_1_tl_10" custom="readingOrder {index:9;}">
                <Coords points="4341,2014 6550,1962 6550,1846 5841,1896 5366,1794 4660,1915 4341,1882"/>
                <Baseline points="4357,1940 4405,1934 4495,1934 4584,1934 4674,1934 4763,1940 4853,1940 4942,1940 5032,1934 5121,1934 5211,1934 5301,1934 5390,1928 5480,1928 5569,1934 5659,1934 5748,1934 5838,1928 5927,1928 6017,1928 6106,1928 6196,1928 6286,1928 6375,1928 6465,1928 6554,1922"/>
                <TextEquiv>
                    <Unicode>des dann aufzugeben? Wenn ich selbst nach la</Unicode>
                </TextEquiv>
            </TextLine>
            <TextLine id="tr_1_tl_11" custom="readingOrder {index:10;}">
                <Coords points="4456,2146 5863,2088 6619,2151 6578,1989 5270,2047 4456,1992"/>
                <Baseline points="4471,2089 4477,2083 4566,2089 4656,2089 4745,2089 4835,2089 4924,2089 5014,2089 5104,2089 5193,2089 5283,2083 5372,2089 5462,2083 5551,2083 5641,2083 5730,2083 5820,2083 5909,2083 5999,2083 6089,2083 6178,2083 6268,2083 6357,2083 6447,2077 6536,2077 6626,2077"/>
                <TextEquiv>
                    <Unicode>ris führe und meine Sache hier von einem andern</Unicode>
                </TextEquiv>
            </TextLine>
            <TextLine id="tr_1_tl_12" custom="readingOrder {index:11;}">
                <Coords points="4451,2275 4520,2247 4673,2253 4728,2300 4880,2256 5259,2275 5259,2149 5187,2118 5050,2190 4869,2173 4660,2201 4503,2168 4451,2198"/>
                <Baseline points="4465,2232 4554,2238 4644,2238 4733,2238 4823,2238 4913,2238 5002,2238 5092,2238 5181,2238 5265,2244"/>
                <TextEquiv>
                    <Unicode>besorgen liesse. -</Unicode>
                </TextEquiv>
            </TextLine>
            <TextLine id="tr_1_tl_13" custom="readingOrder {index:12;}">
                <Coords points="4415,2421 6319,2429 6421,2324 4415,2346"/>
                <Baseline points="4429,2399 4459,2393 4548,2393 4638,2393 4727,2393 4817,2393 4907,2393 4996,2393 5086,2393 5175,2393 5265,2393 5354,2393 5444,2393 5533,2393 5623,2393 5712,2387 5802,2387 5892,2387 5981,2387 6071,2387 6160,2387 6250,2387 6339,2387 6429,2381"/>
                <TextEquiv>
                    <Unicode>Ah die leeren Minuten, das ganze Leben ein</Unicode>
                </TextEquiv>
            </TextLine>
            <TextLine id="tr_1_tl_14" custom="readingOrder {index:13;}">
                <Coords points="4467,2563 6393,2574 6528,2552 6528,2473 4467,2481"/>
                <Baseline points="4483,2543 4566,2549 4656,2549 4745,2549 4835,2549 4924,2549 5014,2549 5104,2549 5193,2549 5283,2549 5372,2549 5462,2543 5551,2543 5641,2543 5730,2543 5820,2543 5909,2543 5999,2543 6089,2543 6178,2543 6268,2543 6357,2543 6447,2537 6536,2537"/>
                <TextEquiv>
                    <Unicode>Warten auf die paar Augenblicke die das Leben</Unicode>
                </TextEquiv>
            </TextLine>
            <TextLine id="tr_1_tl_15" custom="readingOrder {index:14;}">
                <Coords points="4415,2748 6413,2750 6432,2613 4415,2646"/>
                <Baseline points="4429,2704 4465,2704 4554,2710 4644,2710 4733,2704 4823,2704 4913,2704 5002,2704 5092,2704 5181,2704 5271,2704 5360,2704 5450,2704 5539,2704 5629,2704 5718,2698 5808,2698 5898,2698 5987,2698 6077,2698 6166,2698 6256,2698 6345,2698 6435,2692"/>
                <TextEquiv>
                    <Unicode>sind. wenn sie kommen weiss mans?-Man könnte</Unicode>
                </TextEquiv>
            </TextLine>
            <TextLine id="tr_1_tl_16" custom="readingOrder {index:15;}">
                <Coords points="4401,2888 6501,2849 6465,2775 5863,2805 5778,2750 5174,2745 5017,2822 4401,2783"/>
                <Baseline points="4417,2859 4447,2859 4536,2865 4626,2859 4716,2865 4805,2859 4895,2859 4984,2859 5074,2859 5163,2853 5253,2859 5342,2853 5432,2853 5521,2853 5611,2853 5701,2847 5790,2853 5880,2853 5969,2853 6059,2853 6148,2853 6238,2853 6327,2847 6417,2847 6506,2847"/>
                <TextEquiv>
                    <Unicode>einer Krone entgegen geträumt haben und kommt</Unicode>
                </TextEquiv>
            </TextLine>
            <TextLine id="tr_1_tl_17" custom="readingOrder {index:16;}">
                <Coords points="6333,2951 6363,2962 6404,2937 6426,2954 6479,2932 6512,2943 6523,2835 6509,2833 6470,2863 6421,2879 6402,2877 6385,2863 6360,2877 6358,2868 6344,2868"/>
                <Baseline points="6351,2931 6429,2925 6518,2913"/>
                <TextEquiv>
                    <Unicode>reich</Unicode>
                </TextEquiv>
            </TextLine>
            <TextLine id="tr_1_tl_18" custom="readingOrder {index:17;}">
                <Coords points="5377,2932 5500,2959 5558,2940 5608,2959 5632,2948 5654,2967 5775,2940 5778,2885 5704,2874 5687,2888 5646,2871 5616,2888 5564,2866 5509,2899 5462,2896 5443,2877 5410,2896 5380,2893"/>
                <Baseline points="5396,2931 5426,2931 5515,2931 5605,2919 5695,2919 5784,2925"/>
                <TextEquiv>
                    <Unicode>with us</Unicode>
                </TextEquiv>
            </TextLine>
            <TextLine id="tr_1_tl_19" custom="readingOrder {index:18;}">
                <Coords points="4550,3036 5517,3085 6635,3028 6602,2923 5528,2978 5283,2890 5154,2976 4893,2981 4550,2904"/>
                <Baseline points="4566,3014 4578,3014 4668,3020 4757,3014 4847,3014 4936,3014 5026,3014 5115,3008 5205,3008 5295,3014 5384,3014 5474,3014 5563,3014 5653,3014 5742,3008 5832,3008 5921,3008 6011,3008 6100,3008 6190,3008 6280,3008 6369,3008 6459,3008 6548,3002 6638,3002"/>
                <TextEquiv>
                    <Unicode>am Ende seines Lebens darauf, dass der grösst</Unicode>
                </TextEquiv>
            </TextLine>
            <TextLine id="tr_1_tl_20" custom="readingOrder {index:19;}">
                <Coords points="4498,3190 6421,3220 6421,3099 6303,3088 5014,3135 4871,3055 4498,3116"/>
                <Baseline points="4513,3169 4548,3169 4638,3169 4727,3169 4817,3169 4907,3169 4996,3169 5086,3169 5175,3169 5265,3163 5354,3169 5444,3169 5533,3169 5623,3169 5712,3169 5802,3169 5892,3169 5981,3169 6071,3163 6160,3163 6250,3163 6339,3163 6429,3163"/>
                <TextEquiv>
                    <Unicode>Augenblick einer war, in dem man in einem</Unicode>
                </TextEquiv>
            </TextLine>
            <TextLine id="tr_1_tl_21" custom="readingOrder {index:20;}">
                <Coords points="4498,3382 5962,3338 6278,3407 6399,3346 6319,3248 6020,3226 4498,3226"/>
                <Baseline points="4513,3325 4524,3325 4614,3331 4704,3331 4793,3331 4883,3325 4972,3325 5062,3325 5151,3325 5241,3325 5330,3325 5420,3325 5509,3325 5599,3325 5689,3319 5778,3319 5868,3319 5957,3319 6047,3319 6136,3319 6226,3319 6315,3319 6405,3319"/>
                <TextEquiv>
                    <Unicode>Garten nach Schmetterlingen gehascht hat.</Unicode>
                </TextEquiv>
            </TextLine>
            <TextLine id="tr_1_tl_22" custom="readingOrder {index:21;}">
                <Coords points="4454,3533 6558,3489 6514,3390 5602,3440 5264,3338 4827,3429 4456,3377"/>
                <Baseline points="4471,3480 4560,3486 4650,3486 4739,3486 4829,3486 4918,3486 5008,3480 5098,3480 5187,3480 5277,3486 5366,3480 5456,3480 5545,3480 5635,3480 5724,3480 5814,3480 5903,3480 5993,3474 6083,3480 6172,3474 6262,3474 6351,3474 6441,3474 6530,3474 6566,3480"/>
                <TextEquiv>
                    <Unicode>Was ist Dir Julia. Fahrt der Geist meines Bru</Unicode>
                </TextEquiv>
            </TextLine>
            <TextLine id="tr_1_tl_23" custom="readingOrder {index:22;}">
                <Coords points="4401,3676 4459,3706 4781,3662 4924,3712 4984,3693 5050,3715 5050,3500 4995,3495 4924,3536 4852,3506 4794,3514 4717,3558 4514,3558 4401,3525"/>
                <Baseline points="4417,3641 4429,3641 4519,3641 4608,3641 4698,3641 4787,3641 4877,3641 4966,3641 5056,3629"/>
                <TextEquiv>
                    <Unicode>ders in mich?</Unicode>
                </TextEquiv>
            </TextLine>
        </TextRegion>
    </Page>
</PcGts>
