3352 4264
2591 352 2776 470 345
840 473 3002 682 Nur ich und zwei Gardisten waren da. Und ich
1775 623 2180 746 De Nach
840 631 2959 846 hab weiter gewartet. Und in der Früh ist es
867 795 2986 1012 wieder lebendig geworden. Im Park hab ich die
870 948 2951 1163 Vögel singen gehört. Und dann ist die Garde
822 1101 2970 1302 wieder angetreten und die Generäle sind herun
883 1251 2830 1512 ter gekommen und sind davon geritten, und
881 1506 2349 1641 endlich ist er selbst gekommen.
2873 1624 3021 1735 le
830 1692 1340 1807 Er selbst?
413 1662 752 1823 Medard.
891 1818 1896 1973 Sie haben ihn gesehn?
413 1863 752 1971 Etzelt,
848 1866 2803 2159 Ich hab ihn gesehn, aber ich war weit von
419 2030 757 2207 Frau K.
840 2067 2927 2253 ihm. Um Hin dr den Garden bin ich gestanden.
806 2272 2894 2468 Und ich hab gerufen, geschrieben, aber er hat
905 2398 1595 2570 nichts gehört.
905 2543 2239 2669 Und wenn er gehört hätte..
438 2519 787 2696 Etzelt.
916 2602 3058 2830 Und dann bin ich wieder fort. Bin zu Fuss nac
440 2725 789 2932 Frau K.
913 2790 2964 3005 Wien herein und jetzt steh ich da und weiss
921 3018 2030 3123 nicht was ich tun soll.
875 3088 3013 3289 kommen Sie nach Hause. Was hilft es uns hier
400 3203 760 3405 Etzelt.
929 3227 3080 3544 zu stehn. Wir könnten Tage und Nächte lang da
945 3509 1294 3638 stehn..
