3400 4312
907 310 2017 550 Hie ist and Tis. - Opfe
2742 489 2927 614 636
911 540 2958 749 Medardus Du hast eine Mutter! Und w채rs auch
492 580 843 782 Etzelt.
911 701 3042 914 nicht darum, bel체g Dich doch nicht. Steht Dir
900 873 2435 1079 der Sinn nach einem Opfertpt?
914 1022 1686 1211 Ich weiss nicht.
499 1002 843 1211 Medard.
914 1170 2883 1396 Und Ihr beide versprecht, dass Ihr nichts
506 1258 843 1437 Frau K.
978 1379 3008 1518 tut eh ich zur체ck bin. Ja ich will mich auf
1676 1467 2229 1588 as the same 2
1022 1491 3012 1710 die Knie werfen vor ihm und wenn er gn채dig
287 1487 796 1730 ^ ndme.
347 1642 722 1831 even
1113 1666 2880 1825 ist. ihm alles abbitten. (So klein wird
233 1814 2937 2010 Abe ich, leite - man wenn man daran ist, alles zu verlieren
1457 2175 2162 2394 hr. bedan
1393 2341 2627 2580 Etred.. Lie wird mich so a
