6792 4344
688 642 2101 853 Gemäl Jngin xxxu eik nesaml.Jnde
1822 799 2254 986 Monsieur
804 810 1657 1026 all nesmed.ness
495 964 1964 1185 xxx geb al.Jdoizge xxx aus d
620 1106 1961 1325 Innögte, nebeiw xxx as zeb xxx
571 1290 1578 1481 hier das! us xxxä adole-
2081 1418 2413 1592 G.C.F.F:S
605 1413 1890 1629 .ndes enthau nederebrov neb f
955 1859 1401 2103 Monsieur :t
591 2052 935 2263 eib 1
1589 2828 1933 2982 perere ein
1001 2965 1231 3144 : 1 a 3
2012 3098 2516 3258 .Hollniedos
2257 3266 2570 3454 .Tefole
861 3223 2027 3465 2671 IÖV sei Elvnoxal sib
2197 3402 2530 3584 oure qu'A
969 3397 2121 3616 Mmerk nov über das nad J nur
870 3525 2226 3772 Gegenom stitma* ich aus meH
1407 3695 2203 3880 Von xxxm Jdoim xxx
6066 424 6279 659 265
3891 625 5472 770 Dagusan. So spricht ein Verräter,
3906 702 6188 961 St. Mars. Was ist Verrat Dagusa, was verraten wir?
4400 890 6194 1066 Welche ist die grössre Idee! Die Grösse
4292 1072 6194 1205 Frankreichs oder der Ruhmder Lexonvilles.
4304 1194 6163 1370 O wären Sie heute morgens bei Schönbrunn
4255 1350 6114 1546 gestanden, mir war als wenn der Atem der
4269 1475 6339 1697 Grösseüer mich geweht käme. Vicomte, ich will
4358 1666 6387 1814 weiter Ihr Diener sein, doch werden Sie zu ö
4358 1833 6231 2030 erst ein Offzier Napoleons. Sie sind jün
4343 1978 6413 2140 ger als ich. Sie haben nicht das hinter sich,
4309 2135 6254 2297 was ich erlbet habe Siehaben nie ein Vater
4923 2263 5421 2348 n Sall — Vaterle
4352 2305 6168 2476 ,lad gehabt, Sie waren. ein Kind als Sie
4309 2453 6308 2624 Frankreich verlassen mussten. Sie kenne das
4318 2592 6293 2786 Glück nicht ein Vaterland zu besitzen. Und
4227 2760 6305 2953 Sie wissen noch nicht in was Sie sich begeben.
4227 2942 6160 3127 Täuschen wir uns nicht länger, was wir in
4298 3053 6145 3286 Paris besorgen wollen ist ein trauriges
4309 3249 4713 3445 Handerk.
4349 3371 6268 3567 Stille meinen Herren. Vorläufig wissen Sie
3920 3371 4284 3564 Vicomte.
4275 3513 6145 3789 St Mars, dass ich Ihre Aufrichtigkeit zu
4417 3707 6393 3925 schätzen weiss. Ich werde es Ihnen niemals
