3336 4168
2586 386 2778 587 372.
910 584 1734 785 beim Kaiser sind?
545 751 2878 943 Ein Bürger. Freilich, der Fürst Liechtenstein und
919 873 2960 1120 der Graf Bubna, seit neun Uhr früh sind sie
934 1068 2218 1269 oben. Und jetzt ists zwölf.
557 1180 3003 1479 Föderl: So wird ja jetzt doch endlich Friede kommen.
563 1314 2890 1573 Ein Bürger. Es war ja schon Friede. Der Waffen
949 1515 2781 1762 stillstand dauert ja schon zwei Monate.
572 1683 2614 1935 Zweiter Bürger. Ich glaub doch nicht dran.
961 1871 2346 2102 Warum glauben Sie nicht dran?
581 1929 937 2102 Föderl:
998 2020 3000 2227 Ich war gestern im Theater, da hat man den
593 2078 922 2291 Bürger.
980 2145 2948 2416 "Unbegreiflichen" aufgeführt von Tschocke,
1022 2337 3067 2540 da sagt der Ackermann, "noch ist nicht alles
584 2346 727 2540 ev
1068 2480 3149 2699 verdoren, jeder gute Bürger gibt den letzten
624 2486 913 2623 diak
542 2574 980 2833 binn Herren
977 2626 3039 2848 Blutstropfen für den Fürsten" Und da war so
1041 2817 2933 3036 ein Geklatsch und ein Bravo vom Parterre
1041 2973 3070 3164 und von den Galérien, dass die Schauspieler
1016 3109 2942 3307 eine Viertelstund lang nicht haben weiter
1050 3301 2945 3484 reden können. Es waren viel französische
1016 3392 3064 3642 Offiziere drin, die waren ganz paff sag ich
1111 3639 1424 3785 Ihnen.
657 3779 989 3961 Födert.
