6808 4456
1052 632 1482 845 sieded en
1892 1026 2159 1210 G.H.F.P.P
1449 1171 1962 1397 de monsieur des
762 1220 1376 1441 respei.aise
472 1537 788 1708 G.H.F.F:S
544 1674 783 1824 B.F.F:S
643 2267 1322 2412 il mells nov m
544 2415 1309 2581 J ue nenil dai cev
606 2516 1316 2718 Jndel.schirek
456 2664 1573 2874 ein lieb sä.es ist seiel
1425 2850 1848 3006 g als saa
1788 2964 2298 3148 es tol Jäng
6009 376 6235 549 182
4519 557 6317 827 / lauscht, dnn spricht er als wenn sie
4094 648 4452 777 Medard.
4587 707 6292 967 noch da wäre laut / Gewiss Fräulein,
4436 798 6525 1112 vortrefflich Fräulein, Meinen Dank. O bitte,
4625 990 6323 1252 / für sich / dass nur niemand kommt.
5175 1132 5390 1239 Hele
4493 1101 6442 1384 Himmel, Himmel Julia. Ich will mich gleich
4517 1345 6341 1537 davonschleichen. Dass mich nur niemand
4555 1433 6468 1721 sieht sonst wirds zu spät. / wieder laut/
4610 1622 6434 1804 0 nicht gefährlich. In drei Tagen Fräu
4568 1749 6488 1982 lein. Ja der Arzt selbst. Ein vortref -
4599 1881 6496 2117 licher Arzt. / wieder für sich/ Wenn ich
4659 2052 6336 2296 hinstürze und verblute, Nun so ists
4607 2171 6439 2444 eben aus. Aber diese Gelegenheit kommt
4607 2337 6437 2581 nicht wieder. Hab ich Dich hab ich Euch
4576 2521 6294 2734 alle. (Und es ihnen dann ins Gesicht
4664 2651 6494 2874 schrein. Zu ihr im Geheimen) Der Blick
5250 2796 5895 2920 trukt ich vicht den
4581 2822 6499 3047 heute morgens. Solche Blicke kenn ich.
4770 2975 5457 3089 du petoit rien. “
4631 2926 6564 3211 Aber von ihr fort; x über die grosse Trep
3617 2980 4340 3187 # Nu nie nicht
4685 3097 6416 3374 pe, noch wenn ich bei ihr bin, rufen
3757 3177 4434 3309 kear inspherd
3672 3265 4475 3480 she much fort.
4675 3291 6465 3537 schreink wenn ich siein den Armen habe
4623 3431 6533 3687 wenn wir des Nachts im Bett beisammen lie-
3607 3490 4436 3752 x ungesitz der
4133 3638 4333 3794 or her
3794 3661 4138 3848 viel
3682 3711 4550 3965 sein nicht übergeben
4493 3729 5411 4009 Nettah... Oh...... is
3814 3900 4071 4045 alle.
