3880 4920
890 515 2723 755 Heinrich glaubte den Wesensunterschied
655 637 2860 893 zwischen dem Politiker und dem Dichter in eine
664 795 2860 1024 Formel gebracht zu haben. Er behauptete
667 972 2952 1209 Künstler, so sagte er, wäre der Drang angeboren,
679 1109 2909 1349 alles Wirken und Geschehen auf Erden in Einzel-
695 1310 2998 1496 schicksale aufzulösen. Die Tendenz des Politoders
676 1417 2985 1645 dagegen- er mochte nun Monarch, Staatsmann, Feld-
676 1569 2949 1776 herr, Parlamentarier, Journalist sein- ginge da-
673 1742 2766 1934 hin, immer nur ein Massenschicksal zu sehen.
704 1864 3061 2078 Denken Sie sich, sagte er, es handle sich in einem
701 2047 2952 2245 bestimmten Fall darum zwanzigtausend Mann an ir-
688 2187 2961 2410 gend eine Grenze zu schicken. So werden, so dür-
710 2330 2845 2550 fen diese Zwanzigtausend dem Politiker nichts
701 2489 2958 2705 anderes bedeuten, als eine undifferenzierte Ein-
688 2647 3135 2848 heit. Dass ihm die Fähigkeit fehlt, dieses Menschen-
701 2824 2885 3001 schicksal in Einzelschicksale aufzulösen, oder
710 2940 3022 3153 dass er die Fähigkeit besitzt, was vielleicht das
701 3135 3010 3333 Höhere ist, von diesen Einzelschicksalen nach Be-
722 3317 3028 3491 lieben abzusehen, verlieht ihm erst die Kraft all
713 3433 2985 3631 das zu verfügen, was er für das Wohl des Staates
734 3607 2870 3768 oder für seinen eigenen Ruhm für unerlässlich
710 3741 2991 3969 hält. Würde ihm plötzlich, sagen wir unter einer
