3832 4936
642 684 2857 884 die irdische Sühne ausbleibt und der Glaube ans
627 855 2800 1044 Jenseits versagt, hat unsere Feigheit die Reue
639 1058 1109 1232 erfunden.
659 1306 2743 1543 Um einer Partei anzugehören ist eine gewisse
659 1480 2905 1705 Portion Einfalt unerlässlich. Vernünftige Leute,
653 1677 2920 1862 die den Standpunkt ihrer Partei bis in die letz-
681 1779 2974 2007 ten Konsequenzen zu vertreten versuchen, erwecken
664 1947 2843 2176 immer den Eindruck, als ob sie konfus oder un-
670 2147 1771 2332 ehrlich geworden wären.
670 2575 2860 2771 Es war das Charakteristische dieser Gruppe von
684 2697 2951 2942 jungen Leuten, dass sie Selbstverständlichkeiten
676 2880 2888 3102 mit dem Pathos tiefster Weisheiten und Kühnhei-
693 3042 2826 3230 ten, für die noch niemals irgend jemandem ein
676 3196 2908 3364 Haar gekrümmt wurde, in einem Tone aussprachen,
701 3364 2672 3544 als stünde ihnen der Scheiterhaufen bevor.
1659 3678 2301 3781 er Ruhm für un
