3832 4952
800 568 2328 698 Paralipomena zum Weg ins Freie.
677 830 1296 947 Leo Golowski:
665 794 2935 1001 Heinriche-Beermanne: "Der Politiker hat nicht mit
671 965 2854 1146 der Ewigkeit zu rechnen. In einer menschlichen
683 1098 2839 1308 Angelegenheit kommt es nie auf ein Definitives
683 1245 2854 1456 an und wenn wir auch gelegentlich von dem Ziel
689 1401 3023 1606 einer Bewegung sprechen, so meinen wir damit nicht
692 1540 3074 1753 etwas anderes als einen Aufebthalt von voraussicht-
689 1711 2995 1907 lich längerer Dauer. Darauf, dass wir den rechten
698 1865 3080 2063 Weg gehen, kommt es an, mehr liegt nicht in unserer
2286 2030 2451 2138 G.C.F.P
698 2138 1053 2232 Macht."
2195 2165 2815 2286 ter anzuwenden
2340 2259 2827 2436 sehen ohne
710 2433 2893 2592 Heinricht Beermann: " Es ist ja wahr: schon das
710 2580 2959 2740 Wort Religion bringt sonst ganz vernünftige Men-
698 2740 3020 2884 schen in einen geheimnisvollen Aufruhr und es ist
716 2875 2974 3059 daher schwer über gewisse Dinge so zu reden, wie
716 3041 3035 3221 es notwendig wäre, um endlich Klarheit indie Welt
716 3236 3131 3383 zu bringen. Ja, zu dem Aufklärungsgeschäft, wie ich
722 3392 3089 3507 es mir denke, gehört ein Genie der Propaganda, das
716 3531 3077 3654 in seiner Art geradeso bedeutend sein müsste, wie
722 3612 3143 3829 es den grossen Religionsstiftern zugehört hat. Denn
1510 3771 2956 3901 xxx wenn es nicht auf irgend
1254 3907 1991 4066 zu Taten führt.
