3832 4952
647 598 2819 807 man hätte ja nicht nur den Kampf mit den Gläu-
647 740 3073 955 bigen aufzunehmen und mit denen, die vom Glauben der
650 876 2970 1127 Andern leben, sondern auch mit dem gefährlichsten
659 1079 3030 1329 und tückischsten Feind, mit der Heuchelei und Feig-
650 1242 2870 1423 heit der Ungläubigen. Ich spreche natürlich nur
662 1390 2876 1577 von dem was in dogmatischem Sinne unter den Be-
662 1553 2982 1770 griff Religion fällt. Ich weiss sehr gut, dass es
674 1701 2967 1891 üblich ist unter Religion auch das beliebige pri-
689 1792 3024 2042 vate Verhältnis jedes Einzelnen zu dem Unerforsch-
677 2000 2955 2175 lichen zu verstehen und dass man daher in diesem
692 2172 2828 2348 Sinne den lächerlichen Gemeinplatz anzuwenden
689 2266 2858 2480 pflegt, es gäbe überhaupt keinen Menschen ohne
689 2411 3000 2619 Religion. Dieser Sprachgebrauch richtet aber eine
698 2568 2909 2807 solche Verwirrung an, dass ich mir niemals ein-
689 2743 2834 2955 fallen lasse und es auch niemanden zugestehen
701 2943 2919 3133 möchte in einer ernsthaften Diskussion das Wort
695 3097 2843 3257 Religion in einer so nichtssagenden Bedeutung
710 3296 1299 3450 anzuwenden."
722 3586 3033 3789 Heinricht Beermann." Auch das klügste Wort bleibt
722 3761 2955 3946 am Ende nur Geschwätz, wenn es nicht auf irgend
2290 3870 2613 4039 funden,
725 3900 1970 4088 einem Wege zu Taten führt.
