3848 4936
617 677 2815 911 Leo Golowski: "Auch sehr ins Weite denken ist
620 836 2806 1110 manchmal nur eine Art sich das Leben bequem zu
635 1062 1041 1215 machen."
629 1368 2842 1579 Heinrich Beermann: "Grosse Künstler oder auch
641 1522 2998 1705 Dilettanten können vollkommen reine Menschen sein.
647 1666 2962 1886 Mittelmässige Künstler und ganz besonders Litera-
650 1895 1287 2084 ten niemals."
644 2271 2788 2421 Heinrich Beermann: "Es ist immer ein Zeichen
671 2418 2830 2550 von Lebensschwäche vielleicht von Feigheit auf
671 2547 2878 2791 ein Relatives zu verzichten wo uns das Absolute
653 2758 1299 2866 versagt ist."
665 2926 2866 3086 Heinrich Beermann: " Nicht auf Gesinnung kommt
668 3038 2932 3242 es an, sondern auf Anschauung. Die Leute mit der
665 3203 3077 3395 Gesinnung waren immer diejenigen, die den Holzstoss
662 3353 2686 3573 angezündet haben für die Leute mit der An-
677 3603 1164 3726 schauung."
665 3747 2842 4042 Die Gesellschaft hat die Strafe erfunden, die
683 4012 2968 4195 Theologie die Hölle; und für die Fälle, in denen
