5850 3594
510 412 1310 603 in1 1 1/2 Uhr, 4 1/4 Uhr 1 1. 1.
1596 395 2232 562 Mittwoch, 31.7.1901.
1699 555 1863 658 1804.
619 717 1868 896 Verehrter Herr Schnitzler!
617 886 2454 1053 Seien Sie aufs Herzlichste bedankt für das hübsche Gedicht, worüber
619 1029 2382 1158 ich mich sehr gefreut habe. Es gehört in Zukunft zu den Zierden
619 1125 2502 1203 meines Albums. An Papa habe ich Ihre Grüsse schriftlich bestellt, da
605 1196 1832 1296 er sich augenblicklich in Karlsbad befindet.
619 1294 2373 1418 Ich hoffe sehr Sie einmal persönlich kennen zu lernen, wird Ihr
608 1351 1727 1487 Weg Sie nicht mal wieder hierher führen?
936 1456 2013 1594 Mit vielen Grüssen und nochmals dankend
1673 1580 2058 1706 Edith Brandes.
4362 369 5127 534 Kopenhagen, 12. März 1806.
4491 517 4817 672 März 1904.
3748 696 4496 812 Verehrter und lieber Freund
3550 793 5420 910 Georg Brandes herzlich grüssend und für die letzte schöne Zusendung
3462 879 5373 1029 dankend.  Schauspiel. Ich habe meine Freude duran gemacht. Die weit
3498 986 5313 1084 Ihrer Phantasie zieht mich immer an, und erregt meine Bewunderung,
3509 1063 5408 1208 da ich selbst wenig Thatasie besitze und erstaunen, dass ein anderer
3498 1156 4343 1284 all das erfinden kann.
3502 1208 5349 1363 Seit lange beschäftigt es Sie, wie der Gedanke an den nahen Tod wie
3498 1348 5301 1446 Gefühls beeinflusst, Schleier der Beatrice, Leutenant Gusti, u.s.x.
3509 1432 5296 1549 Hier variieren Sie das Thema; der Gedanke an den Tod des Liebsten
3498 1513 5218 1644 wirkt ebenso. Sie sind ein Grübler über den Tod, wie schon ihr
3526 1601 5280 1732 Sterben zeigte. Die Hälfte Ihrer Produktion ist Eheamstes, die
3498 1706 5408 1813 Hälfte Erbe gewidmet. Aber dadurch haben Ihre Arbeiten eine so grosse
3514 1806 5427 1935 Spannweite (wenn das Wort deutsch ist). Ich las eine sehr unverständi-
3514 1889 5373 2001 ge Kritik über Ihr Werk in dem Tag: es scheint mir, dass die meiste
3502 1973 5396 2094 deutsche Kritik alizu viel fertige Begriffe und Ansprüche mitsringt:
3498 2049 4748 2173 sie ist weniger geschmeidig als die unsrige.
3509 2168 4991 2251 Es war mir sehr lieb, Sie jene Stunde bei Fulda zu tre¬
5082 2109 5468 2254 Ich machte,
3498 2242 4701 2375 dass Sie wieder einmal nach Dänemark kämen.
4053 2321 4748 2464 Ihr dankbar verbassener
4655 2409 5099 2523 Georg Brandes.
