5796 3577
1915 339 2224 452 23.3.1914.
909 408 2484 556 Kopenhagen, 23. August 1914
1858 516 2143 603 (10.9.14.)
593 559 1300 694 glieder der Akademie und
714 662 1582 771 Verehrter und lieber Freund.
1908 655 2155 759 G.J. de Schöne
601 697 2365 853 Erst jetzt erhalte ich Ihren Schweizer Brief vom 3.August.Er
549 786 2417 959 war zwanzig Tage unterwegs. Ich brauche Maum zu sagen, wie gern ich
554 902 2397 1043 etwas für Sie tun möchte. Sie wissen, wie lieb ich Sie habe und wie
551 969 2407 1117 sehr ich Sie schätze. Leider bin ich nicht der rechte Mann. Ich bin
551 1063 2501 1216 in der schwedischen Akademie ganz unbeliebt. Erstens: ich glaube nicht,
554 1169 2526 1315 dass der Schwede der Ihnen von Oesterreich sprach, wirklich etwas wusste
563 1246 2414 1389 Jedes Jahr werden völlig unrichtige Gerüchte in Umlauf gesetzt. Die
559 1344 2538 1480 Eingeweihten dürfen nichts sagen. Der Preis wird 1914 gar nicht verteilt
571 1414 2385 1562 erst Frühling 1915. Man hat November abgeschafft, Juni eingefährt.
640 1503 2491 1668 Zweitens: Man fragt nicht speziell im Ministerium oder in der Aka-
571 1587 2419 1735 demie. Jedes Jahr haben alle Mitglieder seiner Universität und alle
566 1683 2531 1824 Mitglieder der Akademien des Landes eine Stimme. So haben hier Universi-
578 1816 2155 1930 tätsprofessoren und Akademiemitglieder jeder eine Stimme.
601 1848 2498 2031 Ich habe keine. Denn obwohl Ehrendoktor an schottischen Universi-
583 1989 2501 2103 täten und Ehrenmitglied der amerikanischen Akademie der Wissenschaften
578 2039 2471 2202 und Künste, der italienischen, der norwegischen. der Royal Society u.
578 2180 2471 2286 s.w. bin ich nicht einmal ordinäres Mitglied der dänischen
576 2278 1727 2375 Universität. Bin also nie gefragt worden.
680 2313 2498 2474 Drittens: Schon vor zehn Jahren schlugen viele fremde Schriftstel-
588 2424 2456 2536 ler (u.a.Anatole France) mich zum Nobelpreis vor; schon vor 9 Jahren
591 2516 2449 2642 schlug die dänische Akademie der Wissenschaften mich einstimmig zum
571 2602 2365 2731 Robelpreis vor und hat nie später einen anderen Vorschlag machen
588 2699 2496 2812 wollen. Die Schweden aber, die mich hassen, weil ich einen russischen
583 2755 2570 2909 Flüchtling, der in Stockholm gefesselt war, gegen Auslieferung schützte,
593 2857 2528 3003 haben erklärt, dass von mir nie die Rede sein konnte. So impopulär bin
591 2970 2474 3079 ich dort. Sie sehen also dass ich ganz ausser Lage bin, jemand offi-
588 3084 1154 3213 ziell zu empfehlen.
751 3114 2493 3260 Viertens: Ich kenne indessen privat einige einflussreiche Mit-
5288 348 5439 452 42
4812 361 5133 489 23.8.1914.
4036 346 4221 499 - 2 -
3052 413 3388 571 V. P. v. M. F.
3480 556 4905 704 glieder der Akademie und ich werde ihnen schreiben.
3573 682 5345 781 Nur ist dies nicht der Moment. Kein Mensch in Schweden denkt an
3480 764 5326 872 anderes als an den Krieg; das ganze Land ist zur Verteidigung gegen
4404 855 4789 942 das Comité.
4841 865 5237 964 teilt mir mits
3480 858 4011 959 Russland gerüstet.
3598 949 5392 1040 Ich lernte im vergangenen Sommer einigermassen englisch reden,
3480 1023 5377 1149 hielt im November-Dezember mit viel Erfolg Vorlesungen in allen Städ-
3484 1117 5368 1221 ten Englands und Schottlands. Mai und Juni redete ich in Nordamerika,
3492 1213 5321 1300 in New Haven, Chicago und New York, An meinem letzten Abend in
3480 1297 5405 1381 New York im Juni (93° Fahrenheit) hatte ich das Comedy Theatre so voll,
3492 1411 5380 1503 dass über tausend Personen mit unverrichteter Sache weggehen mussten.
3648 1488 5400 1569 Und nun haben wir den schrecklichen Weltkrieg. Ich möchte Unter-
3480 1564 5422 1688 gang für Russland, Rettung für Frankreich. Aber wer fragt nach unseren
3494 1661 5380 1757 Wünschen! Meine Tochter hat einen jungen deutschen Artillerieoffizier
3497 1752 5311 1844 von 32 Jahren zum Gatten. Sie ist hier mit einem kleinen Mädel von
3484 1846 5335 1945 6 Jahren und einem kleinen Jungen von 2 Jahren in grosser Angst für
3480 1928 4668 2039 ihren Mann, den sie leidenschaftlich liebt.
3648 2029 5165 2110 Meinen ehrerbietigen Gruss an Ihre liebe Frau Gemahlin.
3635 2118 4362 2222 Ich bin Ihr treuer Freund
4315 2209 4732 2316 Georg Brandes.
