5796 3577
1601 387 1837 484 Kopenhag
2061 406 2417 555 (Havnegade)
1599 465 1842 567 19. Oktob
827 428 991 560 "    "  "
2069 543 2448 701 Frl.Prozer
845 569 1738 728 Mein verehrter Freund.
774 703 2487 806 Ihr Schauspiel und Ihr Brief haben mich beide tief bewegt. Der
679 786 2543 888 Brief, weil er so herzlich war und weil ich, seit lange von allerlei
672 888 2555 1000 Unglück und Missgeschick verfolgt, für Herzlichkeit sehr empfänglich
679 1000 2599 1120 bin, das Schauspiel, weil es mir das Werk eines Meisters scheint, voll-
664 1064 1910 1195 reifers - es ist lange her - in 1885, als ich
2022 1134 2351 1200 unsist wohl
650 1137 2463 1287 Diese Menschen, die Sie dort darstellen, stehen vor Augen als
667 1244 2178 1351 wirkliche individualitäten, voll und rund und originell.
2271 1244 2509 1334 Mit Eigen-
679 1331 2259 1429 schaften und Eigenheiten, die ein Ensemble ausmachen. Die
2312 1353 2504 1470 benfi¬
672 1416 2580 1536 guren wie Natter, oder die amüsant Karikierten, wie Rhon und Serknitz,
672 1516 2171 1631 sind nicht weniger unvergesslich, als die tiefsinnig stu-
2305 1538 2509 1643 en und
664 1592 2453 1723 rätselvollen wie Friedrich, Genia und die eine ganze Seele, Erna.
667 1679 2485 1811 Ich würde nichts darüber schreiben können, das etwas hinzufügte an
660 1772 2295 1906 die Wirkung, und nichts, das irgend etwas erklärte, denn al
2288 1816 2451 1932 les er-
1893 1855 2297 1957 einen Pfendig.h.
667 1862 1618 2008 klärt sich von selbst. Land bekommen
2035 1925 2414 2010 ehe mit keiner
660 1937 2514 2074 Sie lieben es, die Nebentriebe und Nebenpassionen zu verfolgen,
667 2039 2429 2183 die Sprüngen und Seitensprünge des Geföhlslebens, alles Getheilte
672 2127 2524 2268 das von dem Hauptstamm sich ablöst, auszubreiten. Die Welt, so gese-
667 2217 2587 2356 hen, ist auf eine spezielle Weise traurig. Meiner Gefühlart nach wäre,
672 2322 2478 2439 um das Bild zu supplieren, auch das Erhebende, das ab und zu, wenn
664 2388 2507 2521 auch sehr selten uns begegnet, ich meine: das, was das Leben erträg-
655 2475 2607 2619 lich machte, mit in Rechenschaft zu ziehen. Ich bin, glaub ich, im
660 2577 2351 2684 Ganzen hessimistischer als Sie, aber dennoch empfinde ich eini
650 2660 2572 2770 Ruhepunkte, und man muss das, soll man sich nicht töten. Man muss z.B.
672 2748 2497 2891 jemand vertrauen können; in der hier vorgeführten sehr reichen und
660 2845 2531 2979 schillernden Welt, ist aber jedes Vertrauen unmöglich; alle arbeiten
660 2930 1964 3074 sich von ihren Neigungen und Bänden los.
1777 2991 2190 3137 Georg Brandes.
4429 375 5021 584 (19.10.11)
3982 406 4203 572 - 2 -
3602 569 5337 752 Haben Sie Dank, dass Sie sich um das mir unbekannte Frl. Prozor
3478 706 4739 842 bemühten, und dass Sie ihr so nützlich waren.
3638 784 5400 922 Sie irren sich wenn Sie glauben, ich möchte nicht gern nach
3502 883 5327 995 Wien kommen. Im Gegenteil. Wien hat immer für mich eine grosse An-
3514 959 5425 1090 ziehungskraft gehabt; ich habe dort sehr angenehme Stunden verlebt,
3519 1051 5405 1185 besonders - es ist lange her - in 1885, als ich den alten Gompertz
3507 1129 5269 1275 kennen lernte. Später einmal, ich weiss nicht wann, es ist wohl
3519 1234 5347 1348 20 Jahre her, luden Sie sich zu mir ein, und es war bei Ihnen eine
3517 1336 5303 1441 Herrengesellschaft spät Abends, wo viele, die später berühmt ge-
3524 1421 5364 1543 worden, zusammen waren: Hoffmannsthal, Wasserman und andere. Sonst
3522 1485 5422 1633 habe ich in Wien nur bei Gompertz Menschen gesehen. Ich kenne ja Nie-
3531 1597 5320 1723 mand dort. Aber ich bin in der Regel wie in einem Schraubenstock,
3524 1660 5359 1840 ich kann nicht fort, wenn ich wolte, was zu weitläufig zu erklären
3544 1760 5405 1913 ist. Leichter zu erklären ist dass ich eigentlich nie Geld zu meinen
3536 1835 5405 1976 Reisen habe. Aus Deutschland bekomme ich nie einen Pfennig, habe dort
3539 1932 5327 2064 deit lange nicht einmal mehr einen Verleger und stehe mit keiner
3539 2015 5357 2164 Zeitung in Verbindung. In Dänemark verdiente ich durch ein Buch im
3551 2103 5335 2241 Jahre 10 375 Kronen, aus England bekomme ich als Royalty für ein
3544 2222 5301 2346 Dutzend Bände jährlich 400 Kronen. Ihre Einnahmen werden sich
3546 2305 4505 2436 glücklicherweise anders gestalten.
3558 2380 5352 2507 Ich habe das Glück gehabt, meine Mutter etwas länger zu behalten
3551 2448 5418 2592 als es Ihnen gestatte wurde. Die Mutter ist ja vielleicht das einzi-
3548 2555 5508 2692 ge unbedingt sichere, das wir zum Vertrauen haben, um so unersetzlicher
3558 2655 5381 2772 Sie müssen jetzt 50 Jahre alt sein, ich bin in wenigen Monateb
3556 2733 5430 2913 70, deshalb einigermassen isoliert, obwohl mein Temperament dasselbe
3544 2872 3862 2979 geblieben.
3687 2894 4863 3032 Ich drücke Ihre Hand in alter Ergebenheit.
4668 2991 5099 3118 Georg Brandes.
