5796 3577
1327 368 1892 514 Paris, Hotel d'Jéna
1115 373 1274 545 32
1368 455 2004 599 3.### Februar 1912.
852 614 1863 743 Verehrter Freund, verehrte Freundin.
762 716 2274 828 Da es zehn oder elf Mahne her ist, dass ich in Wien war.
550 777 2486 916 Ihre lieben und schönen Porträts haben mich hier eingeholt, wohin
587 886 2481 1013 ich geflohen bin, um verschs dene Festlichkeiten in Kopenhagen zu
597 957 2491 1093 vermeiden. Ich bin Ihnen sehr dankbar, dass auch Sie, die ich so sehr
601 1049 2486 1191 schätze, an mich (bei dieser schmählichen tragikomischen Gelegenheit)
609 1152 2340 1293 gedacht haben.
614 1213 2362 1359 Ihnen gegenüber ist mein Herz voll. On a eu l'idée saughenue
601 1322 2389 1446 ich sowohl dem Rathausfest wie einem von der Universität und den
606 1398 2513 1556 Schriftstellern veranstalteten ausschlug - einen Saal der kgl.Biblio-
611 1488 2391 1685 thek zum einem G.B.-Archiv zu verwandeln und mit meiner Büste zu
626 1658 891 1753 versehen.
618 1692 2445 1814 Da sollen idiotische Literarhistoriker der Zukunft in meinen alten
623 1804 2084 1936 Liebesbriefen schnüffeln. Das soll mir Freude machen.
628 1873 2515 2016 Glücklicherweise für Arthur S. halten wir noch immer dieselbe Distanz
636 2006 1045 2104 von 20 Jahren.
1011 2033 1459 2211 Ihr ergebenster
1420 2153 1834 2269 Georg Brandes.
4510 365 5006 470 Dänemark
4512 441 4780 567 Kopenhagen
3596 409 3877 594 de la riviere avec le
4269 409 4434 587 25.9.
3755 614 4466 735 Verehrter Freund.
3640 706 5191 825 Da es zehn oder elf Nahre her ist, dass ich in Wien war,
3443 777 5379 920 habe ich um einen Vorwand zu haben, es wiederzusehen, mich engagieren
3441 860 5389 1001 lassen, ein Paar erbärmliche Vorträge zwischen 20. und 23. November dort
3450 969 5325 1091 zu halten (Urania). Da nun Sie ein Hauptstück von meinem Wien sind,
3443 1040 5396 1166 möchte ich gerne wissen, ob Sie wohl zu der Zeit sich in Wien befinden
3455 1152 5308 1244 (nur auf einer Karte antworten). Ich möchte noch gerne Beer-Hofmann
3463 1261 5313 1364 und Wassermann und Hofmannsthal sehen, die ja alle Wiener sind; Sie
3455 1351 4885 1442 sind aber für mich die Hauptperson. Georg Brandes
3969 1432 4517 1561 Ihr sehr ergebener
4446 1524 4877 1639 Georg Brandes.
