5828 3576
564 368 867 544 V. F.C.F.
1774 409 2095 573 (11.5.99.)
1036 402 1740 595 Kopenhagen, 12.
505 654 1740 737 Verehrter Freund! Ich bin willig alles zu tun
514 664 2249 823 Ich erhalte Gottlob täglich von den meisten Gegenden Europas
456 777 2354 929 Briefe und Bücher, sonst wäre ich in meinem Elend zu Grunde gegangen.
470 862 2332 1014 Ich lese stetig L'Aurore und Le Siècle, folge so von Tag zu Tag dem
451 951 2293 1098 Verlauf der Begebenheiten in Frankreich. Melches Stück Seelenlehre!
2129 1022 2428 1117 xxx, es wird
470 1085 1953 1181 Ich habe in meinem Leben wenig so Lehrreiches gelesen.
490 1117 2367 1296 Ihr Buch habe ich noch nicht erhalten; ich werde es mit derselben
463 1223 2281 1367 ernsten Aufmerksamkeit lesen, womit ich Ihnen immer folge. Ich las
451 1345 2399 1455 kürzlich das Vermächtnis wieder; es verdient, dass man dazu zurükkehrt.
463 1431 2386 1536 Ein kleiner dummer schwedischer Journalist hatte Sie vor einigen Tagen
458 1519 2328 1615 in einem Stockholm erblatt, das mir zugeschickt wird, angegriffen; es
463 1629 2335 1720 brannten mir die Finger, dagegen zu schreiben, habe es nicht ge than,
463 1693 2411 1798 weil ich ein wenig müde bin und soviele Correkturen täglich zu besorgen
470 1784 2332 1909 habe, thue es vielleicht noch. Doch ich kann Ihnen viel leicht einmal
463 1874 1355 1997 auf bessere Weise nützlich sein.
701 1960 1414 2080 Ich drücke Ihnen die Hand
1485 2151 1904 2313 Georg Brandes.
3283 394 3447 532 17/1
3851 402 4040 564 1 1 7
4221 461 4878 586 Kopenhagen, 12. Juni 99.
4314 559 4836 671 Hotel Krantz am Mehr
4738 610 4993 684 Sonntag.
3406 625 5118 755 Verehrter Freund! Ich bin willig alles zu tun, was Sie von mir
3401 742 5339 840 wünschen. Ich bemerke nur, dass ich Antoine gar nicht kenne, ihn nicht
3413 833 5324 924 gesehen habe, nicht ahne, ob er meinen Namen je gehört hat. Seien Sie
3401 916 5348 1002 aber nur so freundlich, mir seinen Vornamen und seine Adresse auf einer
3386 1005 5358 1102 Karte zu schicken. Dann werde ich ihm mit Vergnügen schreiben, es wird
3401 1080 5194 1198 ja nicht meine Schuld sein, falle er von meinem Brief keine Notiz
3406 1200 5216 1298 nimmt. Ich las Ihre Stücke mit grossem Vergnügen, habe zwar einige
3396 1286 4907 1377 kitische Bedenken, die Sie gelegentlich hören können.
3491 1367 5194 1490 Ein halbes Jahr habe ich im Bette verbracht; in diesen Tagen
3396 1450 3873 1558 aufgestanden.
3736 1534 4140 1664 Ihr ergebener
4094 1646 4256 1722 G.B.
