5881 3704
506 433 691 543 14 1
1467 446 2083 553 III
741 391 949 558 "   "
481 526 744 643 Brandes.
1497 518 2158 648 Kopenhagen. 21. April 26.
488 618 1983 716 Mein liebster Freund.
756 701 2376 811 Sie sind einer der wenigen Menschen, dem ich nur Gutes ver-
481 801 2281 894 danke, einen wahren geistigen Reichtum. Heute las ich zum zweiten
481 871 2494 986 male - nach Monaten - Ihr tiefsinniges Drama über den Weiher, und verstand
488 984 2406 1087 es inniger als das erste Mal, hatte meine Freude daran. Sie haben dort
468 1069 2271 1162 eine Saite angeschlagen, die in der Gegenwart selten gehört wird;
481 1149 2301 1252 Verse klingen heutzutage selten von der Bühne, und Sie sind zu den
488 1267 2464 1360 ausführlicheren Repliken älterer Zeiten zurückgekehrt; Aber Sie meistern
481 1360 2301 1450 diesen Stil und Sie fesseln. Das Stück ist ein schönes Ganzes. Ich
488 1420 2401 1527 habe keine Zeitungen in deutscher Sprache, weiss deshalb nicht, ob das
488 1522 2389 1625 Stück aufgeführt worden noch ob es Erfolg hatte. Sie wissen, dass ich
488 1620 2328 1723 Ihnen jeglichen Erfolg wünsche. - Ich denke mir, dass ich Anfang Mai
481 1710 2394 1813 um meiner Gesundheit willen nach Karlsbad reise. Ich bin wohl mehr als
476 1785 2364 1885 ein Dutzend Mal vor dem Kriege dort gewesen. Jetzt wird es wohl dort,
481 1888 2401 1973 wie überall, ärmer sein. Die Sprache trennt mich leider von Ihnen. Mein
481 1990 2331 2086 deutscher Verleger, Erich Reiss, hat Fallissement gemacht. Alles was
468 2056 2419 2173 er mir schuldig war, seit Jahren, ist in Rauch aufgegangen. - Ich hoffe,
476 2153 2293 2246 dass es Ihnen und den Kindern gut geht, Frau Gestrud Rung, die Sie
468 2238 1530 2354 freundlich empfingen, liebt Sie sehr.-
1497 2266 1810 2381 Ihr Freund
4014 393 4276 571 1e,5.e, jusqu'a 2n.
4372 413 5363 568 Kopenhagen, Goethes Geburtstag 2326.
3473 431 3841 561 Brandes.
3480 536 3966 653 Verehrter Freund.
3678 623 5305 719 Seit April 1925 hab ich Sie nicht gesehen, und es ist mir,
3475 719 5371 801 als sah ich Sie gestern. So lebhaft stehen Sie mir vor Augen. Seitdem
3485 814 5348 909 haben Sie eine weite Reise nach den canarischen Insein gemacht, sich
3485 881 5381 1014 freundlich meiner erinnert, mir die sonderbar tiefsinnige Traumnovelle
3480 991 5393 1074 zugesandt, vermutlich noch anderes hervorgebracht. Ich bitte nur, mich
3485 1087 5313 1184 nicht zu vergessen; ich war in Karlsbad, Prag, Schandau, meiner Ge-
3485 1164 5348 1257 sundheit halber, und bin nicht krank, arbeite weiter mit Forschungen
3475 1244 5265 1360 über Petrus und Paulus. Ueber Petrus erschien vor langer Zeit ein
3480 1367 5265 1452 Büchlein, aber da mein Verleger in Berlin bankerott ist, wurde es
3485 1445 5293 1535 nicht deutsch publiziert.- Es war schön, dass ich in Wien Ihr Gast
3480 1542 5358 1622 sein durfte. Ihre junge N Tochter war Schmuck des Hauses. - Ich bitte
3480 1635 5371 1715 gelegentlich Beer-Hofmann und seine Gemahlin sehr herzlich von mir zu
3478 1703 5323 1808 grüssen.- Ich weiss nicht, ob Sie Zeit zum Lesen haben. Sonst würde
3480 1803 5318 1910 ich Ihnen Kyra Kyralina von dem Rumänen Panit Istrati empfehlen. Er
3493 1893 4692 1998 schreibt französisch und hat grosse Frische.
4685 1968 5250 2093 Ihr getreuer Freund
5198 2071 5351 2171 G.B.
