<?xml version="1.0" encoding="UTF-8" standalone="yes"?>
<PcGts xmlns="http://schema.primaresearch.org/PAGE/gts/pagecontent/2013-07-15" xmlns:xsi="http://www.w3.org/2001/XMLSchema-instance" xsi:schemaLocation="http://schema.primaresearch.org/PAGE/gts/pagecontent/2013-07-15 http://schema.primaresearch.org/PAGE/gts/pagecontent/2013-07-15/pagecontent.xsd">
    <Metadata>
        <Creator>prov=READ-COOP:name=TrHtr:version=2.1.0:model_id=51170:date=29_07_2023_11:38</Creator>
        <Created>2023-05-10T12:30:46.575+02:00</Created>
        <LastChange>2023-07-29T11:38:47.113+02:00</LastChange>
        <TranskribusMetadata docId="1428210" pageId="55403534" pageNr="66" tsid="131409654" status="IN_PROGRESS" userId="64420" imgUrl="https://files.transkribus.eu/Get?id=WRTUPLNTBJHLAYBPOJBWQCLT&amp;fileType=view" xmlUrl="https://files.transkribus.eu/Get?id=UWQGDBZFSFFYUUEABXZJJOUN" imageId="44678355"/>
    </Metadata>
    <Page imageFilename="1428210_0066.jpg" imageWidth="5863" imageHeight="3608">
        <ReadingOrder>
            <OrderedGroup id="ro_1711795778640" caption="Regions reading order">
                <RegionRefIndexed index="0" regionRef="tr_2"/>
                <RegionRefIndexed index="1" regionRef="tr_1"/>
            </OrderedGroup>
        </ReadingOrder>
        <TextRegion id="tr_2" custom="readingOrder {index:0;}">
            <Coords points="525,463 2467,463 2467,2064 525,2064"/>
            <TextLine id="tr_2_tl_1" custom="readingOrder {index:0;}">
                <Coords points="1512,525 1544,529 1566,507 1618,532 1657,525 1699,544 1731,547 1731,468 1694,461 1677,471 1655,458 1586,451 1569,466 1539,453 1508,461"/>
                <Baseline points="1523,513 1612,513 1702,519 1738,525"/>
                <TextEquiv>
                    <Unicode>1 „ „</Unicode>
                </TextEquiv>
            </TextLine>
            <TextLine id="tr_2_tl_2" custom="readingOrder {index:1;}">
                <Coords points="1905,527 1941,517 1978,542 2000,525 2010,532 2030,532 2044,547 2066,547 2062,458 2015,456 1995,466 1978,461 1966,471 1954,466 1934,480 1919,471 1914,478 1902,478"/>
                <Baseline points="1917,513 2007,519 2072,525"/>
                <TextEquiv>
                    <Unicode>que le</Unicode>
                </TextEquiv>
            </TextLine>
            <TextLine id="tr_2_tl_3" custom="readingOrder {index:2;}">
                <Coords points="1086,610 2182,647 2179,559 1883,512 1762,554 1397,512 1267,556 1086,537"/>
                <Baseline points="1099,597 1188,597 1278,597 1367,597 1457,591 1547,597 1636,597 1726,597 1815,603 1905,609 1995,609 2084,615 2174,621 2186,621"/>
                <TextEquiv>
                    <Unicode>- 2 -  13.12.1915)</Unicode>
                </TextEquiv>
            </TextLine>
            <TextLine id="tr_2_tl_4" custom="readingOrder {index:3;}">
                <Coords points="525,723 2410,713 2410,637 2304,630 525,632"/>
                <Baseline points="537,680 627,680 716,680 806,686 896,680 985,686 1075,686 1164,686 1254,686 1344,686 1433,686 1523,686 1612,686 1702,686 1792,686 1881,686 1971,686 2060,686 2150,686 2240,686 2329,686 2413,692"/>
                <TextEquiv>
                    <Unicode>Verehrter Freund! Es hat mich riesig gefreut, dass Sie auch in dieser</Unicode>
                </TextEquiv>
            </TextLine>
            <TextLine id="tr_2_tl_5" custom="readingOrder {index:4;}">
                <Coords points="529,814 2319,814 2451,799 2451,716 529,728"/>
                <Baseline points="543,782 633,776 722,776 812,770 902,776 991,770 1081,776 1170,776 1260,770 1350,776 1439,776 1529,776 1618,776 1708,776 1798,776 1887,776 1977,776 2066,776 2156,776 2246,776 2335,782 2425,776 2455,782"/>
                <TextEquiv>
                    <Unicode>traurigen Zeit an mich gedacht haben. Ich habe Ihr lächeind-wehmütiges</Unicode>
                </TextEquiv>
            </TextLine>
            <TextLine id="tr_2_tl_6" custom="readingOrder {index:5;}">
                <Coords points="532,912 1794,885 2456,939 2454,829 2238,794 529,809"/>
                <Baseline points="543,872 579,866 669,866 758,866 848,866 937,866 1027,866 1117,866 1206,866 1296,872 1385,872 1475,872 1565,872 1654,872 1744,878 1833,878 1923,884 2013,878 2102,884 2192,884 2281,884 2371,878 2461,860"/>
                <TextEquiv>
                    <Unicode>mich dafür verantwortlich zu machen. Darin soll gestanden haben,</Unicode>
                </TextEquiv>
            </TextLine>
            <TextLine id="tr_2_tl_7" custom="readingOrder {index:6;}">
                <Coords points="525,998 2329,993 2329,912 2245,897 525,909"/>
                <Baseline points="537,955 627,949 716,949 806,955 896,955 985,955 1075,955 1164,961 1254,955 1344,955 1433,955 1523,955 1612,961 1702,961 1792,955 1881,955 1971,961 2060,961 2150,961 2240,961 2329,961 2335,961"/>
                <TextEquiv>
                    <Unicode>in Wien hungere man.</Unicode>
                </TextEquiv>
            </TextLine>
            <TextLine id="tr_2_tl_8" custom="readingOrder {index:7;}">
                <Coords points="512,1081 2272,1086 2341,1081 2341,1003 512,1015"/>
                <Baseline points="525,1051 615,1045 704,1045 794,1045 884,1045 973,1045 1063,1045 1152,1045 1242,1045 1332,1051 1421,1051 1511,1051 1600,1051 1690,1051 1780,1057 1869,1057 1959,1057 2048,1057 2138,1063 2228,1063 2317,1063 2347,1069"/>
                <TextEquiv>
                    <Unicode>Ich hatte den Artikel nie gelesen, nie gesehen, viel weniger</Unicode>
                </TextEquiv>
            </TextLine>
            <TextLine id="tr_2_tl_9" custom="readingOrder {index:8;}">
                <Coords points="554,1169 2084,1199 2454,1169 2454,1083 554,1103"/>
                <Baseline points="567,1140 657,1134 746,1128 836,1134 925,1134 1015,1134 1105,1134 1194,1134 1284,1140 1373,1140 1463,1140 1553,1140 1642,1140 1732,1140 1821,1146 1911,1146 2001,1146 2090,1146 2180,1152 2269,1152 2359,1152 2449,1140 2461,1146"/>
                <TextEquiv>
                    <Unicode>geschrieben oder angenommen. Nun ging diese Idiotie wie ein Lauf-</Unicode>
                </TextEquiv>
            </TextLine>
            <TextLine id="tr_2_tl_10" custom="readingOrder {index:9;}">
                <Coords points="559,1253 2395,1272 2392,1179 2329,1172 556,1182"/>
                <Baseline points="573,1224 663,1218 752,1224 842,1224 931,1224 1021,1224 1111,1224 1200,1224 1290,1230 1379,1230 1469,1230 1559,1230 1648,1230 1738,1236 1827,1236 1917,1236 2007,1242 2096,1236 2186,1242 2275,1242 2365,1242 2401,1248"/>
                <TextEquiv>
                    <Unicode>feuer durch die deutsche und österreichische Presse, mit imbecilen</Unicode>
                </TextEquiv>
            </TextLine>
            <TextLine id="tr_2_tl_11" custom="readingOrder {index:10;}">
                <Coords points="566,1380 1454,1324 2383,1351 2383,1277 2302,1260 566,1257"/>
                <Baseline points="579,1320 669,1314 758,1314 848,1314 937,1314 1027,1320 1117,1320 1206,1320 1296,1320 1385,1320 1475,1320 1565,1320 1654,1320 1744,1320 1833,1320 1923,1320 2013,1314 2102,1314 2192,1320 2281,1320 2371,1320 2389,1320"/>
                <TextEquiv>
                    <Unicode>Schimpfworten gegen mich.</Unicode>
                </TextEquiv>
            </TextLine>
            <TextLine id="tr_2_tl_12" custom="readingOrder {index:11;}">
                <Coords points="542,1427 2069,1466 2378,1424 2378,1356 1976,1331 1853,1375 542,1353"/>
                <Baseline points="555,1415 645,1415 734,1409 824,1403 913,1403 1003,1403 1093,1403 1182,1409 1272,1409 1361,1409 1451,1409 1541,1409 1630,1415 1720,1415 1809,1415 1899,1415 1989,1415 2078,1415 2168,1415 2257,1421 2347,1421 2383,1427"/>
                <TextEquiv>
                    <Unicode>Sie scheinen daran geglaubt zu haben. So sind wir alle. xxx</Unicode>
                </TextEquiv>
            </TextLine>
            <TextLine id="tr_2_tl_13" custom="readingOrder {index:12;}">
                <Coords points="554,1527 2464,1539 2464,1471 2194,1434 554,1466"/>
                <Baseline points="567,1499 657,1499 746,1493 836,1499 925,1493 1015,1499 1105,1499 1194,1499 1284,1499 1373,1499 1463,1499 1553,1499 1642,1505 1732,1505 1821,1505 1911,1511 2001,1511 2090,1511 2180,1511 2269,1511 2359,1517 2449,1517 2467,1517"/>
                <TextEquiv>
                    <Unicode>Sie viele tausend Mal wir erfahr en haben, dass das Gedruckte nur Lüge</Unicode>
                </TextEquiv>
            </TextLine>
            <TextLine id="tr_2_tl_14" custom="readingOrder {index:13;}">
                <Coords points="542,1625 1802,1613 1802,1542 542,1544"/>
                <Baseline points="555,1588 645,1582 734,1582 824,1582 913,1582 1003,1588 1093,1588 1182,1588 1272,1588 1361,1588 1451,1594 1541,1588 1630,1594 1720,1594 1809,1588"/>
                <TextEquiv>
                    <Unicode>war, immer wieder glauben wir an etwas.</Unicode>
                </TextEquiv>
            </TextLine>
            <TextLine id="tr_2_tl_15" custom="readingOrder {index:14;}">
                <Coords points="525,1728 2437,1716 2434,1642 2307,1623 522,1628"/>
                <Baseline points="537,1684 627,1678 716,1678 806,1678 896,1678 985,1678 1075,1678 1164,1678 1254,1678 1344,1678 1433,1678 1523,1684 1612,1684 1702,1684 1792,1684 1881,1684 1971,1690 2060,1690 2150,1690 2240,1690 2329,1690 2419,1690 2443,1696"/>
                <TextEquiv>
                    <Unicode>Mein junger Schwiegersohn ist noch nicht verwundet, aber leidet</Unicode>
                </TextEquiv>
            </TextLine>
            <TextLine id="tr_2_tl_16" custom="readingOrder {index:15;}">
                <Coords points="547,1809 2177,1836 2432,1807 2432,1726 547,1738"/>
                <Baseline points="561,1768 651,1768 740,1762 830,1768 919,1768 1009,1774 1099,1768 1188,1768 1278,1768 1367,1774 1457,1774 1547,1774 1636,1774 1726,1774 1815,1774 1905,1780 1995,1780 2084,1780 2174,1786 2263,1786 2353,1786 2437,1792"/>
                <TextEquiv>
                    <Unicode>grässlich an Leere, fühlt es, alsverliere er den Verstand, werde alt</Unicode>
                </TextEquiv>
            </TextLine>
            <TextLine id="tr_2_tl_17" custom="readingOrder {index:16;}">
                <Coords points="534,1883 1917,1890 1917,1838 1794,1807 534,1829"/>
                <Baseline points="549,1851 639,1857 728,1857 818,1857 907,1857 997,1857 1087,1857 1176,1857 1266,1857 1355,1857 1445,1857 1535,1863 1624,1863 1714,1863 1804,1863 1893,1869 1923,1869"/>
                <TextEquiv>
                    <Unicode>und graun Es ist immer besser als Wunden und Tod.</Unicode>
                </TextEquiv>
            </TextLine>
            <TextLine id="tr_2_tl_18" custom="readingOrder {index:17;}">
                <Coords points="696,1968 1039,2003 1461,1963 1534,2010 2071,1976 2071,1897 1917,1885 696,1902"/>
                <Baseline points="710,1947 800,1947 890,1947 979,1947 1069,1953 1158,1947 1248,1953 1338,1953 1427,1953 1517,1953 1606,1953 1696,1953 1786,1953 1875,1953 1965,1953 2054,1953 2078,1953"/>
                <TextEquiv>
                    <Unicode>Ich bin von ganzem Herzen Ihr Freund</Unicode>
                </TextEquiv>
            </TextLine>
            <TextLine id="tr_2_tl_19" custom="readingOrder {index:18;}">
                <Coords points="532,2101 635,2071 765,2091 878,2074 961,2096 988,2076 1032,2079 1032,1995 912,2003 882,1990 855,2012 642,1986 529,2000"/>
                <Baseline points="543,2042 633,2042 722,2042 812,2042 902,2048 991,2048 1039,2054"/>
                <TextEquiv>
                    <Unicode>zurückzurufen. Ihr</Unicode>
                </TextEquiv>
            </TextLine>
            <TextLine id="tr_2_tl_20" custom="readingOrder {index:19;}">
                <Coords points="1689,2086 1789,2062 1846,2079 1870,2062 1917,2093 1934,2079 1963,2091 2000,2076 2030,2084 2057,2064 2103,2066 2103,1981 2047,1971 2020,1988 2005,1976 1946,1993 1907,1973 1863,2000 1819,1986 1789,1998 1753,1983 1689,1990"/>
                <Baseline points="1702,2048 1792,2048 1881,2048 1971,2048 2060,2048 2108,2048"/>
                <TextEquiv>
                    <Unicode>Georg Brandes.</Unicode>
                </TextEquiv>
            </TextLine>
        </TextRegion>
        <TextRegion id="tr_1" custom="readingOrder {index:1;}">
            <Coords points="3446,451 5412,451 5412,2692 3446,2692"/>
            <TextLine id="tr_1_tl_1" custom="readingOrder {index:0;}">
                <Coords points="3643,537 3692,532 3716,547 3763,534 3777,547 3821,522 3851,542 3863,532 3915,544 3920,458 3880,471 3839,449 3799,458 3763,441 3714,461 3645,471"/>
                <Baseline points="3655,513 3745,519 3834,513 3924,501"/>
                <TextEquiv>
                    <Unicode>1 1,1,1</Unicode>
                </TextEquiv>
            </TextLine>
            <TextLine id="tr_1_tl_2" custom="readingOrder {index:1;}">
                <Coords points="4258,630 4366,642 4449,620 4545,647 4662,630 4751,650 4910,630 4910,520 4822,534 4706,471 4606,529 4518,478 4405,510 4361,495 4258,515"/>
                <Baseline points="4271,591 4360,597 4450,597 4539,597 4629,597 4719,597 4808,597 4898,597 4916,591"/>
                <TextEquiv>
                    <Unicode>Kopenhagen, 28. Sept. 17.</Unicode>
                </TextEquiv>
            </TextLine>
            <TextLine id="tr_1_tl_3" custom="readingOrder {index:2;}">
                <Coords points="3451,691 3721,743 3937,696 5351,713 5351,652 5233,632 3451,608"/>
                <Baseline points="3464,680 3554,686 3643,680 3733,680 3823,680 3912,686 4002,680 4091,680 4181,686 4271,686 4360,686 4450,686 4539,686 4629,686 4719,686 4808,686 4898,686 4987,686 5077,686 5167,686 5256,686 5346,686 5358,692"/>
                <TextEquiv>
                    <Unicode>Verehrter Freund! Es hat mich riesig gefreut, dass Sie auch in dieser</Unicode>
                </TextEquiv>
            </TextLine>
            <TextLine id="tr_1_tl_4" custom="readingOrder {index:3;}">
                <Coords points="3444,802 5383,792 5334,711 3444,713"/>
                <Baseline points="3458,788 3506,782 3596,782 3685,782 3775,782 3864,782 3954,776 4044,776 4133,776 4223,770 4312,776 4402,776 4492,776 4581,776 4671,776 4760,776 4850,776 4940,776 5029,776 5119,776 5208,776 5298,776 5388,782"/>
                <TextEquiv>
                    <Unicode>traurigen Zeit an mich gedacht haben. Ich habe Ihr lächelnd-wehmütiges</Unicode>
                </TextEquiv>
            </TextLine>
            <TextLine id="tr_1_tl_5" custom="readingOrder {index:4;}">
                <Coords points="3451,929 5221,917 5393,824 3451,831"/>
                <Baseline points="3464,866 3518,866 3608,866 3697,872 3787,866 3876,866 3966,866 4056,866 4145,866 4235,866 4324,866 4414,866 4504,872 4593,866 4683,866 4772,866 4862,866 4952,872 5041,872 5131,872 5220,872 5310,872 5400,860"/>
                <TextEquiv>
                    <Unicode>Buch mit grossem Behagen gelesen und die Bekanntschaft mit zwei reizen.</Unicode>
                </TextEquiv>
            </TextLine>
            <TextLine id="tr_1_tl_6" custom="readingOrder {index:5;}">
                <Coords points="3451,1003 5268,1022 5329,1005 5329,902 3451,927"/>
                <Baseline points="3464,961 3554,961 3643,961 3733,961 3823,961 3912,961 4002,961 4091,955 4181,955 4271,961 4360,955 4450,961 4539,961 4629,955 4719,955 4808,961 4898,961 4987,961 5077,961 5167,961 5256,967 5334,973"/>
                <TextEquiv>
                    <Unicode>den Damen, genannt Sabine und Katharina, gemacht. Auch eine grisse</Unicode>
                </TextEquiv>
            </TextLine>
            <TextLine id="tr_1_tl_7" custom="readingOrder {index:6;}">
                <Coords points="3456,1079 5329,1079 5329,1022 4898,985 3456,1003"/>
                <Baseline points="3470,1057 3560,1051 3649,1051 3739,1051 3829,1051 3918,1051 4008,1051 4097,1051 4187,1045 4277,1045 4366,1045 4456,1051 4545,1051 4635,1051 4725,1051 4814,1051 4904,1051 4993,1045 5083,1045 5173,1051 5262,1051 5334,1057"/>
                <TextEquiv>
                    <Unicode>Lebensphilosophie, eine überlegene, ist in dem Buche. Während Sie</Unicode>
                </TextEquiv>
            </TextLine>
            <TextLine id="tr_1_tl_8" custom="readingOrder {index:7;}">
                <Coords points="3456,1174 5403,1186 5403,1101 5322,1076 3456,1091"/>
                <Baseline points="3470,1146 3524,1140 3613,1140 3703,1140 3793,1140 3882,1140 3972,1140 4061,1140 4151,1134 4241,1134 4330,1134 4420,1140 4510,1140 4599,1140 4689,1140 4778,1140 4868,1140 4958,1134 5047,1140 5137,1140 5226,1140 5316,1140 5406,1134"/>
                <TextEquiv>
                    <Unicode>erfinderisch schöpfen, muss ich mich begnügen, geschichtliche Gestalten</Unicode>
                </TextEquiv>
            </TextLine>
            <TextLine id="tr_1_tl_9" custom="readingOrder {index:8;}">
                <Coords points="3456,1270 5346,1270 5346,1177 5275,1172 3456,1177"/>
                <Baseline points="3470,1236 3560,1236 3649,1230 3739,1230 3829,1230 3918,1230 4008,1230 4097,1224 4187,1224 4277,1230 4366,1230 4456,1230 4545,1230 4635,1230 4725,1230 4814,1224 4904,1230 4993,1230 5083,1230 5173,1230 5262,1230 5352,1230"/>
                <TextEquiv>
                    <Unicode>neu zu formen. Ich habe während des Krieges ein Buch über Goethe und</Unicode>
                </TextEquiv>
            </TextLine>
            <TextLine id="tr_1_tl_10" custom="readingOrder {index:9;}">
                <Coords points="3456,1351 5219,1365 5329,1333 5329,1272 3456,1287"/>
                <Baseline points="3470,1320 3560,1320 3649,1320 3739,1320 3829,1320 3918,1320 4008,1320 4097,1320 4187,1320 4277,1320 4366,1320 4456,1320 4545,1314 4635,1314 4725,1314 4814,1314 4904,1314 4993,1314 5083,1314 5173,1314 5262,1314 5334,1320"/>
                <TextEquiv>
                    <Unicode>eine über Voltaire publiziert, beide in zwei Bänden, ausserdem einen</Unicode>
                </TextEquiv>
            </TextLine>
            <TextLine id="tr_1_tl_11" custom="readingOrder {index:10;}">
                <Coords points="3439,1446 5351,1419 5351,1356 5184,1341 3439,1341"/>
                <Baseline points="3452,1409 3542,1409 3631,1409 3721,1409 3811,1409 3900,1409 3990,1409 4079,1415 4169,1415 4259,1415 4348,1415 4438,1409 4527,1409 4617,1409 4707,1409 4796,1409 4886,1409 4975,1409 5065,1409 5155,1409 5244,1409 5334,1409 5358,1415"/>
                <TextEquiv>
                    <Unicode>Band über den Weltkrieg, nur hier und in Amerika als The World at War</Unicode>
                </TextEquiv>
            </TextLine>
            <TextLine id="tr_1_tl_12" custom="readingOrder {index:11;}">
                <Coords points="3451,1537 5317,1552 5317,1451 3451,1476"/>
                <Baseline points="3464,1505 3554,1499 3643,1499 3733,1499 3823,1499 3912,1499 4002,1499 4091,1499 4181,1499 4271,1499 4360,1499 4450,1499 4539,1499 4629,1499 4719,1499 4808,1499 4898,1499 4987,1499 5077,1499 5167,1499 5256,1499 5322,1505"/>
                <TextEquiv>
                    <Unicode>erschienen. Seit 5 Monaten bin ich so närrisch, an einer grosseren</Unicode>
                </TextEquiv>
            </TextLine>
            <TextLine id="tr_1_tl_13" custom="readingOrder {index:12;}">
                <Coords points="3432,1608 5334,1637 5305,1539 3432,1527"/>
                <Baseline points="3446,1594 3536,1594 3625,1594 3715,1594 3805,1594 3894,1594 3984,1594 4073,1594 4163,1588 4253,1594 4342,1588 4432,1588 4521,1588 4611,1588 4701,1588 4790,1588 4880,1588 4969,1588 5059,1588 5149,1588 5238,1588 5328,1588 5340,1594"/>
                <TextEquiv>
                    <Unicode>Arbeit über Cäsar zu pfuschen. Die wird wohl mehr als ein Jahr nehmen.</Unicode>
                </TextEquiv>
            </TextLine>
            <TextLine id="tr_1_tl_14" custom="readingOrder {index:13;}">
                <Coords points="3456,1733 5280,1709 5229,1615 3456,1630"/>
                <Baseline points="3470,1684 3494,1684 3584,1684 3673,1678 3763,1684 3852,1684 3942,1684 4032,1684 4121,1678 4211,1678 4300,1678 4390,1678 4480,1678 4569,1678 4659,1678 4748,1678 4838,1678 4928,1678 5017,1678 5107,1678 5196,1678 5286,1678"/>
                <TextEquiv>
                    <Unicode>Ich denke oft an Wien und an die Freunde dort. Seit wir uns im Mo-</Unicode>
                </TextEquiv>
            </TextLine>
            <TextLine id="tr_1_tl_15" custom="readingOrder {index:14;}">
                <Coords points="3444,1814 4844,1841 5346,1802 5346,1728 3444,1735"/>
                <Baseline points="3458,1768 3548,1774 3637,1774 3727,1774 3817,1774 3906,1774 3996,1774 4085,1768 4175,1774 4265,1774 4354,1774 4444,1768 4533,1774 4623,1774 4713,1774 4802,1774 4892,1768 4981,1774 5071,1774 5161,1768 5250,1768 5340,1768 5352,1768"/>
                <TextEquiv>
                    <Unicode>vember 1912 sahen, ist Alies verändert. Ich kann kaum verstehen, dass</Unicode>
                </TextEquiv>
            </TextLine>
            <TextLine id="tr_1_tl_16" custom="readingOrder {index:15;}">
                <Coords points="3439,1917 5300,1890 5300,1816 3439,1829"/>
                <Baseline points="3452,1869 3512,1869 3602,1869 3691,1863 3781,1863 3870,1863 3960,1863 4050,1863 4139,1863 4229,1863 4318,1869 4408,1863 4498,1863 4587,1869 4677,1863 4766,1863 4856,1863 4946,1863 5035,1863 5125,1863 5214,1863 5304,1863"/>
                <TextEquiv>
                    <Unicode>es fast schon 5 Jahre her ist.</Unicode>
                </TextEquiv>
            </TextLine>
            <TextLine id="tr_1_tl_17" custom="readingOrder {index:16;}">
                <Coords points="3439,2003 5202,1998 5405,1959 5405,1902 3439,1917"/>
                <Baseline points="3452,1959 3530,1953 3619,1953 3709,1953 3799,1953 3888,1953 3978,1953 4067,1953 4157,1953 4247,1953 4336,1953 4426,1953 4515,1947 4605,1953 4695,1953 4784,1953 4874,1947 4963,1947 5053,1947 5143,1947 5232,1947 5322,1947 5412,1953"/>
                <TextEquiv>
                    <Unicode>Bitte sehr mich in der Erinnerung Ihrer Frau Gemahlin und Beer-Hofmanns</Unicode>
                </TextEquiv>
            </TextLine>
            <TextLine id="tr_1_tl_18" custom="readingOrder {index:17;}">
                <Coords points="3449,2088 5280,2088 5312,2012 3451,1995"/>
                <Baseline points="3464,2048 3554,2048 3643,2042 3733,2048 3823,2048 3912,2048 4002,2042 4091,2042 4181,2042 4271,2042 4360,2042 4450,2042 4539,2048 4629,2042 4719,2042 4808,2042 4898,2042 4987,2042 5077,2042 5167,2042 5256,2048 5316,2048"/>
                <TextEquiv>
                    <Unicode>zurückzurufen, Ihr ganz ergebener</Unicode>
                </TextEquiv>
            </TextLine>
            <TextLine id="tr_1_tl_19" custom="readingOrder {index:18;}">
                <Coords points="3439,2167 5162,2182 5361,2157 5363,2059 3439,2093"/>
                <Baseline points="3452,2150 3482,2150 3572,2144 3661,2144 3751,2144 3840,2144 3930,2144 4020,2144 4109,2138 4199,2138 4288,2138 4378,2132 4468,2132 4557,2132 4647,2132 4736,2132 4826,2132 4916,2132 5005,2132 5095,2132 5185,2132 5274,2132 5364,2138"/>
                <TextEquiv>
                    <Unicode>wird wohl auch ein paars Bände wenGeorg Brandes. ist ehr umfangreich,</Unicode>
                </TextEquiv>
            </TextLine>
            <TextLine id="tr_1_tl_20" custom="readingOrder {index:19;}">
                <Coords points="3439,2285 5287,2255 5287,2167 3439,2187"/>
                <Baseline points="3452,2240 3500,2234 3590,2234 3679,2234 3769,2234 3858,2234 3948,2234 4038,2228 4127,2228 4217,2228 4306,2228 4396,2228 4486,2228 4575,2222 4665,2222 4754,2222 4844,2222 4934,2222 5023,2222 5113,2222 5202,2222 5292,2228"/>
                <TextEquiv>
                    <Unicode>römisches Leben von ca. 120 bis c.40, aber er fesselt mich sehr. Bis</Unicode>
                </TextEquiv>
            </TextLine>
            <TextLine id="tr_1_tl_21" custom="readingOrder {index:20;}">
                <Coords points="3444,2361 5329,2361 5329,2258 3444,2282"/>
                <Baseline points="3458,2329 3542,2323 3631,2323 3721,2323 3811,2323 3900,2323 3990,2323 4079,2323 4169,2317 4259,2317 4348,2317 4438,2317 4527,2311 4617,2311 4707,2311 4796,2311 4886,2311 4975,2311 5065,2311 5155,2311 5244,2311 5334,2311"/>
                <TextEquiv>
                    <Unicode>ich doch kein Erfinder, nur ein enthusiastischer Forscher. Ich hoffe,</Unicode>
                </TextEquiv>
            </TextLine>
            <TextLine id="tr_1_tl_22" custom="readingOrder {index:21;}">
                <Coords points="3439,2451 5390,2459 5405,2353 3439,2361"/>
                <Baseline points="3452,2419 3530,2413 3619,2413 3709,2413 3799,2413 3888,2413 3978,2413 4067,2413 4157,2413 4247,2413 4336,2407 4426,2407 4515,2407 4605,2407 4695,2407 4784,2401 4874,2407 4963,2401 5053,2401 5143,2401 5232,2401 5322,2401 5412,2407"/>
                <TextEquiv>
                    <Unicode>dass es Ihnen und den Jhrigen, auch unseren wenigen gemeinsamen Freunden</Unicode>
                </TextEquiv>
            </TextLine>
            <TextLine id="tr_1_tl_23" custom="readingOrder {index:22;}">
                <Coords points="3432,2517 3525,2513 3557,2525 3576,2510 3596,2527 3606,2517 3660,2515 3687,2532 3726,2532 3748,2525 3746,2434 3679,2459 3620,2441 3594,2456 3532,2441 3518,2454 3429,2451"/>
                <Baseline points="3446,2502 3536,2502 3625,2502 3715,2508 3751,2514"/>
                <TextEquiv>
                    <Unicode>wohl geht.</Unicode>
                </TextEquiv>
            </TextLine>
            <TextLine id="tr_1_tl_24" custom="readingOrder {index:23;}">
                <Coords points="4341,2701 4483,2723 4586,2701 4613,2726 4640,2706 4665,2721 4704,2701 4797,2726 4797,2635 4763,2640 4704,2613 4645,2625 4626,2611 4584,2625 4552,2615 4515,2638 4478,2625 4341,2633"/>
                <Baseline points="4354,2682 4444,2682 4533,2676 4623,2682 4713,2676 4802,2682"/>
                <TextEquiv>
                    <Unicode>Georg Brandes.</Unicode>
                </TextEquiv>
            </TextLine>
        </TextRegion>
    </Page>
</PcGts>
