5796 3577
1412 312 2171 477 31 wien, 20.11.1912.
1543 448 2176 584 Taorsina, 5. März 1911.
954 579 1637 784 Mein lieber Schnitzler.
863 776 2411 932 Wie schade, dass Sie weggehen, wenn ich komme. Ich will
588 888 2453 1036 natürlich mit grosser Freude Freitag Abend bei Ihnen sein. Wenn
660 982 875 1061 V.A.S.
870 974 2460 1115 ich soll heute Abend, morgen und Sonnabend reden, habe also
628 1036 883 1125 a Profes.
598 1053 2539 1219 eben Freitag frei. Glauben Sie doch nicht, dass man sich um mich
608 1169 2057 1305 reisst, ich werde sehr still hier einige Tage leben.
1169 1261 2089 1407 Ihr alter Freund von Monaten
2139 1226 2426 1365 Schriebenen
766 1288 1177 1399 Ich habe nie d
576 1355 2492 1516 Artikels gesehen, und ich hatte sogar Georg Brandes, dass ich von Mo¬
596 1414 2307 1602 naten den Flotsgraphen in Paris bat, Ihnen mein Bild zu senden.
766 1501 2455 1654 Es geht mir mit Ihnen heute, wie es mir wöchentlich mit meinem
586 1585 2547 1773 liebsten Freundin geht, die augenblicklich auf einer Seereise begriffen.
608 1699 2438 1857 sich in Hengkong befindet. Wenn Ihre Antworten kommen, verstehe ich
601 1817 2193 1968 sie kaum, weil ich meine alten Briefe ganz vergessen habe.
791 1862 2455 2042 Ich war nach Paris in Palianza, Rum, Neapel, Palerne und Lang-
608 1985 2539 2114 re Zeit in Tunis, das mir sehr gefiel, trotz des ungünstigsten Vatters.
766 2069 2440 2205 Ich soll im April in Neapel und Rom reden, denke etwa an 1.M
601 2154 2435 2290 in Köpenhagen zurück zu sein. Hier bleibe ich ungefähr drei Wochen.
593 2267 1639 2408 Hier habe ich endlich Sonne gefunden.
766 2307 2510 2487 Habe ich mich auch unrichtig ausgedrückt, können Sie wenigstens
598 2433 2030 2596 nicht meine freundschaftliche Gesinnung bezweifeln.
737 2468 2455 2668 Ihre warte und liebe Frau Gemahlin und die beiden mir so lieben
635 2631 1837 2767 Heer-Hofmanns bitte ich an mich zu erinnern.
1340 2707 1753 2846 Ihr ergebener
1980 2787 2156 2885 aades.
3417 415 3610 544 : 1/7
3704 408 4052 561 I. S. C.
4453 433 5098 603 Taormina, 5. März 1913.
3832 660 4549 786 Mein verehrtester Freund.
3647 826 5291 947 Ich erhalte hier (Hotel Métropole, Taormina) Ihren liebens-
3457 952 5373 1066 würdigen Brief, der mir zeugt, dass ich Unrecht hatte zu glauben, was
3457 1016 5338 1132 die Professorin Zuckerkandl mir in Wien über den Anlass Ihres Schau-
3459 1090 5452 1261 spiels erzählte: Ich bitte Sie meinen Irrtum zuentschuldigen. Man sollte
3454 1202 4804 1345 nie Vertrauen an dergleichen Mitteilungen haben.
3647 1320 5355 1414 Ich habe nie die Uebersetzung jenes vor Monaten geschriebenen
3457 1402 5393 1526 Artikels gesehen, und ich hatte sogar ganz vergessen, dass ich vor Mo-
3466 1513 5222 1597 naten den Photographien in Paris bat, Ihnen mein Bild zu senden.
3647 1585 5380 1684 Es geht mir mit Ihnen heute, wie es mir wöchentlich mit meiner
3466 1666 5440 1780 liebsten Freundin geht, die augenblicklich auf einer Seereise begriffen,
3466 1770 5338 1874 sich in Hongkong befindet. Wenn Ihre Antworten kommen, verstehe ich
3486 1854 5079 1963 sie kaum, weil ich meine alten Briefe ganz vergessen habe.
3664 1953 5407 2040 Ich war nach Paris in Pallenza, Rom, Neapel, Palermo und länge-
3474 2042 5422 2134 re Zeit in Tunis, das mir sehr gefiel, trotz des ungünstigsten Wetters.
3662 2121 5383 2235 Ich soll im April in Neapel und Rom reden, denke etwa am 1.Mai
3484 2173 5328 2359 in Kopenhagen zurück zu sein. Hier bleibe ich ungefähr drei Wochen.
3476 2282 4507 2418 Hier habe ich endlich Sonne gefunden.
3635 2354 5395 2515 Habe ich mich auch unrichtig ausgedrückt, können Sie wenigstens
3479 2480 4900 2601 nicht meine freundschaftliche Gesinnung bezweifeln.
3622 2559 5373 2702 Ihre werte und liebe Frau Gemahlin und die beiden mir so lieben
3464 2693 4718 2816 Beer-Hofmanns bitte ich an mich zu erinnern.
5170 2693 5407 2784 zwischen
4218 2762 4604 2876 Ihr ergebener
4668 2757 5469 2871 gegen Auslieferung schützte,
4631 2833 5447 2974 Georg Brandes.
4235 2880 4596 2997 als die Rede in
3946 2922 5388 3073 hen also dass ich ganz ausser Lage bin, jemand offi-
4183 3046 5412 3239 e in dessen privat einige einflussreiche Mit-
