5768 3607
1132 415 2227 578 Kopenhagen. 23. Dezember 1914.
794 434 966 583 „ —”.
1242 537 1678 621 4. Dezember 1915.
894 554 1685 705 Verehrter und lieber Freund.
1132 690 1297 796 freund.
523 702 2254 911 Es freute mich ein Lebenszeichen von Ihnen zu sehen. Es freute
496 851 2290 978 mich noch mehr, dass Sie und die Ihrigen in guter und ruhiger
499 949 2383 1060 Stimmung sind. Meine einzige Tochter ist in Berlin verheiratet. Ihr
503 995 2378 1134 junger Hann ist Fabrikant und Gardeleutnant der Artillerie, er wurde
499 1086 2340 1254 schon im September zum Oberleutnant befördert und bekam im November
503 1192 2364 1333 das eiserne Kreuz. Aber er ist in steter Lebensgefahr. Meine Tochter
506 1266 2383 1419 war mehrere Monate hier mit zwei Kleinen, einer Tochter von 7 Jahren
499 1395 2323 1527 und einem Jungen von 2 Jahren, beide sehr hübsch; sie ist jetzt in
487 1446 2378 1618 Berlin und natürlich recht unruhig und mitgenommen von der ewigen
487 1590 2371 1702 Spannung. Ich arbeite viel, schreibe im Augenblick ein Buch über
487 1626 2412 1798 Goethe, parallel zu dem ich einmal über Shakespeare schrieb. Ausserdem
472 1709 2292 1851 habe ich fast jeden Monat ein grosses Essay veröffentlicht.
472 1815 2359 1976 Grüssen Sie Ihre FrauGemahlin und Beer-Hofmanns.
1700 1952 2258 2059 Ihr
530 1952 1563 2067 Das Stück ist mir theuer; nur kann ich
530 2040 2328 2165 recht befreunden,
535 2127 2419 2239 er überhaupt nicht für seine Ueberzeugung eintreten solle. Wir lassen
542 2222 2326 2338 ja alle ohne X Protest das meiste hingehen, weil das Protestieren
523 2330 2287 2443 doch nichts mützt; aber Sie sollten nicht unsere Handlungskraft
530 2414 2352 2515 durch Entmutigung lähmen. Das ist die alte "Ironie" der Romantiker,
530 2491 1486 2628 die dem Pathes die Spitze abbricht.
542 2594 2412 2702 Doch, was liegt heutzutage an all dem! Macduff sagt: O horrer,horrer,
508 2678 717 2779 borrer
794 2702 1134 2812 Das diese Stadt zu erklären ange¬
523 2779 1362 2901 Cannot conceive nor name thes.
511 2843 2203 2963 Ich Habe leider im Augenblicke wieder einen Anfall von meiner
511 2942 2326 3057 chonischen Krankheit, der Venenentzündung. Sie kam zum ersten Mal
511 3028 2287 3141 in 1871 nach einem Typhus, und seit 189 wieder nur zu oft. Nach
1371 3110 1527 3167 ihren
518 3129 1731 3237 2i Jahren macht wie mir wieder xxx Besuch.
3994 415 5059 563 Kopenhagen(genügende Adresse)
4160 530 4651 657 4. Dezember 1915.
3414 681 5248 813 Die grosse Verehrter Freund. xxx wurde schnell (in
3426 784 5291 916 diesem kleinen Land in 3,500 Kremplaren verkauft. Eine neue Auflage
3455 875 5315 997 Drei Jahre sind vergangen, seit ich Ihr Gast war und die Freude
3450 976 5332 1060 hatte, in Ihrem Heim mit Ihnen, Ihrer Frau Gemahlin und Ihren Freun-
3450 1081 5344 1175 den zu verkehren. Seitdem - wie viel unerhörtes ist geschehen! Alles
3450 1158 5047 1237 ist anders geworden.
3450 1235 5308 1328 Ich wollte Ihnen schon vor einem Monat für Ihre dauerhafte Freund-
3426 1321 5339 1450 schaft danken, dass Sie mir die Komodie der Worte sandten. Sie haben
3443 1431 5263 1520 wieder einmal das Labyrinthische dargestellt der erotischen Nei-
3455 1513 5334 1618 gungen und wie die xxx Ehen die Herzen hemmen und fesseln. Tragisches
3467 1614 5310 1683 und Possierliches ist nach Ihrer Gewohnheit gemischt. Mir war Alles
3426 1700 4675 1801 Lieb. Freund, empfehlen Sie mich den Ihrigen
4749 1693 5188 1810 und bleiben Sie zu
3527 1793 5231 1865 Vor etwa drei Wochen sah ich in einem grossen privaten Verein
3467 1860 5298 1973 hier Ihren Dr. Bernhardi im Wesentlichen ganz vorzüglich aufgeführt.
3462 1976 5200 2074 Das Stück ist mir theuer; nur kann ich mich nicht mit der Logik
3462 2038 5272 2151 recht befreunden, dass wil Jemand nicht zum Märtyrer geeignet ist,
3455 2143 5358 2222 er überhaupt nicht für seine Ueberzeugung eintreten solle. Wir lassen
3450 2218 5260 2311 ja alle ohne Ø Protest das meiste hingehen, weil das Protestieren
3462 2323 5210 2417 doch nichts nützt; aber Sie sollten nicht unsere Handlungskraft
3450 2407 5294 2520 durch Entmutigung lähmen. Das ist die alte "Ironie" der Romantiker,
3450 2489 4438 2596 die dem Pathos die Spitze abbricht.
3467 2563 5349 2690 Doch, was liegt heutzutage an all dem! Maoduff sagt: O horrer,horrer,
3455 2683 3687 2791 horrer
3644 2748 3956 2812 Tongue nor h
3450 2779 4287 2889 Cannot conceive nor name thee,
3455 2875 5143 2971 Ich Habe leider im Augenblicke wieder einen Anfall von meiner
3443 2920 5267 3064 ordonischen Krankheit, der Venenentzündung. Sie kam zum ersten Mal
3431 3026 5227 3150 in 1871 nach einem Typhus, und seit 1897 wieder nur zu oft. Nach
3448 3119 4687 3244 2½ Jahren macht wie mir wieder xxxx Besuch.
