5848 3577
643 398 960 553 Brandes. III
1611 398 2299 533 Kopenhagen.30. Dez.1925.
1183 425 1336 543 B 1/3
665 540 1196 633 als liebster Freund.
635 598 1973 695 Mein liebster Freund.
643 663 2496 798 Das Jahr ist zu Ende, und ich habe Ihnen unendliches zu
648 748 2609 888 danken, dass es in Wien für mich einigermassen gut ablief. Sie als
643 845 2604 993 Arzt wissen, dass uralte Menschen meistens beschwerlich sind. Sie haben
648 983 2521 1081 es mich nicht fühlen lassen, aber Ihr Haus in Wien ist mir ein Heim
643 1073 2591 1161 gewesen. Sie haben wohl in 35 Jahren unsere Freundschaft ununterbrochen
643 1128 2561 1258 bewahrt, obschon Sie immer mehr leisteten, als ich im Stande war. Ihre
643 1233 2504 1341 Gastfreundschaft Frau Rung und mir gegenüber wird mir unvergesslich
643 1313 2519 1443 sein, was freilich ein bischen lächerlich klingt, da die 84 jährigen
643 1398 2556 1521 sich gewöhnlich nicht lange einer Erinnerung erfreuen können. N'impor-
648 1486 2424 1606 te! So lange wie das Tageslicht sehen, tut es nicht viel, ob wir
643 1571 2544 1713 uns schaneller oder langsamer bewegen. - Ich habe Ihnen noch nicht für
648 1686 2471 1783 die feine Erzählung Die Frau des Richters gedankt, nicht, dass ich
643 1771 2531 1883 sie weniger schätze, aber ich hatte sie schon irgendwo gelesen, bewor
648 1878 2549 1973 sie in Buchform erschien. Mit Freude las ich, dass Sie Theaterfolge
648 1946 2536 2049 haben. Arm, wie wir alle sind, ist das von Nutzen. Aus vollem Herzen
2134 2039 2449 2129 Ihr
1126 2056 1436 2166 den Kindern
2219 2104 2621 2251 Georg Brandes
658 2146 960 2289 freundlich
4572 405 5240 560 Kopenhagen. 21. April 26.
3862 393 4155 558 1.  ̃
3539 400 3787 570 Brandes.
5330 463 5498 568 1226.
3549 543 4145 673 Mein liebster Freund.
3812 595 5448 738 Sie sind einer der wenigen Menschen, dem ich nur Gutes ver-
3557 678 5405 830 danke, einen wahren geistigen Reichtum. Heute las ich zum zweiten
3544 703 5555 938 male - nach Monaten - Ihr tiefsinniges Drama über den Weiher, und verstand
3564 840 5483 995 es inniger als das erste Mal, hatte meine Freude daran. Sie haben dort
3554 925 5358 1111 eine Saite angeschlagen, die in der Gegenwart selten gehört wird;
3562 1013 5380 1178 Verse klingen heutzutage selten von der Bühne, und Sie sind zu den
3569 1113 5540 1288 ausführlicheren Repliken älterer Zeiten zurückgekehrt; Aber Sie meistern
3554 1208 5383 1386 diesen Stil und Sie fesseln. Das Stück ist ein schönes Ganzes. Ich
3574 1298 5490 1461 habe keine Zeitungen in deutscher Sprache, weiss deshalb nicht, ob das
3567 1381 5463 1553 Stück aufgeführt worden noch ob es Erfolg hatte. Sie wissen, dass ich
3572 1473 5413 1643 Ihnen jeglichen Erfolg wünsche. - Ich denke mir, dass ich Anfang Mai
3567 1536 5498 1711 um meiner Gesundheit willen nach Karlsbad reise. Ich bin wohl mehr als
3569 1648 5460 1803 ein Dutzend Mal vor dem Kriege dort gewesen. Jetzt wird es wohl dort,
3579 1731 5495 1898 wie überall, ärmer sein. Die Sprache trennt mich leider von Ihnen. Mein
3579 1823 5433 1996 deutscher Verleger, Erich Reiss, hat Fallissement gemacht. Alles was
3569 1916 5520 2079 er mir schuldig war, seit Jahren, ist in Rauch aufgegangen.- Ich hoffe,
3579 1998 5413 2159 dass es Ihnen und den Kindern gut geht, Frau Gestrud Rung, die Sie
3579 2141 4597 2249 freundlich empfingen, liebt Sie sehr.
4607 2179 4920 2274 Ihr Freund
