5756 3587
1110 160 1272 287 (or)
1333 238 2163 368 Kopenhagen(genügende Adresse)
439 300 943 466 1 „ „ —: —: „ = „
1549 336 1885 449 13. Juni 20.
452 501 1242 636 Verehrter und lieber Freund.
663 550 2305 722 Kennten Sie die unverständlichen inneren Hindernisse, die es
452 675 2283 805 uns unmöglich machen, einen Brief zu schreiben? Es gibt täglich so
474 746 2354 906 viel zu tun, dass wenn ein Augenblick der geistigen Frische sich ein-
479 852 2364 997 findet, man es als Pflicht und Notwendigkeit fühlt, diesen Augenblick
464 940 2362 1075 für die Arbeit zu verwenden. Und dann liegt es vielleicht daran, dass
462 1048 2372 1188 man tausend Dinge sich zu sagen hätte, und nicht weiss, was herauszu-
481 1139 2426 1262 greifen für einen elenden Brief. Sie, wie auch unser gemeinsamer Freund
479 1191 2374 1358 Beer-Hofmann, sind mir in einem Menschenalter treu geblieben, und ich
474 1291 2295 1441 gebe Ihnen nicht ein Lebenszeichen, nicht  einmal wenn Sie mir Ihre
491 1375 2354 1529 Werke schenken. Das Lächerliche dabei und das Unglaubliche ist, dass
5170 79 5330 248 52
4080 155 4255 302 (15)
4719 218 5030 317 6. Januar 22.
5185 295 5421 425 50
3481 290 4318 442 Verehrter lieber Freunde 2 -
4517 381 5342 516 (13.6.20.)
3592 408 4326 513 Es war mir eine Freude, von
3496 506 5406 609 dass Sie jenes schon alte Buch, das ich seit 1915 nie wieder angesehen
4581 562 5359 678 riuch für mich, eine Sprache
3508 597 5477 741 und Moskau. Die paar russischen Freude und Freundinnen, die ich hatte,
3530 722 5354 849 sind nach Constantinopel versprengt, und leben dort in Armuth; in
3520 818 5484 908 Deutschland ist alles unsicher und in Auflösung; in Frankreich und Eng-
3535 876 5354 1016 land sind mehrere meiner besten Freunde Jingo's geworden und aller
3528 965 5335 1097 Vernunft verschlossen. Das grosse Publikum est dort. wie überall.
3520 1068 5342 1176 "der ewige Dummkopf, der man genannt wird." Ich hatte hier einen
3538 1151 5384 1282 flüchtigen, aber recht angenehmen Besuch von einem österreishischen
3518 1232 5318 1350 Obersten Namens Kreutz, der ein gutes Buch Die grosse Phasse ge-
3508 1348 5332 1444 schrieben hat, und danach einige weniger gute, oder wiederholende.
3714 1419 5426 1559 Mein Leben ist einsam; ich arbeite viel, habe wieder, nachdem
3506 1512 5318 1608 ich die zwei Bände über Cäsar herausgab, eine grosse Maschine in
3518 1610 5359 1723 Arbeit; ich bin seit anderthalb Jahren in der italienischen Renais-
3508 1682 5386 1841 sance vertieft. Ob es was wird, weiss ich nicht. Ich habe ja mehrere
489 1478 2374 1620 ich immer und immer wieder an Sie dachte und mir sagte: An Schnitzler
481 1593 1566 1709 will ich schreiben, und kam nicht dazu.
700 1660 2435 1795 Ich glaube, dass wir, als Peter starb, ein paar Briefe wechsel-
493 1728 2359 1873 ten, aber es ist lange her. Er starb Ende Juli 18. Gesehen haben wir
3508 1755 4220 1866 Altersgrenzen hinter mir.
493 1834 2303 1996 uns nicht sei Dezember 12, und was ist nicht in der Welt geschehen
3508 1829 5271 1979 Beer-Hofmannsmerkwürdige Myterie verstehe ich als seine
3496 1942 5413 2067 Antwort auf die immer mehr anschwellende Bewegung des Judenhasses in
498 1957 967 2082 seit jener Zeit!
727 1991 2364 2151 Ich weiss ja, augenblicklich Nichts über Sie, nicht einmal,
3496 2038 5313 2155 Europa. Diese Bewegung hat auch den Norden erreicht, und mich zum
498 2104 2423 2229 ob Sie in Wien weilen, Sie haben wohl eher Ihre Zuflucht zu irgend ei-
3484 2109 5450 2224 Einsiedler gemacht. Früher war ich Däne und wurde so aufgefasst; plötz-
2308 2170 2460 2259 lots.
506 2182 2241 2330 ner Villa genommen; aber der Brief wird Sie hoffentlich finden.
3484 2239 5364 2372 lich werde ich Jude genannt, und war es nie. Unmöglich, irgend etwas
724 2318 2266 2401 In irgend einer Zeitung sah ich mit Freunden, dass Die
3481 2298 4471 2401 der Krapüle verständlich zu machen.
5178 2362 5362 2433 hundert
508 2367 2335 2541 Schwestern einen grossen Bühnenerfolg gehabt haben. Ich finde das
3550 2401 5335 2516 Ich hoffe, dass es Ihrer Frau Gemahlin und Ihren Kindern
511 2440 2416 2607 Stück sehr fein, sehr unterhaltend und echt, bin leise erstaunt, dass
3471 2480 4998 2617 nicht übel geht. Ich drücke Ihnen vom Herzen die Hand.
498 2561 2457 2686 Sie in so trauriger Zeit sich den Mut und die Spannkraft bewahrt haben,
511 2644 2401 2782 ein Lustspiel zu schreiben. Ich kann nicht glauben, dass was ich über
4728 2691 5170 2816 Georg Brandes.
508 2720 2430 2890 die niederschlagenden Zustände in Oesterreich erfahren habe, übertrie-
508 2818 2460 2975 ben sei. Die Wandlung von dem Zustand vor dem Krieg zu dem jetzigen ist
4407 2885 4709 2988 51. May
520 2892 2418 3064 für uns alle, auch für die früheren Neutralen, furchtbar, doch an al-
4498 2966 4733 3079 in copies
523 2983 2450 3157 lermeisten für die bedauernswerten Städte Wien und Budapest, Petersburg
