5756 3587
1192 231 2142 414 43 Kopenhagen, 18. Sept. 18.
492 537 1204 670 Lieber, verehrter Freund.
529 603 2394 736 Mein Trieb war, augenblicklich einen so herzlichen Brief zu
488 731 2317 850 beantworten. Es war mir nicht möglich Zeit zu finden. Endlich nach
505 788 2438 919 anderthalb Jahren Arbeit sind die zwei Bände über Cäsar, der erste von
512 899 2322 1049 500, der andere von 600 Seiten grossen Formats, vollendet, und ich
500 1012 906 1120 kann aufatmen.
731 1056 2315 1175 Erinnern Sie sich einmal vor Jahren, es war eben an Ihrem
505 1180 2339 1263 Geburtstag und Sie waren so frendlich gewesen, mich zu Tisch einzu-
512 1258 2330 1364 lasen; ich sagte: Sie sind gerade 20 Jahre jünger als ich; Sie ant-
500 1337 2364 1455 worteten: Und wir beabsichtigen auch ferner diese Distanz von einan-
497 1413 2364 1534 der ku halten.- So ist es gegangen. Die Distanz ist geblieben, eine
500 1534 1574 1640 seelische Entfernung nicht eingetreten.
512 1578 2423 1736 Ich habe Sie nie vergessen, mich immer mit Ihnen beschäftigt,
500 1714 2327 1857 und auch Sie gedenken freundlich meiner, obwohl wir uns nur selten
490 1822 712 1913 sahen.
761 1839 2275 1980 Hier hat man in der vorigen Saison versucht, zwei Ihrer
463 1968 2396 2096 Stücke zu spielen, ich sah das eine, das Stück über den Schauspieler,
488 2051 2396 2160 das sehr gefiel und nicht übel gegeben wurde. Jetzt wird wieder etwas
483 2140 2330 2243 von Ihnen, an einem anderen Theater, gespielt werden. Man hat hier
500 2226 2317 2344 leider immer weniger Kunstverstand; doch werden Sie geschätzt; nur
497 2322 2344 2435 sagt unsere unglaublich idiotische Kritik, Sie seien von Peter Man-
500 2408 2426 2524 sen beeinflusst. Ich glaube, Sie schrieben, bevor Sie seinen Namen ge-
505 2497 1662 2627 hört hatten. Und wo wäre die Aehnlichkeit!
761 2573 2440 2706 Nansens Tod war die Veranlassung Ihres guten Briefes. Dieser
463 2677 2342 2805 Tod hat mich tief ergriffen, so tief, dass es mirist, als lebte er
517 2753 2440 2869 noch. Mir gegenüber ein sonderbarer Mensch. Dreissig Jahre hat er mich
510 2827 2396 2999 gekannt, und in 25 mir nie näher getreten. In seinen beiden Ehen war
510 2908 2438 3105 ich nie in sein Haus getreten, ich habe nicht einmal in einem flüchti-
3970 153 4149 266 age
4689 224 5026 357 et de Adrasse)
4016 345 4171 502 2
4733 428 5031 544 (18.9.18.)
3997 581 4159 709 G.C.F.P.
3418 630 5174 803 gen Besuch je seine Wohnung gesehen. Dann plötzlich in den fünf-
3430 758 5233 904 sechs letzten Lebensjahren schloss er sich mit einer Innigkeit an
3423 847 5297 983 mich dass ich eine Art Hauptperson in seiner Gedankenwelt wurde,
3418 928 5245 1054 er widmete mir öffentlich seine Bücher, schrieb öfters über mich -
3411 1032 5056 1175 natürlich meistens irrtümlich - aber mit dem besten Willen.
3775 1103 5294 1239 Es war sehr, sehr traurig, die Abnahme seiner Kräfte zu
3415 1187 4341 1327 verfolgen. Man litt fast mit ihm.
3758 1313 5334 1423 Und doch ertrinkt dies Einzelne in dem allgemeinen Jammer
3398 1379 5358 1519 der Menschheit. Glauben Sie nicht auch, dass diese Kugel, Erde genannt,
3406 1468 5302 1601 in dem Weltall den Record bestialischer Stupidität geschlagen hat? Es
3396 1537 5289 1670 scheint mir unmöglich, dass ein anderer globus von dümmeren und ekel-
3403 1630 4529 1773 hafteren Wesen bewohnt sein kann.
3709 1726 5240 1864 Ab und zu werde ich von Oesterreichern aufgesucht, aber
3386 1800 5260 1953 es ist zuletzt unerträglich, von seinen Landsleuten als Gebrauchsge-
3381 1896 5294 2032 genstand, von Fremden als Sehenswürdigkeit aufgesucht zu werden. Wenn
3383 1975 5255 2130 vierzig Briefe und 12 Bände pro Tag mit der Post kommen, und wenn es
3391 2076 5260 2233 alle drei Minuten an der Türe schellt, so ist es unmöglich, nicht zu
3364 2169 3595 2261 wüthen.
4223 2209 5038 2322 auf wird Sie hoffentlich finden
3388 2288 5302 2406 Sie irren sich völlig, wenn Sie glauben, dass ich hier für
3361 2366 5312 2490 einen Vertreter dänischen Geistesleben gelte. Die Zeit ist längst vorü-
3361 2462 5307 2591 ber. Ich habe mich von allem äusseren Leben zurückhezogen, um zu arbei-
3364 2546 5287 2652 ten, und betrachte es als meine einzige Aufgabe, der nordischen Jugend
3364 2618 5299 2731 gegenüber, sie mir vom Halse zu halten. Ich überlasse anderen die Freu-
3359 2724 5285 2856 den des öffentlichen Vortrags und des Beifallklatschens.
3361 2797 5287 2921 Ihre Frau Gemahlin war mir in Wie 1913 eine liebe Wirtin.
3349 2884 5331 3012 Ich sage ihr meinen Dank. Hoffe, dass Sie Freude an den Kindern haben. Ich
3359 2992 5282 3088 habe ein paar kleine Enkel, 10 und 5 Jahre, die selten hier sind, aber
3790 3056 4058 3142 die bedau
3342 3073 3974 3221 sehr lieb. Ihr Freund
4233 3130 4642 3218 Georg Brandes.
