5863 3608
1103 413 1325 571 -.2 -
1605 428 2218 576 1/4.12.1915.)
1718 546 2490 682 Kopenhagen, 13. Dezember 1915
569 700 2418 813 Die grosse Maschine, die ich über Goethe machte, wurde schnell (in
579 806 2455 920 diesem kleinen Land) in 3,500 Exemplaren verkauft. Eine neue Auflage
584 890 2463 984 ein wenig verbessert, ist erschienen. Es sind zwei recht dicke Bände.
569 972 2549 1078 Ausserdem habe ich viele grössere und kleinere Artikel über die Zu-
571 1048 2131 1165 stände - leider in unserer Geheimsprache - geschrieben.
2255 1076 2433 1177 G.F.P.
571 1145 2475 1268 Peter Nansen, den Sie kennen, hat seine Produktion wieder aufgenommen
571 1239 2413 1335 und u.a.eine nicht unbedeutende grössere Novelle erscheinen lassen.
571 1338 2401 1441 Selbst liegt er leider krank. Er hat zu viele Zigaretten geraucht,
541 1427 2406 1521 zuviel Whisky getrunken, sein Herz scheint gelitten zu haben, er hat
556 1516 2522 1617 seit 3ä4 Wochen ein schwaches Fieber, das nicht weichen will. Ich liebe
556 1610 2510 1713 ihn sehr und bin um ihn bekümmert.
554 1704 2406 1802 Liebster Freund, empfehlen Sie mich den Ihrigen und bleiben Sie mir
566 1778 2448 1862 gut.ammenfassen zu sollen. Ueber die Feierlichkeiten denke ich natür-
613 1857 2383 1968 lich wie Sie. Da ich die 20 Jahre älter bin gewiss mit nach grös-
670 1941 1308 2067 Georg Brandes.
821 2047 2379 2158 as Sie über die Kritiker sagen, erstaunt mich nicht; ich
596 2131 2396 2233 kenne nichts widerlieberes und dümres. Lassalle sagt: "Zwei Arten
596 2213 2413 2307 von Menschen sind mir vor allem verhasst: Journalisten und Juden
581 2314 2426 2455 und ich bin beides.“ - Ich hasse die xxritiker und veruchte sie, be-
596 2386 1380 2497 sonders die moralisierenden.
744 2440 2364 2611 Einen Punkt muss ich beantworten, eine schwache Anspielung.
584 2576 2398 2673 Sie sagen, ich wisse wohl jetzt mehr über den Krieg als im Anfang.
588 2648 2354 2794 Einst schrieben Sie mir ebenfalls, ich solle doch nicht glauben,
596 2764 1392 2868 in Wien herrsche Haugersnot,
774 2848 1666 2960 Ich vergaan damale zu antworten.
732 2932 2379 3031 Irrend ein erbärmlicher Wicht von Journalist, der in einem
571 3029 2371 3160 däsischen Blatt irgend einen der gewöhnlichen idiatischen Artikel
588 3105 2371 3214 von einem sogenannt russischen Korrespondenten gelesen hatte, be-
601 3204 2379 3308 kam den Einfall, in Anfang des Krieges, mich deshalb anzugreifen,
3466 455 3902 581 1 1/2 1/4 „ „ — „
4584 534 5383 663 Kopenhagen, 13. Dezember 1915
3887 695 4366 794 Verehrter Freund.
3511 774 5289 920 Es war mir eine angenehme Ueberaschung, so bald von Ihnen
3499 883 5321 984 zu hören. Ich erwartete das nicht. Ich bin leider bettlägerig. Sie
3486 972 5442 1058 wissen als Arzt, wie langwierig dies verdammte Uebel ist, gegen welches
3486 1058 5331 1169 das Serum erst zehn Jahre nach meinem Tode gefunden wird. Warme Um-
3486 1165 5331 1271 schläge imponieren den Bezillen nicht, und ich kann ihnen das nicht
3486 1234 4213 1343 verdenken.
3481 1333 5304 1444 Peter Nansen soll besser sein. Es ist nur eine Bronchitis, die ein
3491 1437 5385 1545 schwaches Fieber verursacht.
3654 1511 5422 1597 Sie haben ja völlig und unbestrittenes Recht, wenn Sie behaupten,
3471 1622 5400 1721 als Dramatiker nicht mit irgend einer ihrer Persönlichkeiten identisch
3474 1696 5318 1798 zu sein. Aber die Schlosszene scheint mir jedoch den Totaleindruck
3471 1800 5341 1884 zusammenfassen zu sollen. Ueber die Feierlichkeiten denke ich natür-
3486 1869 5269 1961 lich wie Sie. Da ich die 20 Jahre älter bin gewiss mit noch grös-
3471 1951 4201 2079 serem Widerwillen als Sie.
4638 1968 4994 2077 Georg Brandes
3657 2047 5244 2154 Was Sie über die Kritiker sagen, erstaunt mich nicht; ich
3462 2134 5276 2238 kenne nichts widerlicheres und dümmres. Lassalle sagt:“Zwei Arten
3469 2230 5304 2327 von Menschen sind mir vor allem verhasst : Journalisten und Juden -
3462 2319 5301 2458 und ich bin beides.“ - Ich hasse die "ritiker und verachte sie, be-
3469 2413 4253 2490 sonders die moralisierenden.
3612 2440 5237 2591 Einen Punkt muss ich beantworten, eine schwache Anspielung.
3452 2584 5261 2685 Sie sagen, ich wisse wohl jetzt mehr über den Krieg als im Anfang.
3457 2673 5222 2747 Einst schrieben Sie mir ebenfalls, ich solle doch nicht glauben,
3469 2732 4248 2858 in Wien herrsche Hungersnot.
3642 2829 4542 2955 Ich vergass damals zu antworten.
3635 2935 5252 3029 Irgend ein erhärmlicher Wicht von Journalist, der in einem
3444 3009 5234 3130 dänischen Blatt irgend einen der gewöhnlichen idictischen Artikel
3449 3128 5244 3224 von einem sogenannt russischen Korrespondenten gelesen hatte, be-
3454 3217 5271 3355 kam den Einfall, im Anfang des Krieges, mich deshalb anzugreifen.
