5850 3594
1545 335 2047 451 Villa San Remigie,
1599 421 2385 552 Kopenhagen: 24. Juli 1906.
1597 512 1964 596 Ende Juni 190
1050 680 1510 803 Verehrter Freund.
594 801 2405 904 Seien Sie bedankte Verehrter Freund.
631 889 2424 1005 ger meiner erinnern und mir die Freude bereiten, jedes neue Buch,
557 966 2434 1057 Ich möchte Sie einen Tag ein paar Stunden besuchen, wenn Sie noch
559 1064 2459 1185 in Marienlyst sind. Ich glaube, der beste Zug von hier ist der,
567 1146 2417 1284 der circa um 6 Uhr in Helsingör ist. Passt Ihnen das? Etwa Samstag?
584 1271 2407 1358 Ich habe Ihr Buch auf einer kölesen, langsam und sorgfältig
606 1333 2483 1441 Giorg Brandes.
604 1409 2476 1547 Ich bin traurig, dass ich Ihnen nie ein Buch von ähnlichem Interesse
616 1532 2454 1653 von mir hätte schicken können. Und meine Sacham in deutscher Ueber-
613 1611 2503 1727 setzung sind mir ein solches Greuel, dass ich sie nicht ansehen kann.
618 1707 2479 1823 Leider kenne ich nicht Oesterreich oder Wien gut genug, um im Stande
623 1801 2370 1909 zu sein, eine Ansicht darüber zu haben, wie ähnlich das Bild ist,
613 1853 2545 1976 das Sie geben. Es scheint ähnlich. Aber haben Sie nicht zwei Bücher ge-
606 1971 2567 2065 schrieben? Das Verhältnis des jungen Barons zu seiner Geliebten ist eine
616 2042 2555 2168 Sache, und die neue Lage der jüdischen Bevölkerung in Wien durch den xxx
606 2163 2552 2259 Antisemitismus eine andere, die mit der ersteren, scheint mir, in nicht
606 2240 2220 2355 notwendiger Verbindung steht. Die Geliebte ist nicht Jüdin.
618 2348 2461 2449 Das Thema: Die Zärtlichkeit gegen das weibliche Wesen, mit Angst ver-
613 2405 2434 2518 der Ehe versetzt, und die Collisionen, die diese Combination veran-
623 2506 2461 2604 lasst, macht vielleicht ein Buch für sich. Die Zerriessenheit einiger
621 2580 2498 2735 Juden, die unruhigen Begierden einiger junger Jüdinnen, der Snobismus
618 2666 2422 2814 eines jüdischen Jünglings, der Mat und Innigkeit eines andere, die
606 2737 2528 2915 Keckheit, der Leichtsinn und der Ernst der Therese bildenaber zusammen
618 2848 2555 3001 den Kern des Buches, nicht wahr? Ich freue mich über den inneren Reich-
623 2954 2501 3107 tum des Verkes und sehe ja sehr gut die vielen Zusammenhänge (z.B. dass
606 3025 2552 3178 das Wesen der Juden dem Baron unverständlich und doch es ständich ist)
4482 345 4984 451 Villa San Remigio,
4482 426 4725 488 Pallanza,
3636 397 4070 564 1e à 2e 1e rue 11e 1
4725 416 5033 540 dore.
4725 510 4935 621 ni 1908
3521 665 5408 796 Verehrter Freund, Ihre Gestalten wird
3513 776 5354 902 Seien Sie bedankt, dass Sie, obwohl wir uns so selten sehen, sich
3521 884 5388 995 immer meiner erinnern und mir die Freude bereiten, jedes neue Buch,
3521 956 5418 1096 das Sie hervorbringen, aus Ihren eigenen Händen zu erhalten. Es ist
3521 1062 5398 1205 mir, der ich so viele Bücher bekomme, immer ein Fest, wann eines
3526 1168 4036 1274 von Ihnen anlangt.
3533 1202 5332 1358 Ich habe Ihr Buch auf einer Reise gelesen, langsam und sorgfältig
3513 1358 5428 1439 und mit so grossem Interesse, dass jede Unterbrechung mir unlieb war.
3533 1444 5393 1545 Ich bin traurig, dass ich Ihnen nie ein Buch von ähnlichem Interesse
3533 1528 5369 1616 von mir hätte schicken können. Und meine Sachen in deutscher Ueber-
3533 1641 5425 1717 setzung sind mir ein solches Greuel, dass ich sie nicht ansehen kann.
3518 1698 5396 1801 Leider kenne ich nicht Oesterreich oder Wien gut genug, um im Stande
3538 1801 5312 1890 zu sein, eine Ansicht darüber zu haben, wie ähnlich das Bild ist,
3538 1890 5484 1983 das Sie geben. Es scheint ähnlich. Aber haben Sie nicht zwei Bücher ge-
3535 1973 5494 2070 schrieben? Das Verhältnis des jungen Barons zu seiner Geliebten ist eine
3538 2067 5516 2161 Sache, und die neue Lage der jüdischen Bevölkerung in Wien durch den xxx
3521 2126 5499 2247 Antisemitismus eine andere, die mit der ersteren, scheint mir, in nicht
3538 2259 5157 2343 notwendiger Verbindung steht. Die Geliebte ist nicht Jüdin,
3538 2343 5405 2429 Das Thema: Die Zärtlichkeit gegen das weibliche Wesen, mit Angst vor
3538 2429 5381 2523 der Ehe versetzt, und die Collisionen, die diese Combination veran-
3538 2520 5398 2614 lasst, macht vielleicht ein Buch für sich. Die Zerrissenheit einiger
3533 2609 5433 2703 Juden, die unruhigen Begierden einiger junger Jüdinnen, der Snobismus
3533 2683 5364 2796 eines jüdischen Jünglings, der Mut und Innigkeit eines andere, die
3533 2789 5455 2883 Keckheit, der Leichtsinn und der Ernst der Therese bildenaber zusammen
3533 2868 5479 2976 den Kern des Buches, nicht wahr? Ich freue mich über den inneren Reich-
3545 2966 5433 3060 tum des Verkes und sehe ja sehr gut die vielen Zusammenhänge (z.B. dass
3533 3030 5492 3161 das Wesen der Juden dem Baron unverständlich und doch verständlich ist)
