5768 3607
1488 437 2019 565 Wien, 20.11.1912.
1253 477 1727 587 Skagen, Dänemark
1253 575 1427 634 Adress
1260 550 1773 737 25.9.1912.
744 710 1380 850 Verehrter Freund.
602 811 2191 938 Da es zehn oder elf Jahre her ist, dass ich in Wien war,
415 909 2370 1017 habe ich um einen Vorwand zu haben, es wiederzusehen, mich engagieren
432 992 2363 1115 lassen, ein Paar erbärmliche Vorträge zwischen 20. und 23. November dort
422 1091 2299 1191 zu halten (Urania). Da nun Sie ein Hauptstück von meinem Wien sind,
432 1194 2358 1280 möchte ich gerne wissen, ob Sie wohl zu der Zeit sich im Wien befinden
427 1265 2287 1371 (nur auf einer Karte antworten). Ich möchte noch gerne Beer-Hofmann
422 1361 2284 1454 und Wassermann und Hofmannsthal sehen, die ja alle Wiener sind; Sie
1484 1447 1722 1560 eorg Brau
432 1447 1420 1560 sind aber für mich die Hauptperson.
928 1538 1457 1660 Ihr sehr ergebener
1407 1624 1827 1749 Georg Brandes.
4362 354 4986 479 Taarmina, 5. März 1913.
3328 437 4890 592 Wien. 20.11.1912.
3736 540 4453 663 Mein verehrtester Freund.
3498 690 5170 847 Ich ein lieber Schnitsleropole, Taormisa Ihren liebens-
3360 811 5254 919 würdigen Brief, der mir zeugt, dass ich Unrecht hatte zu glauben, was
3368 897 5220 1005 Sie schade, dass Sie weggehen, wenn ich komme. Ich will
3360 995 5323 1105 natürlich mit grosser Freude Freitag Abend bei Ihnen sein.
3360 1064 5232 1177 Ich soll heute Abend, morgen und Sonnabend reden, habe also
3360 1164 5232 1272 eben Freitag frei. Glauben Sie doch nicht, dass man sich um miehen
3368 1258 5281 1380 reisst, ich werde sehr still hier einige Tage leben. Dass ich vor Mo-
3355 1348 5104 1452 naten den PhotographIhr alterierennd Ihnen mein Bild zu senden.
3417 1437 5242 1547 Es geht mir mit Ihnen heute, Georg Brandes, entlich mit meinem
3372 1503 5310 1656 Liebsten Freundin geht, die augenblicklich auf einer Seereise begriffen
3358 1604 5220 1734 sich in Hongkeng befindet. Wenn Ihre Antworten kommen, verstehe ich
3360 1717 4957 1825 sie kaum, weil ich meine alten Briefe ganz vergessen habe.
3515 1813 5269 1906 Ich war nach Paris in Pall anza, Rom. Neapel, Falermo und länge-
3343 1894 5313 1992 re Zeit in Tunis, das mir sehr gefiel, trotz des ungünstigsten Wetters.
3544 1960 5242 2076 Ich soll im April in Neapel und Rom reden, denke etwa am 1. Mai
3360 2063 5183 2176 in Kopenhagen zurück zu sein. Hier bleibe ich ungefähr drei Wochen.
3355 2166 4399 2279 Hier habe ich endlich Sonne gefunden.
3522 2240 5276 2356 Habe ich mich auch unrichtig ausgedrückt, kennen Sie wenigstens
3333 2338 4782 2444 nicht meine freundschaftliche Gesinnung bezweifeln.
3473 2429 5232 2540 Ihre werte und liebe Frau Gemahlin und die beiden mir so lieben
3348 2510 4605 2645 Beer-Hofmanne bitte ich an mich zu erinnern.
4095 2599 4510 2717 Ihr ergebener
4475 2672 4915 2807 Georg Brandes.
