5822 3578
1673 412 1979 534 G.C.R.S.
931 417 1179 544 1er, p.
1271 422 1492 554 18/1
645 506 931 626 Brandes
1549 499 2351 621 Kopenhagen 10. Dezember 1924.
650 675 1370 787 Mein liebster Schnitzler.
861 752 2540 901 Viel Arbeit und lang dauernde wenn auch nicht schwere Krank-
648 849 2450 978 heit, die noch nicht vorüber ist, haben mich verhindert, Ihnen in
648 938 2535 1048 Dank mein Herz auszuschütten. Irgend jemand, der von Ihnen kam, oder
660 1043 2545 1182 auf Sie sich berief, war neulich bei mir. Wie er hiess, habe ich ver-
650 1147 879 1236 gessen.
2264 1189 2465 1256 on heeft
856 1189 2468 1353 Ich habe Ihnen für zwei Bücher zu danken. Besonders fü das
640 1301 2545 1413 erste die Komödie der Verführung gibt viel zu denken, über den Reich-
648 1383 2473 1519 tum und die Tiefe Ihrer Erfahrungen, vielleicht noch mehr über die
648 1470 2545 1596 Fülle und Geschmeidigkeit Ihrer Erfindungskraft, die ich am meisten
653 1581 2569 1743 bewundere, weil sie mir völlig fehlt. Man bewundert wohl immer am
648 1648 1887 1745 meisten Fähigkeiten, die uns verweigert sind.
648 1745 2473 1862 Ich habe mit Ueberraschung gesehen, dass Ihre paar kurzen
636 1825 2495 1949 Aufenthalte in unserem kleinen langweiligen Land Ihre Plantasie in
648 1941 2515 2033 Bewegung gesetzt hat, und dass sogar die Nordküste von Seeland unter
648 2008 1949 2108 Ihren Händen einen Zauberschimmer erhalten hat.
856 2105 2497 2224 Sie sind ein grosser Menschenkenner, besonders ein Frauen-
640 2177 2408 2306 kenner wie wenige. Meine Erfahrungen stimmen nicht immer mit den
636 2269 2470 2393 Ihrigen überein. Aber der Menschenschlag war verschieden, ich habe
636 2383 2485 2460 meist Skandinvinnen und Russinnen gekannt, nie Oesterreicherinnen.
636 2475 2619 2579 Die wenigen dieser Nation, die ich getroffen habe, waren sehr prosaisch;
636 2537 1877 2644 alle Ihre Frauen habeneine poetische Aurcole.
874 2634 2485 2751 Das andere Buch, dessen erzählende Form an Ihr Meisterwerk
623 2736 2495 2835 über den Leutnant Gustl erinnert, ist ganz einfach aufgebaut, durch
640 2845 2582 2917 traurige Wahrheit ergreifend, Sie haben den tragischen Ausgang gewollt,
636 2909 2468 3019 haben dem armen Mädchen die Auswege versperrt. Am feinsten scheint
623 3001 2619 3108 mir in der Erzähling die Lebenslust, die das junge Mädchen an den Vetter
3719 397 3893 504 Brande
4459 427 5459 564 ###, (10.12.24.)
3706 432 4061 573 - 2 -
3701 556 4009 665 Hochverehrte
3533 621 5345 772 und an den Fred zieht. Warum sind Sie so hart gewesen, sie sterben
3535 762 5332 854 zu lassen!-... Ihnen xxx.
3704 832 5350 941 Sie werden bemerkt haben, dass die Jahre zwischen 80 und 90
3535 931 5397 1033 nicht die Blütezeit der Weiber ist. Sie ist ja leider auch nicht die
3540 1005 4992 1105 der Männer, wenn man sich auch gern Illusionen macht.
3749 1100 5340 1206 Ich habe ein paar Bücher über das 18. Jahrhundert in Frank-
3535 1199 5372 1288 reich herausgegeben über Talleyrand, übergau etc., aber ich habe
3535 1286 5362 1383 bisher die Uebersetzug verhindert, da die Form noch nicht endgültig
3547 1318 5484 1465 ist. In der letzten Zeit habe ich ein Buch auf dem Stapel, das beweisen
3535 1447 5372 1559 will, dass das Leben Jesu (ngefähr wie dass Leben Wilhelm Tells) nur
3540 1490 5491 1643 Sage ist. Ich habe ein paar Kapitel schon veröffentlicht und werde bald
3535 1631 5479 1745 damit zu Ende sein, erwarte nur Rückkehr der Gesundheit. Es wird leider
3535 1718 4329 1832 viel Geheul verursachen.
4424 1715 4630 1827 tenburg.
4697 1763 4948 1827 dire Adress
3776 1807 5402 1916 Dieser Brief ist ein sehr schwacher Ausdruck meiner freund-
3535 1892 5437 1991 schaftlichen Gefühle. Mit den Jahren blieben wenige zurück, mit denen
3535 1974 5377 2130 man sich geistig verwandt fühlt, und von denen man etwas lernt. Sie
3552 2070 4769 2204 sind einer von diesen ganz wenigen für mich.
4828 2085 5330 2175 Sie auf das Herzliche
3783 2177 5427 2294 Jemand sagte mir, ein Buch, das ich 1918 über Cäsar schrieb,
3535 2267 5417 2353 sei deutsch erschienen. Ich habe weder ein Exemplar noch ein Honorar
4635 2334 5097 2453 G.Rung, Sekretär.
3535 2368 3821 2468 gesehen.-
4240 2510 4657 2649 Georg Brandes
