2851 3592
2335 301 2432 417 20
1620 359 2151 439 Schloss Strzebowitz
1630 422 1935 512 Schlesien, O
1930 422 2241 536 (30.4.1900)
1222 434 1353 543 1, 1
2393 531 2503 628 sten
580 529 1819 621 Liebster! Ich habe Ihren Brief und ich habe das
555 534 2367 696 mein Wien. Ich habe Sie sehr lieb und freue mich, dass wir Freunde
1460 633 2253 737 und tief. Ein ganz klein wenig
810 650 1416 742 gelesen. Er ist so wahr
570 696 715 800 sind.
1508 708 1664 786 wesen
1035 715 1482 795 vielleicht den Vin-
764 723 946 800 Sie dos
672 711 2299 892 Ich las jetzt im Bett einige Bücher: Drames de famille, die
1089 827 1712 883 e Enttäuschung erfahren
589 837 703 897 l'a de
563 798 2476 975 Bourget mir schickte, trotzdem er so katholisch geworden ist; die zwei
1363 909 1627 970 dite xxx
1096 919 1181 972 G. P.
567 914 2510 1067 grossen Erzählungen, die in unseren nordischen Blättern übel besprochen
565 985 2486 1154 werden, gefielen mir sehr, wenn auch nicht die moralisierende Schreib-
1540 1091 1637 1147 G.F.P:
575 1089 2454 1242 weise, doch Stoff und Ausführung. Dann las ich einen deutschen Roman,
1419 1179 1586 1237 Buch is
1055 1193 1164 1254 den!
575 1174 2362 1334 der mir geschickt wurde und der mir gut scheint, Wilhelm Hegeler,
1244 1268 1678 1339 frau, sehr fein ge
567 1276 2515 1426 Ingenieur Horstmann, eine sehr tüchtige Leistung. Mit Interesse las ich
1552 1360 1688 1414 halber
1244 1363 1501 1423 18.von hie
977 1390 1077 1421 tout les
575 1351 2522 1537 Balzacs Briefe A L'Etrangère d.h. an seine zukünftige Frau in der ersten
1358 1448 2391 1518 und ein paar Stunden für mich übrig ha-
580 1501 1193 1617 vollständigen Ausgabe.
1562 1511 1729 1593 mais
1225 1533 1392 1603 Ottags
713 1513 2505 1651 Es war amüsant, den Ton in Lanokoronskis Rund um die Welt mit dem
711 1632 1593 1695 als bleiben. Sonst reise ich durch
589 1632 2476 1756 in unseres Freundes Goldmanns zu vergleichen. Goldmann hat mehr Geist
1656 1714 1744 1773 a 2
1045 1727 1237 1785 Freund;
844 1731 989 1787 P.F.
614 1741 728 1799 Bitte
589 1707 2493 1841 und Herz, der Graf hat viel mehr gesehen und (erstaunlich!) er hat da-
582 1807 1792 1942 rin ein gutes Iyrisches Gedicht geschrieben.
1523 1877 1860 1955 Georg Brandes
713 1925 2440 2005 Es ist trist, so oft und lange krank zu sein. Ich bin ganz aus-
594 1979 2466 2124 ser stande, irgend eine ordentliche Arbeit vorzunehmen, meine tägliche
1693 2064 1867 2122 meiner
584 2083 2454 2209 Arbeit besteht allein darin, die Ausgabe sämmtlichen Schriften
589 2212 1499 2313 zu verbessern und zu korrigieren.
1072 2289 1377 2391 Ihr Freund
1353 2357 1753 2461 Georg Brandes
