5748 3593
1815 449 2064 525 26.8.190
1164 422 2111 600 (22) Kopenhagen, 16. Juni 1901
1520 566 1769 695 asgade 55.
954 705 1476 844 Verehrter Freund.
676 766 2408 947 Zwar ist Krotkaja ein Monolog - es gibt aber so viele Monologe,
683 913 2445 1047 Flauberts St. Antoinenist auch ein Monolog – aber das kleine Buch
671 1000 2479 1122 hat gar keine Formähnlichkeit mit der Ihrigen. Les lauriers sont
671 1086 2457 1240 coupés las ich vor - 16 Jahren glaub ich, als die Erzählung in la
664 1179 2455 1320 Revue Indépendante stand, und es machte mir einen starken und ori-
649 1274 2399 1410 ginellen Eindruck, aber das Einzelne hab ich vergessen. Ich kam
637 1369 2442 1503 zwar durch Wien, blieb aber dort nur zwei Stunden. Ich hatte eine
651 1442 2438 1586 Scheu, Sie wieder aufzusuchen. Ich finde mich selbst sehr oft für
637 1527 2506 1681 Fremde ermüdend, fuhr deshalb nur durch; ich war bewegt, unaufgelegt
622 1632 2447 1752 zum Sprechen. Durch Ihre Güte erhielt ich Renate Fuchs; es ist ein
630 1718 2430 1845 starkes Buch, aber die Grundidee so willkürlich, das Nachtwandern
622 1813 2491 1918 der Heldin. Das Beste sind die Details, scheint mir, die vielen tie-
627 1871 2501 2023 fen Reflexionen. Im Ganzen jedoch Kunst-Kunst, nicht Kunst -Natur. Ist
620 1974 2008 2098 es nicht wahr? Aber der Mann hat sehr viel Talent.
620 2069 2489 2196 Hier haben wir scheussliches Wetter, fast Winter. Mitte Juli gehe ich
612 2159 2460 2308 nach Karlsbad, ich habe mit Georges Clemenceau verabredet, ihn dort
605 2235 944 2335 zu treffen.
891 2318 1391 2462 Von ganzem Herzen
1423 2530 1845 2640 Georg Brandes.
4341 373 5002 539 Mittwoch, 26.6.1901
4107 364 4292 544 220
4402 483 4636 569 i’b.7.190
4302 525 4968 664 Havnegade 55.Kopenhagen
3860 683 4595 852 Verehrter Herr Schnitzler!
4402 815 4573 930 beim Vortrag
3528 820 5248 1017 Ich kenne Sie ein wenig durch die Freundschaft, die mein Vater
3523 964 5383 1108 für Sie hegt; ich habe ausserdem alle Ihre Schriften gelesen. Recht
3523 1069 5346 1198 sehr würden Sie mich verpflichten, wollten Sie mir für mein Album,
3528 1139 4482 1261 worin eine Menge grosser Männer ge
4487 1176 5449 1303 chrieben haben, ein Paar Zeilen
3511 1225 4485 1349 senden. zu haben; aber Sie nehmen die
4387 1276 5402 1398 men, auch nicht geistreicher zu sein /
3538 1288 4380 1444 Thregrosee Bewunderin
3536 1342 5463 1532 als wie Sie es jeden Tag ohne Anstrengung sind. In meinem Album finden
3538 1464 5495 1576 sich so spirituelle Sachen, wie "Edith Brandes, einmal" und ähnliches
3543 1525 5424 1674 Für eine beliebige Zelle bin ich dankbar. Es würde mir schwer fallen
3540 1640 5412 1754 Ihnen zu sagen, welches von Ihren Büchern mir am besten gefällt; - in
3555 1732 4485 1869 jedem findet sich so viel Schönes.
3631 1815 4819 1979 Mit besten Grüssen von meinem Papa und mir
4768 1886 5183 2023 Edith Brandes.
