5784 3576
1970 443 2149 565 de la fois en l'auteur.
476 455 643 567 in)
1179 438 1360 577 6
1477 581 2173 674 Kopenhagen, 28. Dez. 1897
1739 648 1958 724 25.1.18
1580 660 1985 798 Residenz-Rotel
984 901 1534 996 Lieber Herr Doctor.
1024 965 1611 1096 Liebster Herr Doctor,
619 1015 2478 1167 Ich werde im Anfang Januar von hier reisen und vielleicht gegen die
612 1165 2442 1258 Mitte des Monats auf der Reise südwärts in Wien ankommen können. Ob
619 1256 2471 1363 ich die Stadt einige Tage besuche, hängt zum Theil davon ab, ob ich
600 1356 2516 1444 Sie und Herrn Hofmann-Beer in Wien treffen werde; ich kenne nur weni-
619 1432 1901 1561 ge Personen dort. Um eine Zeile bittet deshalb
1556 1601 1958 1711 Ihr ergebener
1916 1684 2323 1813 Georg Brandes
608 1794 1911 1911 Nennen Sie mir ein gutes und angenehmes Hotel.
3264 438 3452 558 17/1
3593 434 3802 534 „ „
4212 450 4443 598 7
4474 619 4689 727 Wien, 25
4443 715 4689 820 Residen
3886 963 4529 1077 Liebster Herr Doctor,
3771 1024 5432 1175 Ich bin hier und würde mich freuen Sie zu sehen noch heute,
3548 1144 5337 1275 wenn es geht sagen Sie mir ob und wann ich Ihnen willkommen bin.
4453 1341 4908 1496 Georg Brandes.
