5846 3608
1057 444 1257 564 1
1422 449 2352 594 Kopenhagen, 19. Dez. 1917
1590 552 2233 690 Kopenhagen, 18. Sept. 18.
572 703 1289 828 Verehrter, lieber Freund.
606 801 2477 937 Lieber, v. Niemand ist treu und liebenswürdig wie Sie. Obwohl ich nie
564 915 2497 1030 in der Lage bin, Vergelt zu üben, senden Sie mir fortwährend Ihre Er-
562 1006 2485 1102 zählungen und Schauspiele, diexxx mir so viel Freude bereiten. Nun das
564 1097 2534 1208 letzte Mal Fink und Fliederbusch, ein heiteres Stück in trauriger Zeit,
577 1178 2497 1299 nicht ohne satirischen Stachel, aber dennoch human. Ein Franzose sagte:
584 1279 1531 1388 "L'age mûr méprise avec tolérance."
828 1361 2497 1464 Wäre ich so glücklich all das was ich geschrieben haben, seit
577 1467 2485 1555 wir uns sahen, würde es eine stattliche Reihe Bücher ausmachen, nicht
577 1543 2472 1654 weniger als 7 schwere Bände. Mein Buch über den Weltkrieg erreicht in
577 1649 2448 1743 diesen Tagen hier die vierte Ausgabe, hat in Nordamerika zwei. Die
584 1735 2467 1829 Bückereiber Goethe, über Voltaire u.s.w. sind gut gegangen. Ein Buch,
577 1817 2448 1901 worin ich meinen letzten Essays und Reden gesammelt habe, war in nur
564 1888 2509 2002 14 Tage ausverkauft. Seit April bin ich damit beschäftigt, eine grosse
577 2011 2438 2098 Maschine über meinen vergötterten Gajus Julius Cäsar zu fabrizieren,
572 2083 2507 2184 wird wohl auch ein paar? Bände werden. Der Stoff ist s ehr umfangreich,
562 2167 2430 2283 römisches Leben von ca. 120 bis c. 40, aber er fesselt mich sehr. Bin
564 2273 2490 2359 ich doch kein Erfinder, nur ein enthusiastischer Forscher. Ich hoffe,
569 2342 2549 2460 dass es Ihnen und den Ihrigen, auch unseren wenigen gemeinsamen Freunden
574 2428 2406 2541 wohl geht. an einem anderen Theater, gespielt werden. Man hat hier
587 2514 2401 2628 leider immer weniger KunstversChad; desh weiden Sie geschätzt; nur
589 2610 2438 2734 sagt unsere unglaublich fdictisch Georg Brandes.seien von Peter Man-
594 2702 2480 2827 sen beeinflusst. Ich glaube. Sie schrieben, bevor Sie seinen Namen xxx
589 2800 1834 2899 hört hatten. Und wo wäre die Aehnlichkeit!
841 2891 2502 2997 Hausens Tod war die Veranlassung Ihres guten Briefes. Dieser
577 2988 2416 3099 Tod hat mich tief ergriffen, so tief, dass es minist, als lebte er
594 3047 2544 3200 noch. Mir gegenüber ein sonderbarer Mensch. Breissig Jahre hat er mich
589 3168 2480 3269 gekannt, und in 25 mir nie näher getreten. In seinen beiden Ehen war
601 3241 2514 3370 ich nie in sein Haus getreten, ich habe nicht einmal in einem flüchti-
4459 555 5137 683 Kopenhagen, 18. Sept. 18.
3468 784 5189 927 Lieber, verehrter Freund.
3493 905 5388 1028 Mein Trieb war, augenblicklich einen so herzlichen Brief zu
3493 1008 5327 1122 beantworten. Es war mir nicht möglich Zeit zu finden. Endlich nach
3483 1094 5401 1200 anderthalb Jahren Arbeit sind die zwei Bände über Cäsar, der erste von
3498 1188 5297 1289 500, der andere von 600 Seiten grossen Formats, vollendet, und ich
3478 1279 4171 1395 kann au fatmen.
4324 1287 4634 1393 raurig, die
4871 1277 5292 1393 seiner Kräfte x
3493 1380 5297 1464 Erinnern Sie sich einmal vor Jahren, es war eben an Ihrem
3483 1452 5334 1560 Geburtstag und Sie waren so freudlich gewesen, mich zu Tisch einzu-
3493 1548 5322 1652 lasen; ich sagte: Sie sind gerade 20 Jahre jünger als ich; Sie ant-
3481 1642 5327 1733 worteten: Und wir beabsichtigen auch ferner diese Distanz von einan-
3486 1723 5339 1839 der zu halten.- So ist es gegangen. Die Distanz ist geblieben, eine
3486 1819 4550 1928 seelische Entfernung nicht eingetreten.
3725 1868 5388 2011 Ich habe Sie nie vergessen, mich immer mit Ihnen beschäftigt,
3476 1989 5310 2105 und auch Sie gedenken freundlich meiner, obwohl wir uns nur selten
3481 2090 3700 2194 sahen.
4341 2083 5317 2194 würdigkeit aufgesucht zu werden. Von
3749 2105 3902 2189 G.H.F.P.
3964 2088 4277 2189 den als Sehe
3468 2172 5317 2283 Hier hat man in der voigen Saison versucht, zwei Ihrer
3478 2268 5366 2374 Stücke zu spielen, ich sah das eine, das Stück über den Schauspieler,
3486 2354 5369 2455 das sehr gefiel und nicht übel gegeben wurde. Jetzt wird wieder etwas
3468 2430 5369 2532 von Ihnen, an einem anderen Theater, gespielt werden. Man hat hier
3486 2527 5381 2640 leider immer weniger Kunstverstand; doch werden Sie geschätzt; nur
3486 2618 5388 2736 sagt unsere unglaublich idiotische Kritik, Sie seien von Peter Man-
3468 2707 5369 2813 sen beeinflusst. Ich glaube, Sie schrieben, bevor Sie seinen Namen ge-
3476 2795 5388 2906 hört hatten. Und wo wäre die Aehnlichkeit!
3463 2909 5393 3000 Hausens Tod war die Veranlassung Ihres guten Briefes. Dieser
3476 2988 5371 3079 Tod hat mich tief ergriffen, so tief, dass es mirist, als lebte er
3481 3081 5425 3172 noch. Mir gegenüber ein sonderbarer Mensch. Breissig Jahre hat er mich
3481 3145 5379 3278 gekannt, und in 25 mir nie näher getreten. In seinen beiden Ehen war
3453 3237 5376 3392 ich nie in sein Haus getreten, ich habe nicht einmal in einem flüchti-
4358 3315 4762 3426 Georg Braades.
3744 3328 4065 3431 Ihr Freund
