5784 3593
1171 379 2014 556 Kopenhagen, 16. Juni 1901
916 416 1093 544 mais le
1571 570 2175 700 Abbazia, 22.Mai 1901
847 679 1365 790 Verehrter Freund.
575 755 2331 887 Zwar ist Krotkaja ein Moneleg - es gibt aber so viele Könnlege,
629 831 2378 973 Lamberts St. Anteine Verehrter Freund, xxx aber das kleine Buch
613 930 2369 1058 Welch ein vorzügliches undoriginelles Buch Sie dort geschrieben
667 1032 2380 1157 aben. Eine ganze Psychologie in einer Museschale. Der Schluss xxx
613 1124 2378 1240 ist etwas willkürlich, wenn auch amüsant.
610 1235 2388 1332 Ich verlasse heute Abbazia. Hier war es sehr schön.
618 1287 2416 1448 zwar durch Wien, blieb aber d Ihr ergebener Stunden. Ich hatte eine
592 1370 2423 1524 Schau, Sie wieder aufzusuchen. Ich finde möch.B. selbst sehr oft für
620 1458 2496 1609 Fremde ermüdend, fuhr deshalb nur durch; ich war bewegt, usaufgelegt
618 1545 2449 1718 zum Sprechen. Durch Ihre Güte erhielt ich Renate Fuchs; es ist ein
606 1654 2423 1808 starkes Buch, aber die Gründide so willkürlich, das Nachtwandern
625 1727 2477 1874 der Heldin. Das Beste sind die Details, scheint mir, die vielen tie-
601 1820 2503 1962 fen Reflexionen. Im Ganzen jedoch Kunst-Kunst, nicht Kunst -Matur. Ist
629 1907 2014 2080 es nicht wahr? Aber der Mann hat sehr viel Talest.
641 1981 2508 2165 Hier haben wir scheussliches Wetter, fast Winter. Mitte Juli gehe ich
625 2087 2477 2241 nach Karlsbad, ich habe mit Georges Gismesceau verabredet, ihn dort
641 2227 956 2364 zu treffen.
944 2262 1446 2447 Von ganzen Herzen
1484 2475 1898 2601 Georg Brandes.
4240 360 4964 556 Köpenhagen, 16. Juni 1901
4321 549 4971 698 Havnegade 55. Köpenhagen
3803 679 4304 800 Verehrter Freund.
3526 750 5279 904 Zwar ist Krotkaja ein Monolog - es gibt aber so viele Monologe,
3547 840 5307 1003 Flauberts St. Antoine ist auch ein Monolog - aber das kleine Buch
3542 932 5307 1110 hat gar keine Formähnlichkeit mit der Ihrigen. Les lauriers sont
3554 1010 5355 1188 coupés las ich vor - 16 Jahren glaub ich, als die Erzählung in la
3554 1103 5355 1273 Revue Indépendante stand, und es machte mir einen starken und ori-
3566 1197 5355 1370 ginellen Eindruck, aber das Einzelne hab ich vergessen. Ich kam
3547 1273 5352 1427 zwar durch Wien, blieb aber dort nur zwei Stunden. Ich hatte eine
3566 1365 5343 1552 Scheu, Sie wieder aufzusuchen. Ich finde mich selbst sehr oft für
3561 1451 5428 1614 Fremde ermüdend, fuhr deshalb nur durch; ich war bewegt, unaufgelegt
3573 1543 5388 1701 zum Sprechen. Durch Ihre Güte erhielt ich Renate Fuchs; es ist ein
3559 1637 5364 1794 starkes Buch, aber die Grundidee so willkürlich, das Nachtwandern
3571 1727 5435 1888 der Heldin. Das Beste sind die Details, scheint mir, die vielen tie-
3580 1822 5438 1959 fen Reflexionen. Im Ganzen jedoch Kunst-Kunst, nicht Kunst -Natur. Ist
3573 1940 4955 2061 es nicht wahr? Aber der Mann hat sehr viel Talent.
3573 1995 5452 2130 Hier haben wir scheussliches Wetter, fast Winter. Mitte Juli gehe ich
3590 2106 5407 2246 nach Karlsbad, ich habe mit Georges Clemenceau verabredet, ihn dort
3583 2224 3919 2376 zu treffen.
3883 2321 4380 2425 Von ganzem Herzen
4420 2475 4858 2582 Georg Brandes.
