5828 3576
1544 304 1958 446 10. März 99.
4170 304 4840 434 Kopenhagen, 10. März 99.
885 404 1474 541 Von tädtigen und wäre, nachricht zu erheben.
3748 429 4070 536 1 1 1/4 12
4541 424 4853 561 (20.3.93)
810 511 1945 638 Kopenhagen, 22.1.1899
3688 524 4352 633 Liebster Dr. Schnitzler.
4743 606 5167 706 rei Monate ver-
1885 603 2274 711 Monate ver-
589 594 1736 693 Ich bin leider noch im Bett; bald sind jetzt
3466 616 4691 753 Ich bin leider noch im Bett; bald sind jetzt
1980 723 2327 803 n eine Karte
3287 736 5217 815 gangen. Ich schreibe Ihnen heute, weil ich Jemandem gestern eine Karte
404 686 1439 840 Lieber Herr Doctor!
3282 808 5152 915 für Sie gab und nicht will, dass Sie sich dadurch im Geringsten ver-
389 800 2347 915 Es war ein Fehler von mir, dass ich nicht für die Novvellensemm-
3282 865 5115 993 pflichtet glauben sollen. Es war mir nicht möglich Hein zu sagen. Er
416 905 2342 1020 lung dankte, ich habe sie mit grosser Aufmerksamkeit gelesen. Für mich
3294 958 5157 1077 ist der dänische Schriftsteller Karl Larsen, ein talentvoller Mensch,
421 993 2282 1102 ist die Novelle, die zuerst in Cosmonolis stand - ich erinnere mich
3282 1050 5127 1157 gewissenhafter Psycholog, sehr feinhörig in allem Sprachlichen ein
404 1090 2292 1175 nicht des Titels - ein Meisterwerk erstaunlich wahr und packend; nur
3299 1137 5229 1257 wahrer Phonograph, aber langweilig, weil er immer nur von sich spricht,
409 1182 2264 1274 ein (sehr kleiner) Fehler gegen den Schluss, dass die Frau zuletzt
3282 1224 5080 1369 immer nur en seinen literarischen Vortheil denkt und Kritiken und
401 1272 2234 1367 elles gesteht. Als ob Frauen je geständen, wenn keine Beweise vor-
3282 1314 5187 1419 öffentliches Lob haben will. Sie kennen den Typus. Aber er kann Ihnen
397 1354 2297 1451 liegen, und wenn sie keinem absolut überlegenen Mann gegenüberstehen!
3287 1409 4556 1539 jedenfalls einen Gruss aus Kopenhagen bringen.
404 1421 1469 1534 Ein wahres Meisterwerk ist es dennoch.
3479 1494 5234 1606 So entzückt ich war über Ihr letztes grösseres Schauspiel - ich
581 1504 2294 1628 Meine Gedichte! Was soll ich darüber sagen. Lesen Sie Dänisch,
3282 1579 5282 1686 entsinne mich des Titels nicht - wo der junge Mann im ersten Akt stirbt -
404 1596 2279 1711 so werden Sie einräumen, dass zwei oder drei sehr gut sind "Reconve-
3282 1688 5192 1805 so fremd ist mir der kl. Einakter, den Sie mir kürzlich schickten. Ich
404 1703 2237 1783 lesent-Besuch" und "HeraldHaarhager in Finmarken", Es ist eine Art
3282 1781 5249 1893 weiss ja nicht, ob irgend eine historische Notiz zu Grunde liegt, sohst
406 1786 2264 1883 Jugend-Tagebuch.- Ich liege noch immer zu Bett, schon 5 Wochen, Sie
3282 1870 5187 1985 aber kommt die Idee mir sonderbar vor, dass vornehme Leute - seien sie
406 1878 2414 1988 wissen ja, was Venenentzündung ist. Doch ist es diesmal anscheinend nicht
3282 1968 5282 2062 auch noch so abgespannt – eine Kneipe besuchen sollten um sich von Schau¬
409 1965 651 2070 schlimm.
2170 2045 2324 2165 peut
3279 2045 5212 2142 spielern resolutionäre Scenen vorspielen zu lassen. Es ist so verdammt
1000 2052 1401 2170 Beste Grüsse
392 2140 968 2254 künstlich, so kauskla
3287 2142 4883 2249 künstlich, so "ausklamüstirt" wie die Norddeutschen sagen.
1354 2135 1781 2249 G.B.
3466 2227 5234 2327 Sonst wissen Sie, dass ich in Sie verliebt bin und alles was Sie
401 2222 2287 2334 Sie haben wohl meinen Protest gegen die Ausweisung der Dänen gelesen
3282 2317 5274 2416 machen gut finde und jede Gelegenheit ergreife Sie mündlich und schrift-
387 2332 2334 2421 oder auch nicht. 100 Zeitungen aller Länder haben ihn abgedruckt, aber
3282 2406 3736 2514 lich zu preisen.
397 2414 1319 2509 die Neue Freie ist ja preussisch.
3466 2484 5259 2598 Ist es nicht sonderbar? Mein so ruhiges und würdiges Montfest an
3282 2584 5282 2676 die Deutschen haben sowohl die Neue freie Presse wie die Frankfurter Zei-
404 2571 721 2691 die Deutsche
988 2571 1666 2688 sich wohl die Neue freie Presse
2160 2571 2387 2666 ter Zei-
3292 2656 5274 2768 tung abgewiesen. Nun versuche ich mein Glück bei Barth's Die Nation. Ich
404 2678 2377 2771 tung abgewiesen. Nun versuche ich mein Glück bei Berth's Die Nation. Ich
3287 2763 5267 2875 lasse es in allen Sprachen sonst erscheinen. Es ist ein Bögen gross über
404 2758 2372 2890 lasse es in allen Sprechen sonst erscheinen. Es ist ein Bügen gross über
3287 2860 3953 2980 die schleswigsche Sache.
397 2850 1062 2968 die schleswigsche Sache.
