5866 3576
766 397 1047 493 Brandes.
1939 411 2560 547 Kopenhagen 17.2.1925.
1434 372 1853 567 11 49
540 411 700 549 14 / 1
766 463 958 581 standes.
1799 517 2380 631 Salzburg, Oesterr. Hof.
1776 574 2042 663 24.5.1925
761 559 1330 668 Hochverehrter Herr.
1146 626 2518 759 Dr.Georg Brandes bittet Sie dringend ihm nicht zu
761 747 2609 838 verübeln, dass er Ihnen diesmal nicht persönlich schreibt. Die be-
754 835 2552 931 vorstehende Vortragsreise nimmt die Zeit des Doktors derartig in
756 926 2540 1020 Anspruch, dass er sich zu müde ist seine Correspondenz selber zu
771 1003 1005 1116 führen.
1146 1084 2639 1205 Dr. Brandes beauftragt mich deshalb, Ihnen, hochverehr-
769 1188 2658 1291 ter Herr, zu sagen, dass es ihm eine ganz besondere Freude sein wird,
766 1271 2614 1390 sich mit Ihnen irgendwo zusammen zu treffen. Der erste Vortrag soll
754 1362 2577 1463 in Berlin am 25. März stattfinden, der zweite folgt innerhalb einer
756 1451 2597 1552 Woche. Dr. Brandes weiss noch nicht in welchem Hotel er wohnen wird,
754 1545 2651 1641 weil sein Impresario dies für ihn errangieren wird. Dr.Brandes bittet
737 1629 2486 1747 Sie deshalb die Güte haben zu wollen, bei diesem Herrn. J. Span,
739 1720 2589 1843 Berinerstrasse 149 Charlottenburg, Ihre Adresse abzugeben, so dass
732 1799 2567 1919 er sich gleich nach seiner Ankunft mit Ihnen in Verbindung setzen
742 1887 914 1988 kann.
1008 1981 2552 2107 Dr.Brandes bittet Sie nur seiner Ergebenheit und warmen
739 2067 2575 2198 Freundschaft versichert zu sein und grüsst Sie auf das Herzlichste.
1192 2168 1801 2264 rzüglicher Hochachtung
1192 2244 1811 2358 Dr.Georg Brandes
1693 2309 2205 2449 G.Rung, Sekretär.
4413 399 4602 557 50
5455 357 5667 547 57
4760 421 5270 542 G.C.R.H.F.S.
3701 419 3952 586 Brandes.
4753 512 4942 594 Salzbusten.
4979 517 5351 658 5, Oesterr.Hof.
4735 559 4960 655 24.5.19
3691 562 4615 774 Hochverehrter Herr Dr. Schnitzler.
4918 646 5568 769 xxx gegen mich im Wien. Ich
3861 742 5595 843 Dr.Brandes dankt Ihnen ergebenst für Ihren freundlichen
3688 769 5667 921 Brief. Wie Sie wahrscheinlich aus den Zeitungen erfahren haben, erkrank-
3693 929 5536 1022 te Dr. Brandes gleich nach seiner Ankunft hier an Bronchitis, und es
3688 1010 5632 1121 sah für ein paar Tage recht ernst aus, aber glücklicherweise ist es gut
3686 1067 5551 1210 gegangen, die Krankheit ist beinahe vorüber und morgen wird er, wenn
3676 1175 5529 1301 das Wetter schön bleibt, spazie ren fahren.- Mit Ausnahme der ersten
3693 1271 5580 1394 Woche hat die Sonne jeden Tagen von einem wolkenlosen Himmel niederge-
3678 1340 5516 1463 schienen und Salzburg hat sich in aller ihrer Schönheit dargeboten;
3676 1441 5610 1550 die Stadt ist ja entzückend und ich hoffe, dass Dr.Brandes bald imstan-
3676 1528 5566 1663 de sein wird, kleinere Ausflüge zu machen und etwas von der Schönheit
3669 1616 4048 1732 zu geniessen.
4001 1680 5506 1831 Dr.Brandes beauftragt mich Sie zu sagen, dass auch für
3661 1749 5479 1909 ihn war das Zusammensein mit Ihnen hochverehrter Herr Doktor, eine
3661 1877 5529 2008 grosse Freude, und dass er sich bei Ihnen ausserordentliche wohl be-
3664 1981 5551 2119 funden habe. Er würde sich sehr freuen, wenn Sie, wie Sie andeuteten,
3656 2060 4555 2171 im Herbst nach Kopenhagen kämen.
3947 2161 5506 2279 Ich möchte gerne die Gelegenheit benützen und Ihnen, ver-
3656 2198 5556 2382 ehrter und lieber Herr Doktor, vom Herzen danken für die schönen Stun-
3651 2348 5553 2444 den, die ich bei Ihnen verbrachte.
3917 2432 5524 2552 Mit besten Grüssen von Dr.Brandes und Ihrer
5078 2545 5484 2649 Gertrude Rung.
4021 2523 4363 2644 änderten Ums
3940 2624 4753 2722 Sie waren sehr lieb so wohl
4935 2624 5425 2730 das Begleitung wie
5139 2700 5462 2806 58 missing
3932 2762 5484 2924 Leider reist jetzt Frau Hung mit ihrem Gatten und Copies
3659 2875 5605 3021 Cousine auf 6 Wochen nach Italien. Ich kann ohne sie meine Korrespondenz
3651 2974 4154 3082 nicht bewältigen.
3908 3021 5531 3171 Sie wissen kaum, wie dankbar ich mich im Innersten für Ihre
3676 3149 4903 3282 vieljährige Freundschaft fühle. Ihr Georg Dr.
