5771 3594
1834 275 2109 392 (6.10.11)
1596 389 2134 548 genügende Adresse)
1049 414 1405 560 Kope
1594 466 1847 590 er 1911.
803 672 2345 796 Verehrter und lieber Freund.
912 781 2360 882 sir der eigentliche Vertreter dieses Geistes.-3 Ihr
595 875 2390 984 Graf Prozor, russischer Diplomat, vieljähriger Uebersetzer Ibsens
488 964 2387 1091 ins Französische - er hat zur Frau eine schwedische Gräfin und kennt
488 1004 2390 1175 unsere Sprachen - hat eine Tochter, die durch die Wirksamkeit des Va-
493 1158 2152 1249 ters Ibsen-Enthusiastin und Ibsen-Darstellerin geworden ist.
491 1257 1943 1356 Fräulein Prozor soll am12.ten in Wien Hedda spielen.
488 1282 2325 1443 Der Vater hat mich wiederholt gebeten, ihr die Bahn zu ebenen durch
498 1415 2347 1534 einen Artikel in der N.fr.Presse. Ich antwortete ihm 1) dass ich in
496 1507 2273 1633 keinerlei Verbindung mit der N.fr.Presse stehe 2) dass ich seine
511 1594 2407 1700 Tochter xxx nie gesehen habe. Er gibt nicht nach, fleht immer als al-
498 1688 2042 1785 ter Freund, ich möge jemand in Wien seinethalber plagen.
511 1730 2437 1904 Ich kenne Niemand, der mit Theatersachen irgendwie in Berührung steht,
506 1889 952 2005 als Sie allein.
511 1936 2491 2060 Meine Bitte ist also: fordern Sie, lieber Freund und in Wien gewiss nicht
508 2015 2370 2154 ohnmächtiger Meister, irgend einen Journalisten auf, das Frl. Prozor
523 2137 2342 2251 (in der Truppe von Susanne Depfës) zu interviewen und für sie ein
521 2228 1222 2355 wenig Stimmung zu machen.
511 2318 957 2444 Dies ma corvée.
528 2377 2486 2521 Aber ich mag nicht dieslangweilige Zeug abschicken ohne Ihnen aufs Neue
523 2459 2494 2583 zu sagen, wie lieb ich Sie trotz der Entfernung und meines Alters habe,
530 2588 1462 2704 und wie gerne ich Sie wiedersähe.
530 2650 2504 2776 Ich habe in Italien, Frankreich und Dänemark in diesem Frühjahr  3 Mona-
533 2727 2521 2870 te durch Venenentzündung verloren. Ich war jetzt in Schottland, weil die
540 2833 2471 2967 Universität St. Andreas mich à l'occasion seines 500 jährigen Bestehens
540 2910 2533 3041 zum Ehrendoktor ernannt hatte. So sah ich allerlei Malerisches in Schott
540 3049 711 3160 land,
3852 270 4038 404 - 2 -
4705 275 4995 421 (6.10.11)
4397 407 4568 481 Kopen Fürch, in Wien u. Wien in den Härzern
4928 414 5156 553 avoegade
4397 419 4841 570 19. Oktober 1911.
3423 689 5240 803 Ich weiss gedoch, dass andrer Geist in Wien als in Edinburgh ist,
3436 786 5337 892 und Sie sind mir der eigentliche Vertreter dieses Geistes.-Ö Ihr
3431 890 5339 1006 in alter Freundschaft ergebner xxx sehr empfänglich
3465 989 5379 1066 Georg Brandes.
3413 1044 5300 1195 Ich habe leider Ihre Adresse vergessen, was den Brief verspäten wird.
3574 1145 5252 1286 Disse Menschen, die Sie dort darstellen, stehen vor Augen als
3455 1232 5295 1361 wirkliche individualitäten, voll und rund und originell, mit Eigen-
3448 1346 5270 1458 schaften und Eigenheiten, die ein Ensemble ausmachen. Die Nebenfi-
3455 1415 5362 1537 guren wie Nauter, oder die amüsant Karikierten, wie Rhon und Serknitz,
3458 1497 5260 1631 sind nicht weniger unvergesslich, als die tiefeinnig studierten und
3448 1591 5255 1715 rätselvollen wie Friedrich, Genia und die eine ganze Seele, Erna.
3455 1678 5270 1772 Ich würde nichts darüber schreiben können, das etwas hinzufügte an
3455 1770 5265 1919 die Wirkung, und nichts, das irgend etwas erklärte, denn alles er-
3448 1879 4130 1998 klärt sich von selbst.
3569 1919 5317 2067 Sie lieben es, die Nebentriebe und Nebenpassionen zu verfolgen,
3448 2030 5235 2174 die Sprüge und Seitensprünge des Gefehlsiebens, alles Getheilte,
3455 2129 5307 2253 das von dem Hauptstamm sich ablöst, auszubreiten. Die Welt, so gese-
3443 2246 5349 2352 hen, ist auf eine spezielle Weize traurig. Meiner Gefühlert nach ware,
3436 2303 5267 2437 um das Bild zu supplieren, auch das Erhebende, das ab und zu, wenn
3443 2419 5295 2501 auch sehr selten uns begegnet, ich meine: das, was das Leben ertrag-
3448 2486 5243 2608 lich machte, mit in Rechenschaft zu ziehen. Ich bin, glaub ich, im
3448 2578 5193 2682 Canzen peseimistischer als Sie, aber dennoch empfinde ich einige
3443 2662 5349 2779 Ruhepunkte, und man muss das, soll man sich nicht töten. Man muss z.B.
3455 2764 5272 2870 jemand vertrauen können; in der hier vorgeführten sehr reichen und
3431 2860 5300 2992 schillernden Welt, ist aber jedes Vertrauen unmöglich; alle arbeiten
3436 2930 4549 3041 sich von ihren Neigungen und Bänden los.
