5768 3607
1456 349 2108 499 Taormina, 5. März 1913.
1205 414 1355 557 1/1    11
823 510 2241 660 Mein verehrtester Freund. openhagen. 23. August 1914
1757 600 1975 725 0.9.14.
628 675 2284 836 Ich erhalte hier (Hotel Métropole, Taormina) Ihren liebens-
457 798 2357 919 würdigen Brief, der mir zeugt, dass ich Unrecht hatte zu glauben, was
412 899 2327 1022 die Professorin Zuckerkandl mir in Wien über den Anlass Ihres Schau-
422 1007 2435 1092 spiels erzählte: Ich bitte Sie meinen Irrtum zuentschuldigen. Man sollte
427 1077 2226 1182 nie Vertrauen an dergleichen Mitteilungen haben.
414 1185 2342 1280 Ich habe nie die Uebersetzung jenes vor Monaten geschriebenen
452 1252 2377 1370 Artikels gesehen, und ich hatte sogar ganz vergessen, dass ich vor Mo-
452 1350 2214 1451 naten den Photographien in Paris bat, Ihnen mein Bild zu senden.
404 1451 2347 1541 Es geht mir mit Ihnen heute, wie es mir wöchentlich mit meiner
424 1506 2425 1644 liebsten Freundin geht, die augenblicklich auf einer Seereise begriffen,
469 1629 2327 1737 sich in Hongkong befindet. Wenn Ihre Antworten kommen, verstehe ich
444 1707 2269 1820 sie kaum, weil ich meine alten Briefe ganz vergessen habe.
439 1797 2382 1895 Ich war nach Paris in Pallanza, Rom, Neapel, Palermo und länge-
414 1888 2400 1990 Kre Zeit in Tunis, das mir sehr gefiel, trotz des ungünstigsten Wetters.
499 1983 2359 2076 Ich soll im April in Neapel und Rom reden, denke etwa am 1.Mai
439 2083 2307 2186 in Kopenhagen zurück zu sein. Hier bleibe ich ungefähr drei Wochen.
427 2159 2302 2251 Hier habe ich endlich Sonne gefunden.
414 2226 2357 2362 Habe ich mich auch unrichtig ausgedrückt, können Sie wenigstens
414 2342 1875 2440 Dienicht meine freundschaftliche Gesinnung bezweifeln.
517 2435 2327 2530 Ihre verte und liebe Frau Gemahlin und die beiden mir so lieben
427 2525 2274 2623 Beer-Hofmanns bitte ich an mich zu erinnern.
414 2615 2259 2716 schlug die dänische Akademie Ihr ergebeneraften mich einstimmig zum
414 2688 2196 2811 Hebelpreis vor und hat nie später einen andeGeorg Brandes. machen
414 2764 2322 2899 wollen. Die Schweden aber, die mich hassen, weil ich einen russischen
422 2844 2379 2979 Flüchtling, der in Stockholm gefesselt war, gegen Auslieferung schützte,
422 2937 2382 3062 haben erklärt, dass von mir nie die Rede sein konnte. So impopulär bis
412 3045 2284 3173 ich dort. Sie sehen also dass ich ganz ausser Lage bin, jemand offi-
427 3153 899 3286 zielle zu empfehle
572 3155 2322 3381 Viertens: Ich kenne indessen privat einige einflussreiche mit-
4704 369 5090 545 [23.8.1918.]
4227 387 4699 560 V. Männerin Nr. 31.
3373 382 3863 565 1 1/2  =  =
4654 520 5171 640 Noa, 23. August 1914
4415 522 4661 660 Kopenhas
3383 550 4889 725 glieder der Akademie und ich werde ihnen schreiben. 14.
3544 703 5216 833 Verehrter und lieber Freund. Kein xxx
3396 813 5233 916 Erst jetzt erhalte ich Ihren Schweizer Brief vom 3. August.Er
3306 904 5191 1019 war zwanzig Tage unterwegs. Ich brauche kaum zu sagen, wie gern ich
3318 1004 5226 1102 etwas für Sie tun möchte. Sie wissen, wie lieb ich Sie habe und wie
3323 1079 5251 1190 sehr ich Sie schätze. Leider bin ich nicht der rechte Mann. Ich bin
3318 1185 5289 1285 in der schwedischen Akademie ganz unbeliebt. Erstens: ich glaube nicht,
3318 1270 5301 1358 dass der Schwede der Ihnen von Gesterreich sprach, wirklich etwas wusste
3336 1360 5294 1448 Jedes Jahr werden völlig unrichtige Gerüchte in Umlauf gesetzt. Die
3323 1431 5301 1541 Eingeweihten dürfen nichts sagen. Der Preis wird 1914 gar nicht verteilt
3323 1534 5268 1631 erst Frühling 1915. Man hat November abgeschafft, Juni eingeführt.
3419 1621 5274 1722 Zweitens: Man fragt nicht speziell im Ministerium oder in der Aka-
3336 1689 5281 1820 demie. Jedes Jahr haben alle Mitglieder deiner Universität und alle
3331 1792 5301 1893 Mitglieder der Akademien des Landes eine Stimme. So haben hier Universi-
3348 1882 5218 2003 tätsprofessoren und Akademiemitglieder jeder eine Stimme.
3431 1980 5251 2118 Ich habe keine. Denn obwohl Ehrendoktor an schottischen Universt-
3343 2061 5263 2179 täten und Ehrenmitglied der amtrikanischen Akademie der Wissenschaften
3331 2144 5231 2259 und Künste, der italienischen, der norwegischen. der Royal Society u.
3348 2226 5231 2349 s.w. bin ich nicht einmal ordinäres Mitglied der dänischen
3331 2339 4473 2445 Universität. Bin also nie gefragt worden.
3444 2432 5276 2545 Drittens: Schon vor zehn Jahren schlugen viele fremde Schriftstel-
3336 2500 5221 2625 1er (u.a.Anatole France) mich zum Nobelpreis vor; schon vor 9 Jahren
3348 2623 5206 2708 schlug die dänische Akademie der Wissenschaften mich einstimmig zum
3336 2693 5130 2799 Robelpreis vor und hat nie später einen anderen Vorschlag machen
3341 2746 5268 2919 wollen. Die Schweden aber, die mich hassen, weil ich einen russischen
3343 2846 5316 2982 Flüchtling, der in Stockholm gefesselt war, gegen Auslieferung schützte,
3341 2969 5276 3067 haben erklärt, dass von mir nie die Rede sein konnte. So impopulär bin
3331 3032 5218 3190 ich dort. Sie sehen also dass ich ganz ausser Lage bin, jemand offi-
3351 3150 3896 3296 ziell zu empfehlen.
3511 3205 5251 3376 Vierteäß! Ich kenne indessen privat einige einflussreiche Mit-
