5846 3608
1078 415 1314 549 2 -
663 435 942 563 V.J.I.C.V. 1e.
1788 444 2154 595 (10.12.24.)
653 542 896 665 Brandes.
719 670 2545 804 und an den Fred zieht. Warum sind Sie so hart gewesen, sie sterben
661 731 2103 882 zu lassen! ...
916 833 2538 969 Sie werden bemerkt haben, dass die Jahre zwischen 80 und 90
714 923 2591 1052 nicht die Blütezeit der Weiber ist. Sie ist ja leider auch nicht die
707 1010 2169 1139 der Männer, wenn man sich auch gern Illusionen macht.
903 1105 2521 1231 Ich habe ein paar Bücher über das 18. Jahrhundert in Frank-
695 1180 2533 1326 reich herausgegeben über Talleyrand, übernaugen etc., aber ich habe
699 1304 2545 1433 bisher die Uebersetzug verhindert, da die Form noch nicht endgültig
695 1358 2642 1525 ist. In der letzten Zeit habe ich ein Buch auf dem Stapel, das beweisen
687 1455 2526 1588 will, dass das Leben Jesu (ungefähr wie dass Leben Wilhelm Telis) nur
682 1537 2633 1688 Sage ist. Ich habe ein paar Kapitel schon veröffentlicht und werde bald
687 1622 2623 1780 damit zu Ende sein, erwarte nur Rückkehr der Gesundheit. Es wird leider
682 1712 1319 1858 viel Geheul verursachen.
690 1802 860 1902 Sie de
911 1826 2531 1953 Dieser Brief ist ein sehr schwacher Ausdruck meiner freund-
658 1880 2557 2057 schaftlichen Gefühle. Mit den Jahren blieben wenige zurück, mit denen
661 1982 2502 2140 man sich geistig verwandt fühlt, und von denen man etwas lernt. Sie
663 2069 1936 2220 sind einer von diesen ganz wenigen für mich.
886 2183 2538 2315 Jemand sagte mir, ein Buch, das ich 1918 über Cäsar schrieb,
653 2259 2523 2448 sei deutsch erschienen. Ich habe weder ein Exemplar noch ein Honorar
648 2361 930 2441 gesehen.-
1091 2385 1248 2485 G.H.F.P.
1329 2533 1746 2655 Georg Brandes.
3641 449 3835 556 1 1/2
4148 457 4457 576 V. U. E. P.
4717 444 5387 651 Kopenhagen 17.2.1925.
3556 534 3823 670 Brandes.
4568 619 4826 719 24.5.1925
3553 675 4442 816 Hochverehrter Herr.
3930 731 5426 891 Dr.Georg Brandes bittet Sie dringend ihm nicht zu
3563 877 5411 996 verübeln, dass er Ihnen diesmal nicht persönlich schreibt. Die be-
3551 954 5353 1066 vorstehende Vortragsreise nimmt die Zeit des Doktors derartig in
3541 1052 5353 1154 Anspruch, dass er sich zu müde ist seine Correspondenz selber zu
5028 1112 5392 1219 wird er, wenn
3922 1151 4122 1236 Krankhe
3553 1156 3799 1280 führen.
3891 1214 5440 1358 Dr.Brandes beauftragt mich deshalb, Ihnen, hochverehr-
3517 1263 3820 1358 das Wetter
3565 1307 5467 1431 ter Herr, zu sagen, dass es ihm eine ganz besondere Freude sein wird,
3575 1409 5423 1533 sich mit Ihnen irgendwo zusammen zu treffen. Der erste Vortrag soll
3578 1489 5438 1632 in Berlin am 25. März stattfinden, der zweite folgt innerhalb einer
3578 1579 5443 1698 Woche. Dr. Brandes weiss noch nicht in welchem Hotel er wohnen wird,
3578 1656 5487 1790 weil sein Impresario dies für ihn errangieren wird. Dr.Brandes bittet
3590 1778 5375 1870 Sie deshalb die Güte haben zu wollen, bei diesem Herrn. J. Span,
3578 1853 5438 1979 Berinerstrasse 149 Charlottenburg, Ihre Adresse abzugeben, so dass
3587 1933 5419 2084 er sich gleich nach seiner Ankunft mit Ihnen in Verbindung setzen
5159 2026 5416 2125 indeutsten,
4663 2009 4916 2132 ein Sie.
4139 2026 4568 2120 sich sehr freuen
3582 2052 3789 2169 kann.
3850 2103 5399 2227 Dr.Brandes bittet Sie nur seiner Ergebenheit und warmen
3607 2205 5450 2329 Freundschaft versichert zu sein und grüsst Sie auf das Herzlichste.
4241 2285 4685 2387 her Hochachtung
3867 2324 4034 2438 Mit vor
4238 2375 4566 2480 org Brandes
4571 2438 5074 2567 G.Rung, Sekretär.
