5846 3608
1167 438 1437 534 1-2 i-
883 440 1068 584 1e.5
544 430 712 564 P.S.
1629 413 2205 586 m  (5.1.22.)
1565 549 2176 677 ilégade 31, Dr. Meleene!
650 675 2569 858 dieser Zeit nicht genug litten, gehen sie mit zehnfachen Eifer darauf
668 791 2430 959 los, sich gegenseitig das Leben noch sauerer zu machen. nicht
588 875 2574 1034 Ich habe immer Wien in meinen Gedanken, immer mit Mitleid, Trauer
643 957 2529 1125 und Dankbarkeit, Können Sie verstehen, das unser Freund Beer-Hofmann
640 1048 2562 1219 sich mit solcher Leidenschaft an das Judenthum krampft. Es hat mich im
638 1157 2539 1298 Grunde nie interessiert; nur wenn die Juden verfolgt wurden, und wenn
640 1231 2527 1385 sie es werden, habe ich für sie heisses Mitgefühl, wie für alle unge-
635 1333 2497 1496 recht Unterdrückten. Ich kenne nicht einen hebräischen Buchstaben.-Es
626 1412 1632 1560 scheint mir auch von ihm so gewollt.
828 1523 2539 1666 Ich denke mir, Sie haben sich in den späteren Jahren mit Casa-
618 1607 2470 1760 nova beschäftigt am meisten um sich nicht mit dem Gegenwärtigen
618 1696 2492 1847 herumzuschlagen. Wenn der Einzelne seine Ohnmacht fühlt, nützt es ja
613 1788 2562 1911 nichts mitzureden. Deshalb schweige ich selbst, xx wo ich viel zu sagen
608 1874 2455 2000 hätte. Ich habe nicht Frithiof Nansens praktische Begabung so wenig
606 1943 2151 2107 wie sein Ansehen. Er ist durch den Krieg sehr gewachsen.
828 2072 2383 2230 Ich bitte Sie Ihrer Frau Gemahlin meine Huldigung, Ihren
576 2126 1674 2277 Kindern meine Sympathie zu überbringen.
1360 2257 1681 2379 Ihr Freund
1617 2346 2045 2492 Georg Brandes.
4099 440 5269 677 Kopenhagen, Allégade 31, Dr. Meisens Klinik.
3491 692 5437 895 Lieber Schnitzler,- Wegen eines Unwohlseins bin ich seit ein paar
3501 863 5462 1001 Wochen auf einer Klinik. Es ist mir ein wahrer Trauer, Sie nicht in
3504 940 5390 1088 diesen Tagen bei mir empfangen zu können; muss s Sie aber sehen.
3501 1016 5452 1177 Bitte suchen Sie mich morgen Sonnabend etwa um 2 und bleiben Sie
3511 1125 5486 1325 ruhig bis gegen 5. Ihre Vorlesung findet ja erst abends statt.
3803 1231 5091 1338 Mit tausend Grüssen Ihr Freund Georg Brandes.
4369 1291 5074 1424 blieh auf dem Lande (Werst)
5301 1362 5479 1476 G.H.F.P
4347 1385 5180 1503 geht mir sehr gut, wäre mir mit
4349 1444 5417 1600 so kalt und regnerisch. Ich habe recht
3659 1486 3887 1629 er ao acht
4144 1568 4982 1694 eine idie S.Ausgabe meiner alten
3630 1570 4035 1701 viel gearbeitet
4277 1639 5472 1765 entströmungen heraus, in vermehrter und werts
3672 1676 4045 1783 Ihren geschrieben
4233 1726 5261 1849 erstümer aus und füge Zinsenschcheiten
3612 1768 3865 1887 serter Ge¬
4156 1817 5410 1968 eude für mich, Sie wiederzusehen, anscheinend
4094 1921 5420 2023 il das Ungemach, das sich über Land wie üben ganz
3612 1943 3857 2050 angefocht
3605 2025 5444 2136 Europa gestürzt hat. Sie haben augenscheinlich nicht weniger Wider-
3627 2099 5155 2223 standskraft als Ihr jugendlicher Verehrer Georg Brandes.
3588 2188 4923 2341 Grüssen Sie des Sohn, von dem Sie mir sprachen.
