5848 3577
347 330 567 552 D'
966 429 1155 532 P. S.
1461 441 2136 609 Kopenhagen, 26. Mai 1894
870 739 1397 894 Hochgeehrter Herr.
1311 862 1542 983 1 Berlin
828 880 986 990 kürzlich
660 953 2444 1072 Zwei Mal schon haben Sie mich verpflichtet, das erste Mal
623 1067 2358 1173 durch Zusendung Ihres Anatol und jetzt durch Ihr Märchen. Wenn
613 1155 2348 1254 ich nicht gedankt habe, so liegt es nur daran, dass ich täglich
2190 1215 2348 1330 e ere
623 1242 2099 1367 allzu viel Bücher erhalte um mich bedanken zu können.
655 1323 2358 1429 Aber für das Märchen muss ich Ihnen denken. Es ist eine so
618 1407 2370 1515 gute und gediegene Arbeit, wie ein Kritiker sie selten empfängt.
618 1508 2333 1604 Sie haben hier eine viel höhere Stufe erreicht, als in Ihrem
618 1606 2454 1705 früheren Buch. Die Frauengestalten sind alle sehr fein und richtig
648 1678 2358 1796 gezeichnt und die Handlung des Stücke ist gut und logisch ge-
618 1786 828 1870 führt.
1239 1860 1707 2008 Hochachtungsvoll
1360 1996 1555 2107 Ihr
1441 2084 1848 2198 Georg Brandes
3449 424 3669 542 1/1
4085 382 4344 552 11/1    in
4482 374 4706 542 18/1
4307 493 5051 653 Kopenhagen, 22. April 1896
3868 710 4531 870 Verehrter Herr.
4661 685 5102 855 6. Oktober 1895
3723 845 5452 1020 Kürzlich sah ich in Berlin im Deutschen Theater des Schauspiel
3518 941 5433 1119 Liebelei und es drängt mich, Ihnen zu sagen, welch starken Eindruck es
3526 1059 5381 1202 auf mich gemacht hat. Seit langer Zeit habe ich bei einem deutschen
3518 1126 5216 1293 Stück nicht so viel gefühlt. Es hat mich ganz ergriffen. Die
3526 1224 5470 1372 Auffährung, die Sie vermutlich kennen, war ganz auf der Höhe der frama-
3533 1306 5376 1488 tischen Arbeit, Reicher, Rittner, Jarno, besonders die Sorma, alle
4620 1387 5245 1495 ssen. Die Fehler sind d
3538 1461 3866 1572 vorzüglich.
3742 1471 5433 1592 Es ist nicht hübsch von Ihnen, dass Sie mich vergessen haben
3540 1560 5519 1759 in Ihrem Erfolg und mir das Ding nicht sandten, da ich doch alles Andere
3531 1720 3996 1843 von Ihnen habe.
3755 1742 4385 1877 Mit herzlichstem Gruss
3462 1828 3905 1946 nicht geschickt
4213 1833 4420 1993 Ihr
3548 1922 3898 2033 einem Jahre.
4262 1983 4669 2104 Georg Brandes
4415 2084 4605 2235 brandes.
