5816 3594
1646 528 1904 609 18.3.1900
2026 559 2236 638 ehlmarkt
1526 583 1944 695 Hotel Krantz an
2028 619 2231 693 Conntag.
1225 707 1491 860 Telegramm
1166 891 1784 1053 Lieber Dr. Schnitzler!
910 998 2456 1182 Warmsehe ich Sie denn gar nicht dies Mal? Ich habe mich
755 1106 2511 1268 jeden Tag nach Ihnen gesehnt und sehe nur gleichgültige Gesich¬
1285 1383 1722 1512 Georg Brandes.
788 1512 1190 1627 Montag abend?
4214 322 4386 475 61
3674 397 3855 569 P.S.
4534 416 5043 609 Budapest, Retel Rede,
4238 456 4407 604 15
4539 542 4899 671 3. April 1900
4130 705 4441 848 Telegramm
3853 827 4467 987 Liebster Freund Schni
4873 819 5188 948 März 1900
4488 824 4706 977 Ragusa
3693 913 5334 1068 So gerne ich Sie auf der Reise treffen möchte, es wird mir
3545 1013 5427 1180 Wie lange bleiben Sie Liebster in Abbazia? Fürchte nämlich
3554 1104 5465 1273 hier zu lange aufgehalten zu werden.
3578 1180 5446 1362 tag bis Sonntag auf Staatskosten Ungars zu berxxx. xxx die Pro-
3566 1295 5482 1436 vinzen zeigen zu lassen. Ob das amüsant wird, weiss ich nicht, zweif-
3569 1371 5489 1531 le, aber ich kann mir die Gelegenheit nicht entgehen lassen, etwas zu
3583 1495 4768 1646 lernen, das sich mir sonst nicht darbietet.
3695 1471 5420 1749 Wir sehen uns vielleicht noch auf meiner Rückreise durch Wien.
4202 1658 4799 1782 Ihr ergebener Freund
4739 1729 5004 1868 Georg B.
