5784 3576
1000 414 1422 579 F.TrubyKing.
1532 431 2215 599 Kopenhagen, 26.Mai 1894
924 781 1481 919 Hochgeehrter Herr.
710 990 2363 1109 Zwei Mal schon haben Sie mich verpflichtet, das erste Mal
673 1091 2419 1210 durch Zusendung Ihres Anatol und jetzt durch Ihr Märchen. Wenn
670 1168 2444 1296 ich nicht gedankt habe, so liegt es nur daran, dass ich täglich
670 1249 2311 1394 allzu viel Bücher erhalte um mich bedenken zu können.
719 1345 2370 1461 Aber für das Märchen muss ich Ihnen danken. Es ist eine so
668 1436 2459 1564 gute und gediegene Arbeit, wie ein Kritiker sie selten empfängt.
673 1513 2395 1629 Sie haben hier eine viel höhere Stufe erreicht, als in Ihrem
673 1592 2538 1744 früheren Buch. Die Frauengestalten sind alle sehr fein und richtig
702 1715 2429 1835 gezeichnte und die Handlung des Stücks ist gut und logisch ge-
675 1818 862 1939 führt.
1298 1863 1784 2020 Hochachtungsvoll
1518 2104 1917 2235 Georg Brandes
4565 421 4740 535 1,1
4312 517 5043 685 Kopenhagen, 22. April 1896
3861 766 4324 892 Verehrter Herr.
3730 862 5457 1052 Kürzlich sah ich in Berlin im Deutschen Theater das Schauspiel
3518 993 5435 1153 Liebelei und es drängt mich, Ihnen zu sagen, welch starken Eindruck es
3518 1052 5383 1207 auf mich gemacht hat. Seit langer Zeit habe ich bei einem deutschen
3506 1170 5211 1303 Stück nicht so viel gefühlt. Es hat mich ganz ergriffen. Die
3511 1227 5482 1399 Auffährung, die Sie vermutlich kennen, war ganz auf der Höhe der drama-
3533 1335 5386 1488 tischen Arbeit, Reicher, Rittner, Jarno, besonders die Sorma, alle
4361 1468 4528 1540 G.H.F.P.
3538 1493 3871 1589 vorzüglich.
3735 1547 5437 1675 Es ist nicht hübsch von Ihnen, dass Sie mich vergessen haben
3535 1626 5521 1776 in Ihrem Erfolg und mir das Ding nicht sandten, da ich doch alles Andere
3526 1752 4023 1863 von Ihnen habe.
3735 1818 4408 1949 Mit herzlichstem Gruss
4218 1907 4649 2050 Ihr
4272 2040 4674 2146 Georg Brandes
