5846 3608
1197 408 1386 576 P.M.
1539 512 2204 678 Kopenhagen, 11. Juni 23.
665 614 1213 810 Lieber Schnitzler.
912 734 2489 894 Seien Sie bedankt für die Güte, die Sie nicht weniger als
678 879 2525 968 drei Mal einen Patenten aufsuchen liess. Ich war und bin Ihnen von
553 943 2601 1057 ganzem Herzen dankbar. Ich hoffe, dass Sie in Stockholm gute Erfahrun-
548 1034 2525 1139 gen machten. Ich habe leider keine schwedische Zeitung gelesen. Ich
673 1116 2598 1228 habe den Wunsch, dass es Ihnen in der hübschen Stadt gut ging und dass
675 1228 2509 1335 Sie was verdienten. Die schwedische Krone ist viel mehr wert als die
673 1304 2563 1424 dänische.- Ich bin augenblicklich auf dem Lande (Hornbäth,Villalris).
657 1383 2555 1513 um mich zu erholen, und es geht mir sehr gut, wäre nur nicht der Som-
660 1498 2507 1610 mer so schlecht, das Vetter so kalt und regnerisch. Ich habe recht
655 1567 2456 1686 viel gearbeitet, gebe idie 6.Ausgabe meiner alten vor halbhundert
678 1656 2586 1786 Jahren geschriebenen Hauptströmungen heraus, in vermehrter und verbes-
678 1732 2525 1855 serter Gestalt, merze Irrtümer aus und füge Binsenwahrheiten hinzu.-
548 1855 2550 1951 Es war eine wahre Freude für mich, Sie wiederzusehen, anscheinend un-
665 1939 2479 2051 angefochten von all dem Ungemach, das sich über Land wie übr ganz
678 2010 2502 2122 Europa gestürzt hat. Sie haben augenscheinlich nicht weniger Wider-
665 2117 2344 2227 standskraft als Ihr jugendlicher Verehrer Georg Brandes.
660 2196 2300 2326 Grüssen Sie den Sohn, von dem Sie mir sprachen.
1371 2272 2364 2418 chenschlag war verschieden, ich habe
540 2321 1009 2435 Ihrigen überein.
540 2387 2377 2504 meist Skandlmavinnen und Russinnen gekannt, sie Oesterreicherinnen.
540 2456 2479 2647 Die wenigen dieser Nation, die ich getroffen habe, waren sehr prosaisch
632 2553 1791 2690 le Ihre Frauen habeneine postische Aurcole.
780 2626 2410 2767 Das andere Buch, dessen erzählende Form an Ihr Meisterwerk
566 2736 2392 2853 über den Leutnant Gustl erinnert, ist ganz einfach aufgebaut, durch
558 2807 2486 2958 traurige Wahrheit ergreifend. Sie haben den tragischen Ausgang gewollt,
553 2909 2379 3024 haben dem armen Mädchen die Auswege versperrt. Am feinsten scheint
555 3016 2509 3164 mir in der Erzählung die Lebenslust, die das junge Mädchen an den Vetter
3923 438 4129 553 '    1   -
4341 438 5156 647 Kopenhagen 10. Dezember 1924.
3457 532 3712 634 Brandes.
3615 611 4122 731 und an den Fred:-
4112 655 4715 808 leht. Warum sind Sie xxx
3460 685 4122 818 Mein liebster Schnitzler
3671 711 5385 915 Viel Arbeit und lang dauernde wenn auch nicht schwere Krank-
3457 856 5268 1001 heit, die noch nicht vorüber ist, haben mich verhindert, Ihnen in
3460 950 5370 1080 Dank mein Herz auszuschütten. Irgend jemand, der von Ihnen kam, oder
3472 1055 5416 1205 auf Sie sich berief, war neulich bei mir. Wie er hiess, habe ich ver-
4068 1134 4998 1248 ein paar Bücher über das 18. Jahrhu-
3467 1151 4099 1281 gessen.
3559 1208 5411 1332 Ich habe Ihnen für zwei Bücher zu danken. Besonders xxx das
3475 1309 5429 1437 erste die Komödie der Verführung gibt viel zu denken, über den Reich-
3475 1414 5411 1521 tum und die Tiefe Ihrer Erfahrungen, vielleicht noch mehr über die
3467 1470 5495 1610 Fülle und Geschmeidigkeit Ihrer Erfindungskraft, die ich am meisten
4919 1554 5403 1674 ohl immer am
3467 1572 4932 1720 bewundere, weil sie mir völlig fehlt. Man beundert wie
4919 1628 5477 1763 Mlicht und werde sind
3475 1676 5034 1786 meisten Fähigkeiten, die uns verweigert sind.
3684 1748 5472 1878 Ich habe mit Ueberraschung gesehen, dass Ihre paar kurzen
3475 1847 5301 1997 Aufenthalte in unserem kleinen langweiligen Land Ihre Phantasie in
3467 1921 5352 2053 Bewegung gesetzt hat, und dass sogar die Nordküste von Seeland unter
4906 2007 5378 2130 zurück, mit dene
3467 2018 4771 2132 Ihren Händen einen Zauberschimmer erhalten hat,
3681 2079 5340 2232 Sie sind ein grosser Menschenkenner, besonders ein Frauen-
3467 2211 5268 2346 kenner wie wenige. Meine Erfahnungen stimmen nicht immer mit den
3480 2277 5365 2420 Ihrigen überein. Aber der Menschenschlag war verschieden, ich habe
3480 2400 5340 2509 meist Skandinvinnen und Russinnen gekannt, nie Oesterreicherinnen.
3480 2479 5449 2593 Die wenigen dieser Nation, die ich getroffen habe, waren sehr prosaisch;
3485 2560 4733 2690 alle Ihre Frauen habeneine poetische Aureole.
3699 2639 5329 2751 Das andere Buch, dessen erzählende Form an Ihr Meisterwerk
3467 2726 5334 2835 über den Leutnant Gustl erinnert, ist ganz einfach aufgebaut, durch
3485 2828 5434 2947 traurige Wahrheit ergreifend, Sie haben den tragischen Ausgang gewollt,
3465 2930 5365 3047 haben dem armen Mädchen die Auswege versperrt. Am feinsten scheint
3485 3014 5472 3159 mir in der Erzähling die Lebenslust, die das junge Mädchen an den Vetter
