5784 3576
2083 388 2325 514 16.I.97
1107 417 1294 551 - 2 -
1608 453 1766 588 1.°
535 585 2507 749 ich habe eins durch den Tod verloren - lernte ich sie auf die Frage: "Wo
538 701 2465 820 wird man jeden Tag dümmer?" zu antworten den Markt und die Nummer, wo
559 775 2541 936 ich damals wohnte, und sie thaten das mit Brevour. Jetzt werde ich jeden
556 888 2465 1007 Tag dümmer in Havnegade, obwohl ich mehr geschimpft werde als gelobt.
554 957 2428 1091 Sonderbar, ich hatte Sie mir nach „Anatol“ ganz anders vorgestellt,
562 1060 2486 1213 leichtsinnig, frivol, leichtlebig. Sie sind es kaum je gewesen, glaub
564 1149 2441 1273 ich jetzt. Sie sind ja sehr, sehr ernst, für einen Wiener sogar un-
1339 1255 1661 1368 hatte bleibe
569 1257 1049 1389 glaublich ernst.
725 1323 2591 1439 Ich habe eine demütige Bitte an Sie. Lesen Sie einmal mein fürchter-
577 1426 2473 1550 lich dickes Buch über Shakespeare - in dieser grässlichen deutschen
583 1526 2475 1624 Uebersetzung, wo alle Musik der Sprache fort ist und der Sinn nur an-
569 1579 2581 1721 nähernd wiedergegeben und sagen Sie zum Vergelt mir Ihre Meinung darüber.
580 1698 2533 1806 Ich habe dort ein Stück Psychologie kühner Art versucht und die ganze
585 1761 2544 1911 deutsche Kritik hat sich mir überlegen gefühlt; ich verachte aber diese
588 1861 2180 1993 Kritik mehr als sie mich verachtet, und das heisst etwas.
562 1946 2533 2059 Ich war sehr glücklich, heute von Herrn Beer Hofmann Brief zu
585 2051 2526 2188 bekommen, werde ihm sehr schnell schreiben, liebe ihn sehr. Sie und er
596 2141 2607 2283 und Goldmann sind staunenswerth, unerhört, Freunde. Dass es noch so etwas
606 2236 2491 2338 gibt! Was ich derartiges hatte ist längst todt, und ich glaube nicht
606 2338 936 2465 mehr daran.
1281 2491 1687 2639 Georg Tandes
4524 446 5101 564 (etwa 13. Juli 1897)
3685 556 4714 728 Lieber und verehrter Herr Schnitzler!
3480 685 5333 820 Ich kann leider nicht mit eigener Hand Ihren liebenswürdigen Brief
3380 799 5325 923 beantworten. Seit Ende April bin ich krank, habe eine heftige Aderent-
3382 883 5275 981 zündung, die mich zwingt, ganz still zu liegen und habe im Juni eine
3382 975 5315 1083 schwere Lungenentzündung durchgemacht, die mich dem Tode nah brachte.
3382 1049 5349 1163 Jetzt ist die Lunge einigermassen heil, doch in der eigentlichen Krank-
3393 1155 5357 1263 heit ist noch keine Konvalescenz eingetreten. Ich werde voraussichtlich
3393 1231 5338 1360 noch mehr als einen Monat im Bette bleiben müssen. Mein ganzer Sommer
3393 1347 5378 1450 ist dahin. Ich habe grosse Schmerzen ausgestanden und bin noch sehr
3393 1416 5378 1524 leidend. Es freut mich sehr, dass Sie etwas in meinem Buche über Shakes-
3414 1511 5304 1629 peare gefunden haben. Ich lese in dieser Zeit die Korrekturbogen der
3406 1582 5317 1706 zweiten deutschen Ausgabe und bin über die fürchterliche Sprache ganz
3393 1692 5510 1803 erschreckt. Es wimmelt von den plumpsten Missverständnissen meines dänisschen
3406 1779 4903 1895 Textes; ich schreibe um und verbessere ins Unendliche.
3583 1832 5383 1946 Ich bitte Sie Ihre Freunde sehr herzlich von mir zu grüssen. Herr
3406 1961 5404 2062 Goldmann verstummte mir gegenüber plötzlich. Sie sind mir aber alle drei
3406 2056 3775 2170 gleich lieb.
3728 2127 4276 2270 Ihr ganz ergebener
4229 2222 4629 2338 Georg Brandes
