5733 3594
1281 350 1431 500 25
1786 414 2195 566 11. Juli 1906.
1063 581 1637 760 Verehrter Freund.
1962 786 2347 858 wenn Sie noch
635 784 2477 953 Wenn ich Ihre Karte einigermassen richtig dechiffrire - die Schrift
757 899 2426 1066 rätselhaft - so fragen Sie nach meinem Befinden und sagen mir
615 982 884 1044 dass — —
875 970 1725 1076 - Jemand mich grüssen lässt.
735 1027 884 1083 G.H.F.P.
622 1058 2492 1200 Ich bin heute aus dem Spital heraus, nur noch sehr, sehr matt, stol-
627 1156 2114 1281 pere aber umher, um mich ans Gehen wieder zu gewöhnen.
615 1232 2521 1372 Ich wurde sehr gerührt, dass Sie meiner gedacht hatten. Hoffmannsthal
608 1318 2399 1455 schickte mir Thor und Tod. Es ist schön und fein, machte mir aber
605 1431 2399 1568 lange nicht den Eindruck wie die zwei ankisierenden Schauspiele.
600 1504 2416 1637 Ueber Ihre eigenen Arbeiten kam ich das letzte Mal gar nicht dazu,
595 1593 2416 1737 mit Ihnen zu reden, wollte es doch sehr gern. Ich komme wohl eines
593 1681 2474 1842 Tages nach Helsingör und versuche an Ihre Tür zu klopfen. Aber etwas
600 1759 1421 1884 kräftiger muss ich erst sein.
581 1850 2411 2034 Vorläufig soll ich arme Sau Empfangsrede an das Allthing halten.
1328 1953 1757 2063 Ihr erge/benef
1722 2082 2114 2212 Georg Brandes
1806 3158 1975 3261 Von deux
4408 517 4885 635 Ils Sam Remigie,
4410 583 4633 637 l'sma,
4604 593 4768 691 Tere.
4601 649 4861 737 votre ami.
3949 598 4464 735 Verehrter Freund.
3440 791 5250 926 Ich möchte Sie einen Tag ein paar Stunden besuchen, wenn Sie noch
3437 889 5179 1002 in Marienlyst sind. Ich glaube, der beste Zug von hier ist der,
3455 965 5277 1098 der circa um 6 Uhr in Helsingör ist. Passt Ihnen das? Etwa Samstag?
3616 1080 5260 1159 einer erinnern und Ihr ergebener bereiten, jedes neue Buch,
3413 1137 5253 1250 das Sie hervorbringen, aus Ihren eigen Georg Brandes. halten. Es ist
3425 1220 5287 1365 mir, der ich so viele Bücher bekomme, immer ein Fest, wann eines
3418 1311 3935 1436 von Ihnen anlangt.
3413 1343 5214 1512 Ich habe Ihr Buch auf einer Reise gelesen, langsam und sorgfältig
3418 1497 5302 1607 und mit so grossam Interesse, dass jede Unterbrechung mir unlieb war.
3415 1573 5290 1695 Ich bin traurig, dass ich Ihnen nie ein Buch von ähnlichem Interesse
3418 1676 5248 1764 von mir hätte schicken können. Und meine Sachen in deutscher Ueber-
3418 1759 5292 1862 setzung sind mir ein solches Greuel, dass ich sie nicht ansehen kann.
3415 1833 5270 1967 Leider kenne ich nicht Oesterreich oder Wien gut genug, um im Stande
3418 1918 5187 2051 zu sein, eine Ansicht darüber zu haben, wie ähnlich das Bild ist,
3418 2038 5366 2144 das Sie geben. Es scheint ähnlich. Aber haben Sie nicht zwei Bücher ge¬
3418 2112 5378 2225 schrieben? Das Verhältnis des jungen Barone zu seiner Geliebten ist eine
3413 2198 5380 2325 Sache, und die neue Lage der jüdischen Bevölkerung in Wien durch den xxx
3418 2293 5353 2396 Antisemitismus eine andere, die mit der ersteren, scheint mir, in nicht
3413 2362 5025 2499 notwendiger Verbindung steht. Die Geliebte ist nicht Jüdin,
3418 2479 5280 2568 Das Thema: Die Zärtlichkeit gegen das weibliche Wesen, mit Angst vor
3413 2565 5241 2666 der Ehe versetzt, und die Collisionen, die diese Combination veran-
3418 2641 5285 2756 lasst, macht vielleicht ein Buch für sich. Die Zerrissenheit einiger
3410 2715 5228 2859 Juden, die unruhigen Begierden einiger junger Jüdinnen, der Gnobism
3418 2822 5250 2950 eines jüdischen Jünglings, der Mut und Innigkeit eines anderer die
3413 2911 5326 3033 Keckheit, der Leichtsinn und der Ernst der Therese bilden aber zusammen
3413 2974 5363 3131 den Kern des Buches, nicht wahr? Ich freue mich über den inneren Reich-
3425 3085 5321 3207 tum des Werkes und sehe ja sehr gut die vielen Zusammenhänge (z.B. dass
3418 3129 5351 3303 das Wesen der Juden dem Baron unverständlich und doch zu ständich ist)
