5677 3592
1441 392 1899 495 Kommunehospitalen
1453 448 2066 564 Budapest, Hotel Royal
1822 510 2081 601 Kopenhagen
1450 542 2182 726 3. April 1900 30. April 1910.
928 699 1411 847 Verehrter Freund.
781 827 2477 975 Liebster Freund Schnitzler.
625 911 2381 1061 So gerne ich Sie auf der Reise treffen möchte, es wird mir
470 1027 2448 1155 nicht möglich. Ich habe nach längerem Sträuben die Einladung der
488 1111 2443 1266 hiesigen Minister (Handels-und Ackerbau-Minister) angenommen, Donners-
490 1207 2381 1347 tag bis Sonntag auf Staatskosten Ungarn zu bereisen und mir die Pro-
497 1278 2418 1480 vinzen zeigen zu lassen. Ob das amüsant wird, weiss ich nicht, zweif-
497 1391 2394 1578 le, aber ich kann mir die Gelegenheit nicht entgehen lassen, etwas zu
490 1500 2261 1657 lernen, das sich mir sonst nicht darbietet.
712 1544 2379 1704 er sehen uns vielleicht noch auf meiner Rückreise durch Wien.
795 1635 2418 1758 Ihr ergebener Freund
517 1743 1918 1879 mich weder rechts noch links drehen zu kommGeorg B.
771 1815 2470 1960 Dies ist der dritte Frühling, den ich nicht sehe (97,99,1900).
781 1916 2453 2024 Die deutschen Blätter haben Dutzende von Schmähartikeln gegen
525 1995 2408 2137 mich enthalten, weil ich in dem Klub in Budapest, aufgefordert, eine
529 2091 2428 2209 französische Einleitung zu machen (was mir lächerlich vorkam) einfach
529 2167 2477 2298 sagte: "Die Sprache, deren ich mich bediene ist nicht die Ihre und nicht
529 2295 2376 2391 die meine, nicht Ihre Lieblingssprache und nicht diese, doch es
529 2362 2477 2477 ist die, worin wir uns am leichtesten verstehen.“ Das wird ein hämische
525 2465 2430 2581 Angriff auf Deutschland und die deutsche Kultur genannt. Und zwar von
529 2522 2413 2655 anonymen Bengeln, die nicht mehr Anteil an die deutsche Kultur haben
547 2630 2448 2733 als ein alter Stiefel. Die Verachtung, die ich Er die Journalisten he-
534 2706 2398 2834 ge, ist nach und nach so gross, dass ich förmlich einen bitteren Ge-
529 2815 1908 2935 schmack im Munde davon habe, wenn ich daran denke.
766 2889 2455 3029 Ich bin Ihnen und Beer-Hofmann wie gesöhnlich vielen Dank für
534 3002 933 3125 Wien schuldig.
768 3009 2443 3194 Sie beide und Comperzs Haus und Lanckoronskie waren dies mal
4327 364 5105 542 Kommunehospitalel
4718 492 5028 584 Kopenhagen
3406 500 5216 731 mein Wien. Ich habe Sie sehr lieb und freue mich 30. April 1900 und
3408 702 3585 815 sind.
3512 697 4647 894 Ferehrter Freund.
3448 822 5405 978 Sie wundern sich vielleicht, gar nicht von mir gehört zu haben
3435 909 5319 1039 da wir doch verabredet hatten, uns zu treffen und uns jedenfalls in
3440 1022 5388 1167 Wien zu sehen. Aber eben wie ich eine Reise auf Kosten des ungarischen
3440 1108 5378 1234 Staats durch die ungarischen Provinzen antreten sollte, kam meine alte
3440 1177 5339 1320 Krankheit, die Venenentzündung, wieder, ich lag erst 3-4 Tage im
3448 1285 5376 1426 Hotel, reiste dann nach Kopenhagen und habe also den ganzen Monat ver-
3450 1372 5339 1505 loren. Ich habe mich ins Hospital eingelegt um sorgfältige Pflege zu
3440 1485 5299 1603 haben, die Entzündung schien schon zweimal erloschen, kam aber dann
3457 1546 5329 1697 wieder. Ich liege also vorläufig in di ser gelinden Tortur, das Bein
3440 1625 5353 1788 hoch und in der Schiene, auf dem Rücken immer in derselben Lage, ohne
3440 1726 4760 1849 mich weder rechts noch links drehen zu können.
3425 1822 5388 1955 Dies ist der dritte Frühling, den ich nicht sehe (97, 99, 1900)
3566 1896 5385 2029 Die deutschen Blätter haben Dutzende von Schmähartikeln gegen
3452 1992 5341 2123 mich enthalten, weil ich in dem Klub in Budapest, aufgefordert, eine
3452 2101 5358 2221 französische Einleitung zu machen (was mir lächerlich vorkam) einfach
3452 2187 5410 2312 sagte: Die Sprache, deren ich mich bediene ist nicht die Ihre und nicht
3457 2278 5307 2389 die meine, nicht Ihre Lieblingssprache und nicht die meine das
3452 2386 5425 2475 ist die, worin wir uns am leichtesten verstehen." Das wird ein hämischer
3452 2467 5371 2549 Angriff auf Deutschland und die deutsche Kultur genannt. Und zwar von
3452 2551 5317 2647 anonymen Bengeln, die nicht mehr Anteil an die deutsche Kultur haben
3457 2620 5371 2728 als ein alter Stiefel. Die Verachtung, die ich Er die Journalisten he-
3465 2724 5336 2837 ge, ist nach und nach so gross, dass ich förmlich einen bitteren Ge-
3450 2802 4846 2928 schmack im Munde davon habe, wenn ich daran denke.
3699 2864 5383 3024 Ich bin Ihnen und Beer-Hofmann wie gewöhnlich vielen Dank für
3450 2992 3869 3135 Wien schuldig.
3696 3056 5363 3194 Sie beide und Gomperze Haus und Lanckoronskis waren dies mal
