5746 3594
2106 317 2364 450 a. Mai 1901
987 509 1498 614 Verehrter Freund.
715 619 2530 739 Anbei die 30 Gulden. Hier ist überzogen, durchaus nicht sehr warm
734 706 2572 814 und ich durch die Unpünktlichkeit meiner Mitmenschen völlig allein,
715 811 2526 938 mindestens zwei Tage, worüber ich wüte, da ich diese zwei Tage
727 905 2526 1036 vorzüglich in Wien zugebracht haben könnte, während ich mich hier
715 985 1653 1107 über die verlorene Zeit ärgere.
2148 1025 2453 1121 geschrieben
715 1046 2488 1189 Der Weg von Mattuglie nach Abbazia erinnert ein wenig an den von
715 1156 2591 1262 Taormina nach Giardini. Hier blühen die Rosen, nur nicht die meinen.
715 1273 2542 1374 Haben Sie aufrichtigen und herzlichen Dank für alle uns erwiesenen
722 1341 2568 1470 Dienste. Ich, der ich selbst überlaufen werde, weiss was es heisst,
722 1454 2568 1576 dass Jemand plötzlich kommt und uns die Zeit raubt. Nur unsere alte
734 1527 2000 1634 Freundschaft macht die Sache etwas leidlicher.
722 1644 2551 1756 Nun erfuhr ich gar nicht, was BeeräHofmann verhat, und das interes-
727 1728 2429 1827 siert mich doch lebhaft. Das ist die Folge jugendlich-seniler
715 1820 2322 1909 Schwatzhaftigkeit, dass die Anderen nicht zu Worte kommen.
715 1885 1491 2005 Auf Wiedersehen in 14 Tagen.
1573 2073 1996 2190 Georg Brandes.
5288 408 5438 537 24
3792 427 4029 593 1,19.19
4268 417 5117 598 Kopenhagen, 16. Juni 1901
3937 661 5107 863 Verehrter Freund. Abbazia, 22.Mai 1901
3661 781 5408 961 Zwar ist Krotkaja ein Monolog - es gibt aber so viele Monologe,
3649 891 5424 1032 Flauberts St. Anteine ist auch ein Monolog - aber das kleine Buch
3665 994 4589 1088 Verehrter Freund.
3574 1025 5422 1187 Welch ein vorzügliches undoriginelles Buch Sie dort geschrieben
3583 1112 5433 1283 haben. Eine ganze Peychologie in einer Nusschale. Der Schluss nur
3586 1226 5471 1365 ist etwas willkürlich, wenn auch amüsant.
3597 1316 5398 1470 Ich verlasse heute Abbazia. Hier war es sehr schön.
4373 1379 5429 1557 Ihr ergebener
3644 1440 4125 1541 Schau, Sie wieder
4732 1463 5462 1588 G.B. selbst sehr oft für
3632 1534 5490 1670 Fremde ermüdend, fuhr deshalb nur durch; ich war bewegt, usaufgelegt
3639 1630 5431 1766 zum Spreches. Durch Ihre Güte erhielt ich Renate Fuchs; es ist ein
3632 1719 5417 1855 starkes Buch, aber die Grundidee so willkürlich, das Nachtvandern
3614 1782 5471 1937 der Heldin. Das Beste sind die Details, scheint mir, die vielen tie-
3607 1871 5483 2010 fen Reflexienen. Im Ganzen jedoch Kunst-Kunst, nicht Kunst -Datur. Ist
3607 1989 4993 2101 es nicht wahr? Aber der Mann hat sehr viel Talent.
3602 2045 5462 2223 Hier haben wir scheussliches Wetter, fast Winter. Mitte Juli gehe ich
3595 2143 5464 2319 nach Karlsbad, ich habe mit Georges Clemenoeau verabredet, ihn dort
3724 2242 3923 2324 reffen.
3902 2286 4387 2460 Von ganzem Herzen
4413 2458 4849 2626 Georg Brandes.
