5850 3594
776 392 982 549 sir, j'y
1408 387 2143 532 Kopenhagen, 11. März 1906
801 704 1589 827 Verehrter und lieber Freund.
568 808 2455 922 Haben Sie herzlichen Dank für die gute Gabe, die Sie mir schickten,
566 902 2438 999 Ihr letztes Schauspiel. Ich habe meine Freude daran gehabt. Die Welt
559 989 2375 1091 Ihrer Phantasie zieht mich immer an, und erregt meine Bewunderung,
571 1064 2467 1173 da ich selbst wenig Phantasie besitze und erstaune, dass ein anderer
578 1159 2107 1255 all das erfinden kann.
578 1253 2441 1352 Seit lange beschäftigt es Sie, wie der Gedanke an den nahen Tod die
578 1350 2387 1459 Gefühle beeinflusst, Schleier der Beatrice, Leutenant Gustl, u.s.m.
566 1449 2392 1533 Hier variieren Sie das Thema; der Gedanke an den Tod des Liebsten
571 1531 2339 1633 wirkt ebenso. Sie sind ein Grübler über den Tod, wie schon Ihr
568 1635 2399 1720 "Sterben" zeigte. Die Häifte Ihrer Produktion ist Thoanatos, die
578 1725 2472 1814 Hälfte Eros gewidmet. Aber dadurch haben Ihre Arbeiten eine so grosse
578 1802 2477 1889 Spannweite (wenn das Wort deutsch ist). Ich las eine sehr unverständi-
578 1896 2428 1991 ge Kritik über Ihr Werk in dem Tag; es scheint mir, dass die meiste
571 1971 2441 2085 deutsche Kritik allzu viel fertige Begriffe und Ansprüche mitbringt;
571 2080 2119 2167 sie ist weniger geschmeidig als die unsrige. Georg Brandau
578 2153 2520 2252 Es war mir sehr lieb, Sie jene Stunde bei Fulda zu treffen. Ich möchte,
578 2249 1756 2356 dass Sie wieder einmal nach Dänemark kämen.
1108 2339 1771 2455 Ihr dankbar verbundener
1742 2426 2145 2537 Georg Brandes.
4255 423 5283 568 11. Juli 1906.
4044 610 4540 730 Verehrter Freund.
3546 801 5401 917 Wenn ich Ihre Karte einigermassen richtig dechiffrire - die Schrift
3551 885 5355 994 ist rätselhaft - so fragen Sie nach meinem Befinden und sagen mir
4804 982 5261 1086 men, wenn Sie noch
3546 982 4627 1098 dass  - - Jemand mich grüssen lässt.
3546 1084 5425 1176 Ich bin heute aus dem Spital heraus, nur noch sehr, sehr matt, stol-
3551 1159 5319 1260 pere aber umher, um mich ans Gehen wieder zu gewöhnen.
3551 1241 5459 1371 Ich wurde sehr gerührt, dass Sie meiner gedacht hatten. Hoffmannsthal
3556 1369 5348 1454 schickte mir Thor und Tod. Es ist schön und fein, machte mir aber
3560 1427 5343 1536 lange nicht den Eindruck wie die zwei ankisierenden Schauspiele.
3556 1519 5379 1640 Ueber Ihre eigenen Arbeiten kam ich das letzte Mal gar nicht dazu,
3551 1628 5382 1710 mit Ihnen zu reden, wollte es doch sehr gern. Ich komme wohl eines
3546 1727 5425 1814 Tages nach Helsingör und versuche an Ihre Tür zu klopfen. Aber etwas
3551 1795 4366 1916 kräftiger muss ich erst sein.
3548 1870 5367 2022 Vorläufig soll ich arme Sau Empfangsrede an das Allthing halten.
4303 1976 4736 2092 Ihr erge/benef
4675 2049 5091 2167 Georg Brandes
