5796 3577
1391 441 2239 583 Kopenhagen(genügende Adresse)
631 436 930 592 1/1 1 1/2
1343 561 1810 676 4. Dezember 1915.
935 698 1427 851 Verehrter Freund.
786 834 1460 935 de grosse Maschine, die xxx
643 877 2419 1041 Drei Jahre sind vergangen, seit ich Ihr Gast war und die Freude
626 1005 2505 1105 hatte, in Ihrem Heim mit Ihnen, Ihrer Frau Gemahlin und Ihren Freun-
631 1103 2522 1206 den zu verkehren. Seitdem - wie viel unerhörtes ist geschehen! Alles
626 1192 1448 1299 ist anders geworden.
650 1223 2472 1400 Ich wollte Ihnen schon vor einem Monat für Ihre dauerhafte Freund-
626 1340 2508 1465 schaft danken, dass Sie mir die Komödie der Worte sandten. Sie haben
614 1438 2400 1551 wieder einmal das Labyrinthische dargestellt der erotischen Nei-
614 1525 2503 1664 gungen und wie die xxx Ehen die Herzen hemmen und fesseln. Tragisches
626 1616 2493 1762 und Possierliches ist nach Ihrer Gewohnheit gemischt. Mir war Alles
626 1721 794 1839 lieb.
698 1810 2409 1906 Vor etwa drei Wochen sah ich in einem grossen privaten Verein
614 1918 2472 2016 hier Ihren Dr. Bernhardi im Wesentlichen ganz vorzüglich aufgeführt.
619 2004 2378 2093 Das Stück ist mir theuer; nur kann ich mich nicht mit der Logik
614 2093 2436 2182 recht befreunden, dass wil Jemand nicht zum Märtyrer geeignet ist,
614 2175 2532 2263 er überhaupt nicht für seine Ueberzeugung eintreten solle. Wir lassen
614 2273 2424 2381 ja alle ohne Ø Protest das meiste hingehen, weil das Protestieren
614 2369 2374 2469 doch nichts nützt; aber Sie sollten nicht unsere Handlungskraft
619 2445 2462 2553 durch Entmutigung lähmen. Das ist die alte "Ironie" der Romantiker,
609 2527 1594 2647 die dem Pathos die Spitze abbricht.
638 2625 2525 2755 Doch, was liegt heutzutage an all dem! Macduff sagt: O horrer,horrer,
619 2726 825 2827 horrer
846 2716 1242 2834 engue nor heart.
614 2812 1467 2911 Cannot conceive nor name thee.
619 2887 2306 2999 Ich Habe leider im Augenblicke wieder einen Anfall von meiner
619 2978 2443 3093 chronischen Krankheit, der Venenentzündung. Sie kam zum ersten Mal
614 3083 2388 3196 in 1871 nach einem Typhus, und seit 1897 wieder nur zu oft. Nach
602 3141 1839 3297 2½ Jahren macht wie mir wieder ihren Besuch.
4404 427 5450 587 (4.12.1915.) 45
3908 451 4212 554 " - 2 -
3886 559 4359 681 Verehrter Freund.
3462 650 5313 796 Die grosse Maschine, die ich über Goethe machte, wurde schnell (in
3474 774 5344 882 diesem kleinen Land) in 3,500 Exemplaren verkauft. Eine neue Auflage
3467 858 5358 981 ein wenig verbessert, ist erschienen. Es sind zwei recht dicke Bände.
3474 961 5296 1069 Ausserdem habe ich viele grössere und kleinere Artikel über die Zu-
3460 1043 4987 1177 stände - leider in unserer Geheimsprache - geschrieben.
3455 1156 5370 1247 Peter Nansen, den Sie kennen, hat seine Produktion wieder aufgenommen
3455 1230 5301 1362 und u.a.eine nicht unbedeutende grössere Novelle erscheinen lassen.
3455 1321 5274 1434 Selbst liegt er leider krank. Er hat zu viele Zigaretten geraucht,
3431 1403 5310 1513 zuviel Whisky getrunken, sein Herz scheint gelitten zu haben, er hat
3462 1494 5390 1597 seit 3ä4 Wochen ein schwaches Fieber, das nicht weichen will. Ich liebe
4680 1582 4893 1659 jedoch de
3464 1585 4402 1695 ihn sehr und bin um ihn bekümmert.
3462 1671 5301 1784 Liebster Freund, empfehlen Sie mich den Ihrigen und bleiben Sie mir
4704 1760 5265 1868 gewiss mit noch gres-
4100 1772 4567 1880 die 20 Jahre alter
3750 1777 3934 1846 Sie. D
3467 1774 3620 1884 gut.
3618 1827 4220 1961 Ihr neuen als Sie.
3707 1932 4706 2057 Georg Brandes.
3510 2021 4951 2124 kenne nichts widerlicheres und dümmres. Lassalle sagt
3515 2100 5337 2234 von Menschen sind mir vor allem verhasst: Journalisten und Juden -
3488 2191 5349 2323 und ich bin beides.“ - Ich hasse die "ritiker und verachte sie, be¬
3503 2292 4294 2405 sonders die moralisierenden.
3659 2371 4251 2472 Einen Punkt muss ich
5119 2465 5325 2580 ###ng.
3826 2484 4155 2568 ich wisse
3778 2558 4102 2659 rieben Sie mich
3790 2640 3992 2748 s raske M
