5733 3594
1848 445 2071 549 Juni 18
1587 482 1999 615 Da San Remigio,
1584 573 1762 635 lanza,
1742 610 1910 692 dore.
1740 638 1952 749 ai 1908
568 630 1199 786 aber nicht den strengen
1495 702 2469 825 Zusammenhang. - Ihre Gestalten sind
559 774 2417 900 fesselnd. Ich kenne nicht eben solche Menschen, aber glaube an ihre
556 860 2489 991 Wahrheit. WenigVerehrter Freund. mich wie die Ihrigen. Ich glaube immer
529 969 2516 1065 Seien Sie bedankt, dass Sie, obwohl wir uns so selten sehen, sich
524 1050 2385 1161 immer meiner erinnern und mir die Freude bereiten, jedes neue Buch,
526 1139 2375 1246 das Sie hervorbringen, aus Ihren eigenen Händen zu erhalten. Es ist
524 1236 2405 1352 mir, der ich so viele Bücher bekomme, immer ein Fest, wann eines
541 1320 1070 1431 von Ihnen anlangt.
541 1357 2345 1510 Ich habe Ihr Buch auf einer Reise gelesen, langsam und sorgfältig
541 1510 2424 1604 und mit so grossem Interesse, dass jede Unterbrechung mir unlieb war.
521 1587 2412 1705 Ich bin traurig, dass ich Ihnen nie ein Buch von ähnlichem Interesse
536 1680 2370 1767 von mir hätte schicken können. Und meine Sachen in deutscher Ueber-
541 1755 2432 1873 setzung sind mir ein solches Greuel, dass ich sie nicht ansehen kann.
524 1866 2405 1957 Leider kenne ich nicht Oesterreich oder Wien gut genug, um im Stande
541 1925 2323 2054 zu sein, eine Ansicht darüber zu haben, wie ähnlich das Bild ist,
541 2012 2496 2118 das Sie geben. Es scheint ähnlich. Aber haben Sie nicht zwei Bücher ge¬
536 2108 2513 2234 schrieben? Das Verhältnis des jungen Barons zu seiner Geliebten ist eine
536 2212 2516 2323 Sache, und die neue Lage der jüdischen Bevölkerung in Wien durch den xxx
529 2296 2489 2392 Antisemitsmus eine andere, die mit der ersteren, scheint mir, in nicht
539 2372 2160 2508 notwendiger Verbindung steht. Die Geliebte ist nicht Jüdin.
541 2479 2412 2578 Das Thema: Die Zärtlichkeit gegen das weibliche Wesen, mit Angst vor
536 2536 2375 2649 der Ehe versetzt, und die Collisionen, die diese Combination veran-
541 2627 2412 2755 lasst, macht vielleicht ein Buch für sich. Die Zerrissenheit einiger
536 2746 2439 2844 Juden, die unruhigen Begierden einiger junger Jüdinnen, der Snobismus
529 2802 2382 2923 eines jüdischen Jünglings, der Mut und Innigkeit eines anderer die
524 2877 2429 3047 Keckheit, der Leichtsinn und der Ernst der Therese bilden aber zusammen
541 3017 2489 3094 den Kern des Buches, nicht wahr? Ich freue mich über den inneren Reich-
536 3067 2442 3218 tum des Verkes und sehe ja sehr gut die vielen Zusammenhänge (z.B. dass
536 3161 2491 3302 das Wesen der Juden dem Baron unverständlich und doch xxxstündlich ist)
4693 420 5059 601 (Juni os)
3724 432 4330 598 Verehrter F.
4344 598 5259 739 dass ich so weit von Ihnen wohne
3423 675 5330 825 aber nicht den strengen notwenigen Zusammenhang. - Ihre Gestalten sind
3418 766 5308 924 fesselnd. Ich kenne nicht eben solche Menschen, aber glaube an ihre
3413 882 5368 981 Wahrheit. Wenige Bücher fesseln mich wie die Ihrigen. Ich glaube immer
3413 951 4379 1070 etwas Verwandtes zu spüren. Ich habe
4372 986 5385 1117 e Sie, kurz gesagt, ausserordentlich
3413 1040 4379 1171 lieb. xxx
3403 1097 5190 1248 seiner spisIhrn Anlage erfolgreich aufgeführt worden ist. Die - im
4248 1164 5274 1292 fesselnde "Verwirrung des Gefühls" in
3400 1236 4226 1337 Georg Brandes.
3398 1265 5271 1416 Medardus ist so recht Ihre Domäne. Sehr fein ist die schwache Anden¬
3410 1362 5202 1498 tung einer geistigen Verwandtschaft zwischen Helene und Napolson.
3413 1446 5279 1614 Die ganze Wieneratmosphäre vor 100 Jahren haben Sie geben wollen. Und
3415 1517 5321 1698 wenn ich nicht irre, lag es Ihnen besonders am Herzen, zu zeigen, auf
3418 1626 5333 1797 welchem Hintergrund von Spiezesbürgerlichkeit und lässiger Privatität.
3430 1710 5328 1871 die in Wien zu Hause waren, und auf weichen Hintergrund von unnationa-
3425 1797 5350 1952 lem Wesen und Gehorsam den Kroberer gegenüber, die in Deutschland her¬
3435 1876 5350 2051 vortraten, der Heroismus einiger Wenigen sich geltend macht. Eine nach-
3428 1965 5363 2135 sichtige Menschenverachtung durchdringt das Schauspiel, und findet u.a.
3423 2096 3900 2222 is mir ein Echo.
3445 2096 5234 2313 Ich möchte immer gerne wissen, wie es Ihnen geht und wie er Beer¬
3442 2239 5251 2382 Hofmann geht, den ich (vor 16 Jahren, glaube ich) mit Ihnen kennen
3442 2382 3662 2503 lernte.
3445 2380 5392 2558 Ueber mich selbst ist nichts Interessantes, wenigstens michte besonders
3440 2493 5326 2666 Gutes zu melden. Ich bin nicht krank. Haben Sie für die Freude Dank,
3442 2632 4903 2751 womit Sie bei jeder neuen Arbeit auch an mich denken.
3445 2696 4426 2886 Ich bin Ihr unveränderlicher Freund
4389 2726 4809 2931 Georg Brandes.
