5746 3594
2412 294 2640 441 21 25
1195 311 1420 455 18
1672 326 2179 438 Schloss Strzebowi
1513 360 1680 451 chloss
2020 414 2179 487 „Ceterre
1513 416 2008 536 Schlesien,
2020 446 2187 556 Mai 19
1479 475 1868 551 13.Mai 1901
654 500 2603 617 Liebster! Ich habe Ihren Brief und ich habe den Roman mit der grössten
673 629 2549 722 Freude gelesen. Er ist so wahr und tief. Ein ganz klein wenig zu roh
651 698 2586 840 haben Sie doch vielleicht den Virtuosen gemacht. Man hat den Eindruck,
671 791 2520 926 habe eine sinnliche Enttäuschung erfahren, die Dame hat ja freilich
666 894 2520 1016 nicht vor der Umarmung Toilette machen können. Wie es bei der Marni
666 975 2574 1104 heiest tub be or not tub be, that is the question. Oder er hat viel-
666 1055 2478 1200 leicht, wie's gut geht, so viele Frauen an den Hals, dass er nicht
654 1178 2488 1286 mehr verträgt. Jedenfalls das Buch ist gut. Die Nebenhandlung, die
664 1246 2508 1371 Geschichte der schönen Frau, sehr fein geführt.
654 1344 2488 1462 Ich glaube, dass ich am 16. von hier über Wien nach Abbazia reise.
666 1430 2613 1550 Wenn Sie in Wien dann sind und ein paar Stunden für mich übrig ha¬
666 1538 2549 1648 ben, möchte ich schon Mittags um 3,48 nach Wien kommen und bis 8 Uhr
666 1611 1731 1729 Abends bleiben. Sonst reise ich durch.
654 1714 2189 1822 Bitte, liebster Freund und Poet, um eine Zeile Antwort.
1496 1792 1952 1905 Ihr
1584 1876 1996 1998 Georg Brandes.
4790 326 5194 468 17. Mai 1901
4513 328 4721 443 des Strze
4511 433 4709 492 Schle
4329 475 4697 578 13.Mai 1901
3830 495 4310 600 Verehrter Freund.
3759 610 5355 725 Verehrter Freund. xxx überzogen, durchaus nicht sehr warm
3497 713 5399 857 So ist meine Absicht, am 16. um 3,45 in Wien anzukommen und um 6,25
3497 828 5346 931 Abends nach Abbazia abzureisen.
3497 894 5399 1038 Ich will sehr gern von der Nordbahn zu Ihnen fahren, weiss nur nicht,
3509 992 5451 1097 da ich die Lage der Bahnhöfe nicht kenne, ob es nicht besser wäre, erst
3514 1060 5231 1202 meinen Koffer nach der Südbahnstation zu fahren.
3514 1148 5402 1295 Es versteht sich von selbst, dass es mir nur lieb sein kann, Herrn
3509 1242 5390 1362 Beer-Hofmann zu treffen. Ich weiss nicht, wann Sie Mittag essen, ich
3512 1354 5351 1472 werde wohl im Zuge etwas frühstücken, also sagen wir um 5 Uhr (oder
3509 1435 5475 1567 wann es Sie passt, wer weiss im voraus, wann man an einem bestimmten Tag
3509 1526 5142 1653 Hunger hat?) Recht bedacht überlasse ich Ihnen die Esszeit.
3509 1619 5294 1741 Haben Sie vielen Dank für Ihre freundliche Antwort.
4785 1709 5189 1832 zugendlich-semil
3563 1709 4724 1824 Von Herzen Ihr
3543 1819 5128 1912 Schwatzhaftigkeit, dass die And Georg Brandes.
3560 1888 4339 2010 Auf Wiedersehen in 14 Tagen.
