5775 3594
4138 411 4964 602 12 Kopenhagen, 11. Mai 99.
1055 419 2035 605 - 2 - (10.3.99)
661 583 2228 749 ster Sie haben mich sehr geehrt, indem Sie mir Ihren
3455 607 5155 774 Liebster Sie haben mich sehr geehrt, indem Sie mir Ihren
549 727 2446 847 Ich habe sonst wenig arbeiten können. Nur Annie Viranti aus dem
4959 698 5343 818 chts sage, ich
3455 749 4726 860 Schmerz gesagt haben. Sie wünschen, dass ich da
3448 801 5336 943 antworte Ihnen denn nur: ich habe selbst viel erfahren, Verluste ge¬
541 828 2417 950 Italienischen in dänische Verse gebracht.
541 901 2434 1014 Sie Liebenswürdiger fragten mich einmal in einem Brief:Wie sind
3455 901 5302 1046 litten, bisweilen recht Hartes ausgestanden; Sie sind jung, ich bin
553 982 2429 1114 Ihre Verse? Sind sie gut? Nansen findet sie akademisch, ein Urtheil,
4812 975 5284 1099 glaube aber, wir
3467 1036 4684 1124 alt, ich stage deshalb sonst keinen Vergleich,
553 1077 2454 1197 das ich ein bischen komisch finde, denn sie sind sehr persönlich, aber
4721 1070 5392 1183 versiegbaren Lebenstrieb,
3436 1117 4662 1237 haben Eins gemeinsam, den inneren Born, den
4655 1161 4831 1249 teh wer
4942 1156 5147 1242 s mit de
546 1171 2361 1293 als Verse sind sie gut. Das Einzige auf der Welt was ich kann ist
3455 1200 4905 1313 dem das Leben immer wieder werth wird.
4893 1227 5319 1352 e Worte zu ver¬
553 1239 2321 1386 Dänisch schreiben. den, denn meine Lage scheint meine Worte zu
3467 1293 4631 1391 Ich kann dies sagen, denn meine Lage so
571 1349 2434 1479 Ich drücke Ihre Hände. Kürzlich erfuhr ich, dass Goldmann wieder
3460 1342 5336 1467 spotten. Seit 5 Monaten liege ich zu Bett. Ich heile nicht; eine Ent-
4751 1423 5294 1523 einen, bisweilen bricht
4560 1472 4763 1540 andere
2133 1428 2390 1528 en drie
541 1467 2010 1565 in Europa ist. Das freut mich.
4557 1504 4758 1575 mickt
3448 1474 4567 1575 zündung der Venen folgt bei mir immer der
3448 1518 5321 1650 die Entzündung auf einmal an drei Stellen aus. 5 Monate im Gefängnis
541 1521 2419 1655 die Entwundung auf einmal xxxr ganz ergebener Monate in Gefängnis
551 1614 2449 1746 machen eine lange öde Zeit. Ich erhalte xxx Georg Brandes
3445 1609 5348 1753 machen eine lange öde Zeit. Ich erhalte mir das Leben durch Lesen und
539 1702 2461 1824 Man fängt in nächster Woche hier an, meine Gesammelten Schriften(!)
3455 1699 5373 1832 Schreiben, erhalte auch bisweilen Besuche. Man hat hier eine Volksaus-
3467 1783 5377 1925 gabe meiner Schriften angefangen (Peter Nansen Ihr guter Bekannter ist
546 1788 2471 1930 herauszugeben und glaubt an einen Erfolg.
3445 1895 5407 1991 der Urheber) und sie scheint Erfolg zu haben. Man hat circa 5000 Subscri
536 1893 2503 2008 der Urheber) und sie scheint Erfolg zu haben. Man hat circa 5000 Subscri
3455 1974 5373 2074 benten und druckt 6000 Exemplare. Es erscheinen alle 14 Tage 10 Bogen,
529 1986 2466 2089 benten und druckt 6000 Exemplare. Es erscheinen alle 14 Tage 10 Bogen,
3448 2089 5382 2187 und es wird etwas über drei Jahre dauern. Dennoch gehören einige meiner
534 2059 2471 2187 und es wird etwas über drei Jahre dauern. Dennoch gehören einige meiner
3458 2157 5368 2292 grösseren Schriften nicht diesem Verlag. So viel Papier habe ich immer
524 2167 2461 2304 grösseren Schriften nicht diesem Verlag. So viel Papier habe ich immer
3443 2282 3774 2388 geschwärzt.
529 2275 855 2375 geschwärzt.
3627 2302 5304 2441 Madame Marni, die ich übrigens nie gesehen habe, schrieb mir,
720 2317 2419 2446 Madame Marni, die ich übrigens nie gesehen habe, schrieb mir,
3455 2427 5365 2539 dass Goldmann bei ihr gewesen war und sich mit Freundschaft meiner er-
524 2432 2446 2527 dass Goldmann bei ihr gewesen war und sich mit Freundschaft xxx er-
3443 2527 5368 2662 innert hatte, was mich erfreute. Richard Beer Hofmann gibt mir nie ein
536 2532 2456 2657 innert hatte, was mich erfreute. Richard Beer Hofmann gibt mir nie ein
524 2628 943 2735 Lebenszeichen.
3436 2620 3847 2735 Lebenszeichen.
3627 2691 5297 2819 Wie gut, dass Sie nicht von jenem Schriftsteller heimgesucht
720 2699 2378 2804 Wie gut, dass Sie nicht von jenem Schriftsteller heimgesucht
3436 2804 5289 2897 wurden! Lasen Sie den kl. Aufsatz pro patria, den ich in der Zukunft
541 2799 2383 2904 wurden! Lasen Sie den kl. Aufsatz pro patria, den ich in der Zukunft
3443 2880 5267 2985 vom 7. April hatte? Neue fr. Presse und Die Zeit verweigerten, ihn
529 2885 2378 3022 vom 7. April hatte? Neue fr. Presse und Die Zeit verweigerten, im
3448 2997 5228 3088 zu drucken. Die Oesterreicher sind preussischer als die Preussen.
553 2987 2243 3093 zu drucken. Die Oesterreicher sind preussischer als die Preussen
3453 3039 5368 3188 Das arme Skandinarien, man peinigt im Süden die Schleswiger, im Norden
549 3027 2437 3181 Das arme Skandnavien, man peinigt im Süden die Schleswiger, im Parte
3445 3159 3898 3308 die Finnländer.
514 3161 982 3325 die Finnländer.
