5816 3594
1258 377 2334 575 - 2 - Kopenhagen 12. (11.5.99.)
754 544 2458 714 Verehrter Freund! Ich bin willig alles zu tun, was Sie von mir
833 651 2676 802 ch erhalte Gottlob täglich von den meisten Gegenden Europas
643 777 2655 883 Briefe und Bücher, sonst wäre ich in meinem Elend zu Grunde gegangen.
653 858 2681 990 Ich lese stetig L'Aurore und Le Sieole, folge so von Tag zu Tag dem
651 954 2688 1078 Verlauf der Begebenheiten in Frankreich. Helches Stück Seelenlehre!
643 1040 2519 1149 Ich habe in meinem Leben wenig so Lehrreiches gelesen.
737 1116 2546 1256 Ihr Buch habe ich noch nicht erhalten; ich werde es mit derselben
648 1218 2473 1319 ernsten Aufmerksamkeit lesen, womit ich Ihnen immer folge. Ich las
648 1309 2605 1418 kürzlich das Vermächtnis wieder; es verdient, dass man dazu zurokkehrt.
643 1392 2567 1506 Ein kleiner dummer schwedischer Journalist hatte Sie vor einigen Tagen
633 1493 2519 1592 in einem Stockholm erblatt, das mir zugeschickt wird, angegriffen; es
630 1585 2519 1683 brannten mir die Finger, dagegen zu schreiben, habe es nicht ge than,
640 1658 2595 1792 weil ich ein wenig müde bin und soviele Correkturen täglich zu besorgen
633 1744 2514 1881 habe, thue es vielleicht noch. Doch ich kann Ihnen vieleicht einmal
630 1840 1531 1962 auf bessere Weise nützlich sein.
868 1926 1582 2043 Ich drücke Ihnen die Hand
1645 2157 2078 2268 Georg Brandes.
4207 339 5136 547 Kopenhagen, 12. Juni 99.
4614 526 4804 610 .3.190
3645 557 5369 691 Verehrter Freund! Ich bin willig alles zu tun, was Sie von mir
3642 658 5569 790 wünschen. Ich bemerke nur, dass ich Antoine gar nicht kenne, ihn nicht
3627 742 5546 881 gesehen habe, nicht ahne, ob er meinen Namen je gehört hat. Seien Sie
3627 833 5569 957 aber nur so freundlich, mir seinen Vornamen und seine Adresse auf einen
3637 914 5592 1048 Karte zu schicken. Dann werde ich ihm mit Vergnügen schreiben, es wird
3622 1023 5424 1154 ja nicht meine Schuld sein, falls er von meinem Brief keine Notiz
3615 1073 5437 1228 nimmt. Ich las Ihre Stücke mit grossen Vergnügen, habe zwar einige
3627 1172 5113 1324 kitische Bedenken, die Sie gelegentlich hören können.
3693 1273 5419 1448 Ein halbes Jahr habe ich im Bette verbracht; in diesen Tagen
3602 1369 3992 1488 aufgestanden.
4217 1412 4625 1531 Georg Brandes.
3951 1440 4366 1559 Ihr ergebener
3711 1516 4050 1630 Montag abend
