5775 3594
1304 474 1815 579 Taormina (Sicilier)
1763 546 2132 698 16. März 1898.
905 673 1566 810 Liebster Dr.Schnitzler.
623 728 2329 890 Ich fühle mich Ihnen und Herrn Dr.Beer-Hofmann gegenüber wirk-
404 858 2269 995 lich wie ein Schweinehund. Ich nehme in Wien Ihre Zeit in Anspruch,
406 963 2257 1102 Sie sehen täglich, wie es mir geht, Sie beide sind die letzten, die
406 1027 2312 1195 mich in Wien besuchen; ich reise fort und lasse nichts von mir hören,
406 1160 2294 1274 danke Ihnen nicht einmal. Nur hoffe ich dass Sie einen stummen Gruss
416 1232 2274 1387 von mir bekommen haben, da ich meine Tochter bat, Ihnen einige alte
421 1349 1052 1471 Drucksachen zu senden.
1484 1359 2352 1509 rch die Krankheit meiner Mutter
653 1369 1342 1541 Der Anfang meiner Reise
426 1464 2392 1626 sehr verdüstert. Indes, sie lebt. Sie liegt zwar noch zu Bette, aber es
431 1608 2207 1721 geht ihr besser; sie kann täglich eine Stunde aus dem Bette sein.
673 1666 2349 1791 Ich las irgendwo, in Florenz glaub' ich, etwas über die Auf-
426 1778 2426 1885 führung Ihres Stückes in einem deutschen Blatt, konnte aber nicht daraus
439 1855 2010 1970 klug werden. Sind Sie mit dem Resultat zufrieden gewesen?
678 1943 2329 2062 Ich ging von Florenz nach Rom, wo die Studenten der philoso-
426 2030 2359 2152 phischen Fakultät artig genug waren mich mit einer sehr netten Adresse
439 2112 2334 2252 zu begrüssen. Es war dort bald kalt, bald warm, doch trocken, aber in
426 2227 2317 2327 Neapel wurde ich von argem Regenwetter verfolgt. Dort sah ich curios
439 2264 2419 2434 genug die ganze Aristokratie, da man mich viel in diesen Kreisen einlud,
446 2384 1845 2499 obwohl ich nicht einmal Empfehlungsschreiben hatte.
658 2451 2277 2598 Hier in diesem gesegneten und verhungernden Land hatte ich
456 2569 2414 2688 wieder fast immer Regen. Ich bin schon mehr als 14 Tage hier. Aber wenn
456 2636 2459 2771 es bisweilen schön ist, dann ist es hier am Fusse des Etna in der starken
449 2726 2421 2880 herrlichen Wärme am Ufer des Meeres wahrlich sehr schön. Hier hat jeder
461 2848 2384 2970 Fleck ihre Geschichte, hier haben Araber und Normannen usw. Spuren hin-
469 2918 2384 3047 terlassen, hier hat Heine und Platen gelebt, und noch gibt es hier in
464 3020 2229 3137 Taormina nicht wenige deutsche Herren mit seinen Leidenschaften.
3531 431 4095 613 1 1/2 - 2 -
4606 446 4918 621 (16.3.1898)
4344 539 4524 631 Kopenhe
4486 628 4766 756 er Freund.
4995 733 5297 860 erlebt sei
4696 843 5070 920 einenentändung
3698 840 4509 940 Jetzt liege ich wieder zu Bett
3496 880 5202 1045 Ich lebe hier gesellig am Tage, einsam von 5 Uhr ab, lese und
3269 953 5100 1137 schreibe viel, oder so viel ich vermag, denn alt und dumm bin ich.
3481 1080 5229 1219 Ich danke Herrn Beer-Hofmann viel für das Buch von d'Annunzio,
3279 1172 5194 1314 das ich zwischen Wien und Florenz las; es war mir eigentlich zuwider,
3284 1259 5187 1382 und ich mag auch das Uebrige von d'Annunzio nur wenig. Uebrigens war
3294 1352 5155 1471 die Uebersetzung sehr stark gekürzt, als ich sie mit dem Original ve-
3299 1441 4900 1564 glich. Grüssen Sie herzlich den weisen Mann Wollzeile 15,1
3509 1521 5307 1661 Ich bitte mich auch Ihrer Frau Mutter bestens zu empfehlen.
4469 1618 4868 1688 Ihr ergebener
3496 1668 3721 1771 Zurück
4820 1613 5232 1773 Georg Prandes:
4357 1815 4830 1945 digung da sein. I
3511 1845 4010 1970 Lebens und nicht
3531 1920 5022 2035 Den Tag in Kopenhagen versämmt meine Mutter zu besuchen.
3491 1997 4808 2115 Und jetzt liege ich in Streit mit den Deutschen
3424 2080 4449 2222 reibung der Dänen aus Schlesweg. Gibt
3454 2185 4334 2317 eussen? Nicht Frankreich einmal.
3526 2257 4848 2401 mit ruhiger genissender Freude las ich das Vermöd
3638 2347 4776 2464 g originales Ding, sehr diskret und vornehr
3693 2441 5204 2581 (Kennen Sie zufällig eine kleine Erzählung von Ruysman
3673 2519 5214 2663 die behandelt ein ähnliches Thema, nur viel gröber oder
3419 2603 5217 2738 lichtiger ganz anders, aber es ist da ein mischen Verwandtschaft).
3830 2701 5262 2820 schade, dass das Stück so ganz und gar traurig ist,
3511 2751 3713 2855 .35 1W
3374 2800 5214 2943 dann wird es nicht so viel Bühnenerfolge haben können, wie ich es
3406 2885 5297 2995 wünschte. Der Vater ist wunderbar gezeichnet. Und überhaupt, ich habe
3389 2963 5214 3120 Ihr Talent so lieb, Etwas freut mich schon, weil es von Ihnen ist.
3549 3045 5272 3217 Warum lässt doch unser Freund Beer Hofmann nie von sich hören?
