5775 3594
2193 437 2481 600 1 13
610 454 818 600 1F1
1382 469 1550 610 P.S.
1372 567 1994 720 Kopenhagen, 22.1.1899
439 808 991 936 Lieber Herr Doctor!
592 835 2393 1021 Es war ein Fehler von mir, dass ich nicht für die Novvellensamm-
426 991 2376 1089 lung dankte, ich habe sie mit grosser Aufmerksamkeit gelesen. Für mich
444 1081 2303 1194 ist die Novelle, die zuerst in Cosmonolis stand - ich erinnere mich
439 1182 2331 1284 nicht des Titels - ein Meisterwerk erstaunlich wahr und packend; nur
434 1244 2303 1362 ein (sehr kleiner) Fehler gegen den Schluss, dass die Frau zuletzt
434 1330 2265 1488 alles gesteht. Als ob Frauen je geständen, wenn keine Beweise vor-
426 1425 2341 1563 liegen, und wenn sie keinem absolut überlegenen Mann gegenüberstehen!
437 1518 1493 1623 Ein wahres Meisterwerk ist es dennoch.
607 1626 2363 1729 Meine Gedichte! Was soll ich darüber sagen. Lesen Sie Dänisch,
424 1718 2321 1844 so werden Sie einräumen, dass zwei oder drei sehr gut sind "Reconva¬
426 1811 2275 1919 lesent-Besuch" und "HaraldHaarhager in Finmarken". Es ist eine Art
426 1897 2311 1997 Jugend-Tagebuch.- Ich liege noch immer zu Bett, schon 5 Wochen, Sie
426 1974 2441 2132 wissen ja, was Venenentzündung ist. Doch ist es diesmal anscheinend nicht
416 2057 680 2153 schlimm.
1046 2125 1415 2248 Beste Grüsse
416 2278 2348 2444 Sie haben wohl meinen Protest gegen die Ausweisung der Dänen gelesen
416 2441 2361 2556 oder auch nicht. 100 Zeitungen aller Länder haben ihn abgedruckt, aber
416 2501 1345 2649 die Neue Freie ist ja preussisch.
3909 437 4849 595 Kopenhagen, 10. März 99.
3515 642 5058 828 Liebster Dr. Schnitzler, xxx
3382 785 5168 923 Ich bin leider noch im Bett; bald sind jetzt drei Monate ver-
3276 850 5218 1006 gangen. Ich schreibe Ihnen heute, weil ich Jemandem gestern eine Karte
3286 966 5108 1076 für Sie gab und nicht will, dass Sie sich dadurch im Geringsten ver-
3296 1056 5138 1194 pflichtet glauben sollen. Es war mir nicht möglich Nein zu sagen. Es
3294 1144 5078 1249 ist der dänische Schriftsteller Karl Larsen, ein talentvoller Men-
3294 1234 5128 1350 gewissenhafter Psycholog, sehr feinhörig in allem Sprachlichen ein
4714 1272 5171 1438 für von sich spricht
3294 1307 4536 1463 wahrer Phonograph, aber langweilig, weil er i
3291 1407 5115 1520 immer nur an seinen literarischen Vortheil denkt und Kritiken und
3294 1475 5206 1626 öffentliches Lob haben will. Sie kennen den Typus, Aber er kann Ihnen
3302 1616 4576 1744 jedenfalls einen Gruss aus Kopenhagen bringen.
4619 1608 5005 1696 Georg Brandes
3490 1651 4732 1814 So entzückt ich war über Ihr letztes grössere
4827 1661 5309 1846 sten Akt stirbt -
3304 1776 4834 1894 entsinne mich des Titels nicht - wo der junge Mann im er
3312 1834 5221 1969 so fremd ist mir der kl. Einakter, den Sie mir kürzlich schickten. Ich
3317 1904 5268 2062 weiss ja nicht, ob irgend eine historische Notiz zu Grunde liegt, sonst
3317 2015 5216 2180 aber kommt die Idee mir sonderbar vor, dass vornehme Leute -seien sie
3317 2105 5314 2220 auch noch so abgespannt — eine Kneipe besuchen sollten um sich von Schau¬
3317 2195 5271 2338 spielern resolutionäre Soenen vorspielen zu lassen. Es ist so verdammt
3317 2293 4922 2391 künstlich, so "ausklamüstirt" wie die Norddeutschen sagen.
3507 2358 5278 2471 Sonst wissen Sie, dass ich in Sie verliebt bin und alles was Sie
3329 2461 5303 2584 machen gut finde und jede Gelegenheit ergreife Sie mündlich und schrift-
3334 2612 3793 2689 lich zu preisen.
3520 2657 5288 2760 Ist es nicht sonderbar? Mein so ruhiges und würdiges Manifest an
3334 2707 5324 2852 die Deutschen haben sowohl die Neue freie Presse wie die Frankfurter Zei-
3342 2807 5324 2948 tung abgewiesen. Nun versuche ich mein Glück bei Berth's Die Nation. Ich
3342 2928 5326 3023 lasse es in allen Sprachen sonst erscheinen. Es ist ein Bögen gross über
3344 3000 4032 3176 die schleswigsche Sache.
