<?xml version="1.0" encoding="UTF-8" standalone="yes"?>
<PcGts xmlns="http://schema.primaresearch.org/PAGE/gts/pagecontent/2013-07-15" xmlns:xsi="http://www.w3.org/2001/XMLSchema-instance" xsi:schemaLocation="http://schema.primaresearch.org/PAGE/gts/pagecontent/2013-07-15 http://schema.primaresearch.org/PAGE/gts/pagecontent/2013-07-15/pagecontent.xsd">
    <Metadata>
        <Creator>prov=READ-COOP:name=TrHtr:version=2.1.0:model_id=51170:date=29_07_2023_11:38</Creator>
        <Created>2023-05-10T12:30:43.546+02:00</Created>
        <LastChange>2023-07-29T11:38:39.167+02:00</LastChange>
        <TranskribusMetadata docId="1428210" pageId="55403391" pageNr="42" tsid="131409627" status="IN_PROGRESS" userId="64420" imgUrl="https://files.transkribus.eu/Get?id=VKCKTEQIHTZVDNXDATSUFHDR&amp;fileType=view" xmlUrl="https://files.transkribus.eu/Get?id=HBSRTWLGWWYURLCVJAFZJGTT" imageId="44678212"/>
    </Metadata>
    <Page imageFilename="1428210_0042.jpg" imageWidth="5848" imageHeight="3577">
        <ReadingOrder>
            <OrderedGroup id="ro_1711795760963" caption="Regions reading order">
                <RegionRefIndexed index="0" regionRef="tr_1"/>
                <RegionRefIndexed index="1" regionRef="tr_2"/>
                <RegionRefIndexed index="2" regionRef="tr_3"/>
            </OrderedGroup>
        </ReadingOrder>
        <TextRegion id="tr_1" custom="readingOrder {index:0;}">
            <Coords points="447,463 2454,463 2454,1747 447,1747"/>
            <TextLine id="tr_1_tl_1" custom="readingOrder {index:0;}">
                <Coords points="433,542 528,561 554,547 601,580 732,523 767,549 805,528 874,563 975,523 1054,549 1082,537 1080,445 803,424 431,457"/>
                <Baseline points="447,513 537,519 627,519 716,519 806,519 895,525 985,525 1074,525 1086,525"/>
                <TextEquiv>
                    <Unicode>1 1 1/2 1 7/4, 4 4 1/4 4, 4.</Unicode>
                </TextEquiv>
            </TextLine>
            <TextLine id="tr_1_tl_2" custom="readingOrder {index:1;}">
                <Coords points="1342,547 1484,542 1693,582 2005,575 2055,533 2133,535 2133,457 1972,455 1925,421 1837,417 1686,464 1622,440 1579,457 1520,424 1342,457"/>
                <Baseline points="1355,537 1421,531 1510,531 1600,531 1689,531 1779,531 1869,531 1958,525 2048,525 2137,519"/>
                <TextEquiv>
                    <Unicode>Kopenhagen, 28. Dez. 1897</Unicode>
                </TextEquiv>
            </TextLine>
            <TextLine id="tr_1_tl_3" custom="readingOrder {index:2;}">
                <Coords points="2209,566 2256,566 2296,540 2313,537 2330,549 2341,545 2363,554 2384,547 2382,424 2365,429 2356,419 2320,429 2308,417 2296,426 2280,424 2266,438 2254,431 2207,440"/>
                <Baseline points="2221,525 2311,531 2388,525"/>
                <TextEquiv>
                    <Unicode>1</Unicode>
                </TextEquiv>
            </TextLine>
            <TextLine id="tr_1_tl_4" custom="readingOrder {index:3;}">
                <Coords points="921,928 994,907 1054,928 1096,895 1162,907 1262,885 1357,885 1435,921 1558,909 1539,803 1477,822 1423,798 1345,814 997,793 919,826"/>
                <Baseline points="931,847 1021,847 1110,847 1200,847 1289,847 1379,847 1469,865 1558,877"/>
                <TextEquiv>
                    <Unicode>Lieber Herr Doctor.</Unicode>
                </TextEquiv>
            </TextLine>
            <TextLine id="tr_1_tl_5" custom="readingOrder {index:4;}">
                <Coords points="542,1068 2365,1072 2405,919 542,973"/>
                <Baseline points="555,1021 644,1021 734,1021 824,1027 913,1021 1003,1021 1092,1021 1182,1021 1271,1015 1361,1015 1451,1021 1540,1021 1630,1021 1719,1021 1809,1015 1898,1021 1988,1015 2078,1021 2167,1021 2257,1015 2346,1015 2412,1021"/>
                <TextEquiv>
                    <Unicode>Ich werde im Anfang Januar von hier reisen und vielleicht gegen die</Unicode>
                </TextEquiv>
            </TextLine>
            <TextLine id="tr_1_tl_6" custom="readingOrder {index:5;}">
                <Coords points="547,1146 2391,1132 2337,1054 547,1072"/>
                <Baseline points="561,1104 650,1110 740,1110 830,1110 919,1110 1009,1104 1098,1104 1188,1104 1277,1104 1367,1104 1457,1104 1546,1104 1636,1104 1725,1104 1815,1104 1904,1104 1994,1104 2084,1104 2173,1104 2263,1104 2352,1098 2394,1104"/>
                <TextEquiv>
                    <Unicode>Mitte des Monats auf der Reise südwärts in Wien ankommen können. Ob</Unicode>
                </TextEquiv>
            </TextLine>
            <TextLine id="tr_1_tl_7" custom="readingOrder {index:6;}">
                <Coords points="535,1222 2199,1222 2405,1207 2405,1134 535,1170"/>
                <Baseline points="549,1200 621,1200 710,1200 800,1200 889,1200 979,1200 1068,1200 1158,1200 1248,1194 1337,1194 1427,1194 1516,1194 1606,1194 1695,1194 1785,1194 1875,1194 1964,1194 2054,1194 2143,1194 2233,1188 2322,1188 2412,1188"/>
                <TextEquiv>
                    <Unicode>ich die Stadt einige Tage besuche, hängt zum Theil davon ab, ob ich</Unicode>
                </TextEquiv>
            </TextLine>
            <TextLine id="tr_1_tl_8" custom="readingOrder {index:7;}">
                <Coords points="547,1326 2344,1316 2450,1248 1977,1203 547,1264"/>
                <Baseline points="561,1289 573,1289 662,1289 752,1289 841,1289 931,1289 1021,1283 1110,1283 1200,1283 1289,1283 1379,1283 1469,1283 1558,1283 1648,1283 1737,1277 1827,1283 1916,1283 2006,1283 2096,1283 2185,1283 2275,1283 2364,1283 2454,1277"/>
                <TextEquiv>
                    <Unicode>Sie und Herrn Hofmann-Beer in Wien treffen werde; ich kenne nur weni-</Unicode>
                </TextEquiv>
            </TextLine>
            <TextLine id="tr_1_tl_9" custom="readingOrder {index:8;}">
                <Coords points="547,1404 1072,1420 1416,1373 1489,1420 1695,1418 1828,1397 1828,1326 1537,1345 1359,1302 1215,1349 547,1345"/>
                <Baseline points="561,1391 579,1385 668,1379 758,1379 847,1379 937,1379 1027,1379 1116,1373 1206,1373 1295,1373 1385,1373 1474,1373 1564,1373 1654,1373 1743,1373 1833,1367"/>
                <TextEquiv>
                    <Unicode>ge Personen dort. Um eine Zeile bittet deshalb</Unicode>
                </TextEquiv>
            </TextLine>
            <TextLine id="tr_1_tl_10" custom="readingOrder {index:9;}">
                <Coords points="1496,1563 1553,1577 1586,1558 1645,1558 1716,1572 1747,1593 1771,1574 1804,1584 1885,1567 1885,1477 1835,1470 1766,1496 1674,1470 1496,1510"/>
                <Baseline points="1510,1552 1528,1552 1618,1552 1707,1552 1797,1552 1887,1540"/>
                <TextEquiv>
                    <Unicode>Ihr ergebener</Unicode>
                </TextEquiv>
            </TextLine>
            <TextLine id="tr_1_tl_11" custom="readingOrder {index:10;}">
                <Coords points="1835,1683 1901,1676 1934,1648 1989,1667 2036,1650 2240,1655 2240,1551 2086,1546 2043,1555 1996,1600 1958,1608 1837,1593"/>
                <Baseline points="1851,1636 1887,1636 1976,1642 2066,1642 2155,1642 2245,1630"/>
                <TextEquiv>
                    <Unicode>Georg Brandes</Unicode>
                </TextEquiv>
            </TextLine>
            <TextLine id="tr_1_tl_12" custom="readingOrder {index:11;}">
                <Coords points="547,1752 616,1787 1222,1738 1721,1761 1828,1740 1828,1688 547,1690"/>
                <Baseline points="561,1731 650,1737 740,1737 830,1737 919,1737 1009,1737 1098,1737 1188,1737 1277,1731 1367,1731 1457,1731 1546,1731 1636,1731 1725,1725 1815,1737 1833,1737"/>
                <TextEquiv>
                    <Unicode>Nennen Sie mir ein gutes und angenehmes Hotel.</Unicode>
                </TextEquiv>
            </TextLine>
        </TextRegion>
        <TextRegion id="tr_2" custom="readingOrder {index:1;}">
            <Coords points="3153,463 5422,463 5422,1293 3153,1293"/>
            <TextLine id="tr_2_tl_1" custom="readingOrder {index:0;}">
                <Coords points="3139,526 3715,566 4392,540 4392,431 4354,417 3958,440 3873,405 3802,459 3639,402 3416,462 3307,424 3139,440"/>
                <Baseline points="3153,525 3242,537 3332,531 3421,525 3511,531 3600,525 3690,513 3780,519 3869,519 3959,519 4048,525 4138,525 4227,525 4317,531 4395,531"/>
                <TextEquiv>
                    <Unicode>1 1 1 1/2 1/4 „ — „ „ 9 „ 4 „ 5 „</Unicode>
                </TextEquiv>
            </TextLine>
            <TextLine id="tr_2_tl_2" custom="readingOrder {index:1;}">
                <Coords points="4470,571 4527,580 4565,571 4595,580 4624,563 4638,578 4747,571 4749,421 4702,440 4657,433 4638,447 4565,426 4538,440 4512,429 4467,447"/>
                <Baseline points="4484,561 4574,561 4663,555 4755,575"/>
                <TextEquiv>
                    <Unicode>Wien, 25.1</Unicode>
                </TextEquiv>
            </TextLine>
            <TextLine id="tr_2_tl_3" custom="readingOrder {index:2;}">
                <Coords points="4950,613 4972,608 5003,620 5014,613 5050,637 5057,630 5076,637 5128,627 5147,637 5173,630 5168,507 5128,509 5104,530 5081,521 5036,535 4993,500 4984,511 4946,516"/>
                <Baseline points="4962,573 5051,585 5141,585 5177,585"/>
                <TextEquiv>
                    <Unicode>es 1898.</Unicode>
                </TextEquiv>
            </TextLine>
            <TextLine id="tr_2_tl_4" custom="readingOrder {index:3;}">
                <Coords points="4453,625 4510,620 4543,639 4572,634 4591,651 4624,653 4652,642 4676,651 4711,625 4742,632 4744,571 4718,568 4704,580 4671,571 4662,580 4617,563 4591,580 4456,563"/>
                <Baseline points="4466,609 4478,609 4568,609 4657,609 4751,595"/>
                <TextEquiv>
                    <Unicode>Residenz-H</Unicode>
                </TextEquiv>
            </TextLine>
            <TextLine id="tr_2_tl_5" custom="readingOrder {index:4;}">
                <Coords points="4361,746 4392,741 4422,717 4453,732 4465,724 4494,739 4538,734 4560,741 4583,729 4581,665 4508,668 4475,656 4434,623 4422,632 4411,625 4359,632"/>
                <Baseline points="4371,704 4460,704 4550,704 4586,710"/>
                <TextEquiv>
                    <Unicode>mitaler.</Unicode>
                </TextEquiv>
            </TextLine>
            <TextLine id="tr_2_tl_6" custom="readingOrder {index:5;}">
                <Coords points="4425,836 4460,840 4491,824 4527,831 4555,805 4593,807 4621,822 4702,819 4697,748 4669,760 4643,748 4631,760 4605,746 4560,748 4543,734 4527,748 4496,736 4472,753 4446,746 4420,753"/>
                <Baseline points="4436,788 4526,794 4616,800 4705,800"/>
                <TextEquiv>
                    <Unicode>B.D.Herr</Unicode>
                </TextEquiv>
            </TextLine>
            <TextLine id="tr_2_tl_7" custom="readingOrder {index:6;}">
                <Coords points="3821,895 4006,921 4122,890 4714,900 4711,848 4614,826 4027,840 3821,812"/>
                <Baseline points="3833,877 3923,877 4012,877 4102,877 4192,877 4281,877 4371,877 4460,883 4550,883 4639,883 4717,883"/>
                <TextEquiv>
                    <Unicode>Liebster Herr Doctor,</Unicode>
                </TextEquiv>
            </TextLine>
            <TextLine id="tr_2_tl_8" custom="readingOrder {index:7;}">
                <Coords points="3774,1001 5417,975 5306,897 3774,919"/>
                <Baseline points="3786,967 3875,973 3965,967 4054,973 4144,967 4233,967 4323,967 4413,967 4502,967 4592,967 4681,961 4771,961 4860,961 4950,961 5040,961 5129,961 5219,961 5308,961 5398,961 5422,967"/>
                <TextEquiv>
                    <Unicode>Ich bin hier und würde mich freuen Sie zu sehen noch heute,</Unicode>
                </TextEquiv>
            </TextLine>
            <TextLine id="tr_2_tl_9" custom="readingOrder {index:8;}">
                <Coords points="3523,1063 5303,1096 5303,1013 5216,997 3523,1001"/>
                <Baseline points="3535,1056 3606,1062 3696,1062 3786,1068 3875,1062 3965,1068 4054,1062 4144,1062 4233,1062 4323,1056 4413,1056 4502,1056 4592,1056 4681,1056 4771,1056 4860,1056 4950,1056 5040,1056 5129,1056 5219,1051 5308,1051"/>
                <TextEquiv>
                    <Unicode>wenn es geht sagen Sie mir ob und wann ich Ihnen willkommen bin.</Unicode>
                </TextEquiv>
            </TextLine>
            <TextLine id="tr_2_tl_10" custom="readingOrder {index:9;}">
                <Coords points="4453,1312 4494,1304 4522,1321 4562,1319 4626,1297 4657,1321 4695,1326 4733,1290 4752,1302 4849,1300 4865,1295 4865,1191 4749,1158 4699,1196 4681,1186 4647,1205 4569,1186 4453,1205"/>
                <Baseline points="4466,1277 4556,1277 4645,1277 4735,1277 4825,1277 4872,1283"/>
                <TextEquiv>
                    <Unicode>Georg Brandes.</Unicode>
                </TextEquiv>
            </TextLine>
        </TextRegion>
        <TextRegion id="tr_3" custom="readingOrder {index:2;}">
            <Coords points="3415,2249 4633,2249 4633,3037 3415,3037"/>
            <TextLine id="tr_3_tl_1" custom="readingOrder {index:0;}">
                <Coords points="3414,2330 3449,2325 3471,2332 3483,2323 3499,2330 3525,2315 3551,2337 3568,2330 3603,2349 3625,2344 3622,2263 3606,2266 3577,2247 3551,2261 3528,2254 3513,2263 3471,2240 3459,2242 3428,2216 3412,2216"/>
                <Baseline points="3427,2299 3517,2299 3606,2299 3630,2305"/>
                <TextEquiv>
                    <Unicode>génus d</Unicode>
                </TextEquiv>
            </TextLine>
            <TextLine id="tr_3_tl_2" custom="readingOrder {index:1;}">
                <Coords points="3416,2429 3516,2394 3551,2417 3646,2394 3681,2415 3717,2396 3809,2401 3809,2344 3715,2353 3684,2339 3670,2353 3655,2344 3613,2358 3525,2318 3412,2332"/>
                <Baseline points="3427,2382 3517,2382 3606,2388 3696,2388 3786,2394 3815,2394"/>
                <TextEquiv>
                    <Unicode>ebwohl ich als</Unicode>
                </TextEquiv>
            </TextLine>
            <TextLine id="tr_3_tl_3" custom="readingOrder {index:2;}">
                <Coords points="3622,2514 3660,2512 3693,2500 3722,2505 3745,2500 3760,2486 3781,2488 3781,2448 3750,2450 3736,2439 3715,2450 3672,2431 3653,2429 3648,2434 3622,2427"/>
                <Baseline points="3636,2478 3726,2478 3786,2478"/>
                <TextEquiv>
                    <Unicode>Hier</Unicode>
                </TextEquiv>
            </TextLine>
            <TextLine id="tr_3_tl_4" custom="readingOrder {index:3;}">
                <Coords points="4072,2502 4108,2495 4134,2517 4209,2491 4235,2505 4264,2491 4278,2500 4347,2502 4347,2453 4323,2457 4306,2443 4285,2450 4217,2424 4160,2453 4117,2439 4072,2441"/>
                <Baseline points="4084,2484 4174,2484 4263,2484 4353,2484"/>
                <TextEquiv>
                    <Unicode>gesegneten</Unicode>
                </TextEquiv>
            </TextLine>
            <TextLine id="tr_3_tl_5" custom="readingOrder {index:4;}">
                <Coords points="3426,2590 3584,2576 3752,2609 3819,2576 4063,2585 4330,2630 4328,2498 4266,2488 4202,2533 4096,2491 3618,2521 3423,2488"/>
                <Baseline points="3439,2567 3529,2567 3618,2567 3708,2567 3797,2567 3887,2567 3977,2573 4066,2573 4156,2573 4245,2567 4335,2573 4341,2567"/>
                <TextEquiv>
                    <Unicode>wieder fast immer Begea. Ich bin</Unicode>
                </TextEquiv>
            </TextLine>
            <TextLine id="tr_3_tl_6" custom="readingOrder {index:5;}">
                <Coords points="3414,2673 3719,2663 3821,2699 4108,2666 4198,2706 4366,2704 4366,2621 4271,2609 4089,2592 4029,2626 3954,2604 3814,2630 3414,2592"/>
                <Baseline points="3427,2657 3517,2651 3606,2651 3696,2657 3786,2651 3875,2657 3965,2657 4054,2657 4144,2657 4233,2657 4323,2663 4371,2663"/>
                <TextEquiv>
                    <Unicode>es bisweilen schön ist, dann ist es</Unicode>
                </TextEquiv>
            </TextLine>
            <TextLine id="tr_3_tl_7" custom="readingOrder {index:6;}">
                <Coords points="3402,2763 4484,2782 4484,2694 3402,2706"/>
                <Baseline points="3415,2740 3505,2740 3594,2740 3684,2740 3774,2740 3863,2740 3953,2740 4042,2746 4132,2740 4221,2740 4311,2746 4401,2752 4490,2758"/>
                <TextEquiv>
                    <Unicode>herrlichen Wärme am Ufer des Meeres woh-</Unicode>
                </TextEquiv>
            </TextLine>
            <TextLine id="tr_3_tl_8" custom="readingOrder {index:7;}">
                <Coords points="3421,2879 3717,2843 3866,2879 3987,2848 4586,2886 4586,2810 4420,2768 4257,2808 3419,2765"/>
                <Baseline points="3433,2836 3523,2830 3612,2830 3702,2830 3791,2830 3881,2836 3971,2836 4060,2836 4150,2836 4239,2836 4329,2842 4418,2836 4508,2842 4592,2854"/>
                <TextEquiv>
                    <Unicode>Fleck ihre Geschichte, hier haben Araber Stadt</Unicode>
                </TextEquiv>
            </TextLine>
            <TextLine id="tr_3_tl_9" custom="readingOrder {index:8;}">
                <Coords points="3407,2933 4614,2959 4612,2895 4463,2855 4304,2891 4046,2855 3831,2886 3407,2862"/>
                <Baseline points="3421,2920 3511,2920 3600,2920 3690,2926 3780,2926 3869,2926 3959,2926 4048,2926 4138,2926 4227,2932 4317,2932 4407,2932 4496,2932 4586,2932 4616,2932"/>
                <TextEquiv>
                    <Unicode>terlassen, hier hat Heine und Platen gelast</Unicode>
                </TextEquiv>
            </TextLine>
            <TextLine id="tr_3_tl_10" custom="readingOrder {index:9;}">
                <Coords points="3414,3019 3987,3059 4070,3026 4626,3042 4624,2981 4572,2971 3414,2969"/>
                <Baseline points="3427,3009 3517,3009 3606,3015 3696,3015 3786,3015 3875,3021 3965,3021 4054,3021 4144,3021 4233,3021 4323,3027 4413,3027 4502,3027 4592,3027 4633,3027"/>
                <TextEquiv>
                    <Unicode>Teormina nicht wenige deutsche Herren mit zeit</Unicode>
                </TextEquiv>
            </TextLine>
        </TextRegion>
    </Page>
</PcGts>
