5848 3577
1241 378 2357 551 Taormina (Sicilien)
956 405 1184 541 le 1e 7e
1699 495 1997 563 Hotel Time
1889 526 2270 636 16. März 1898.
1036 626 1689 743 Liebeter Dr.Schnitzler.
738 718 2450 833 Ich fühle mich Ihnen und Herrn Dr. Beer-Hofmann gegenüber wirk-
511 821 2357 923 lich wie ein Schweinehund. Ich nehme in Wien Ihre Zeit in Anspruch,
511 901 2372 1004 Sie sehen täglich, wie es mir geht, Sie beide sind die letzten, die
528 1001 2407 1099 mich in Wien besuchen; ich reise fort und lasse nichts von mir hören,
498 1086 2387 1191 danke Ihnen nicht einmal. Nur hoffe ich dass Sie einen stummen Gruss
498 1169 2375 1269 von mir bekommen haben, da ich meine Tochter bat, Ihnen einige alte
475 1256 1349 1379 Drucksachen zu senden.
470 1329 2450 1446 Der Anfang meiner Reise/war durch die Krankheit meiner Mutter
511 1441 2465 1532 sehr verdüstert. Indes, sie lebt. Sie liegt zwar noch zu Bette, aber es
511 1554 2300 1654 geht ihr besser; sie kann täglich eine Stunde aus dem Bette sein.
738 1619 2415 1727 Ich las irgendwo, in Florenz glaub' ich, etwas über die Auf-
498 1709 2513 1807 führung Ihres Stückes in einem deutschen Blatt, konnte aber nicht daraus
498 1807 2077 1909 klug werden. Sind Sie mit dem Resultat zufrieden gewesen?
736 1897 2400 1999 Ich ging von Florenz nach Rom, wo die Studenten der philoso-
493 1952 2430 2082 phischen Fakultät artig genug waren mich mit einer sehr netten Adresse
498 2077 2400 2172 zu begrüssen. Es war dort bald kalt, bald warm, doch trocken, aber in
488 2157 2370 2255 Neapel wurde ich von argem gegenwetter verfolgt. Dort sah ich curios
498 2235 2475 2350 genug die ganze Aristokratie, da man mich viel in diesen Kreisen einlud,
495 2337 1909 2420 obwohl ich nicht einmal Empfehlungsschreiben hatte.
713 2430 2312 2508 Hier in diesem gesegneten und verhungernden Land hatte ich
485 2508 2455 2630 wieder fast immer Regen. Ich bin schon mehr als 14 Tage hier. Aber wenn
506 2598 2495 2705 es bisweilen schön ist, dann ist es hier am Fusse des Etna in der starken
475 2683 2445 2788 herrlichen Wärme am Ufer des Meeres wahrlich sehr schön. Hier hat jeder
488 2778 2417 2900 Fleck ihre Geschichte, hier haben Araber und Normannen usw. Spuren hin-
493 2875 2387 2973 terlassen, hier hat Heine und Platen gelebt, und noch gibt es hier in
475 2970 2252 3086 Taormina nicht wenige deutsche Herren mit seinen Leidenschaften.
3981 370 5195 546 — 2 — (16.3.1898)
3766 508 4885 661 Lieber Dr. Schnitzler, sehr guter Freund.
3569 611 5443 748 Haben Sie Dank für Ihre Zeilen. Was habe ich nicht alles erlebt seit
3448 701 5323 803 Ich Sie sah. Jetzt liege ich wieder zu Bett; die Venenentzündung ist
3456 803 5313 913 zurück Ich lebe hier gesellig am Tage, einsam von 5 Uhr ab, lese und
3408 908 5273 1001 schreibe viel, oder so viel ich vermag, denn alt und dumm bin ich.
3446 983 5385 1076 Ich danke Herrn Beer-Hofmann viel für das Buch von d'Annunzio,
3408 1089 5303 1179 das ich zwischen Wien und Florenz las; es war mir eigentlich zuwider,
3413 1156 5355 1271 und ich mag auch das Uebrige von d'Annunzio nur wenig. Uebrigens war
3926 1254 5320 1349 ohr stark gekürzt, als ich sie mit dem Original ver-
3418 1266 3874 1359 die Uebersetzung
3418 1339 5343 1434 glich. Grüssen Sie herzlich den weisen Mann Wollzeile 15, I-
3438 1419 5368 1549 Ich bitte mich auch Ihrer Frau Mutter bestens zu empfehlen.
3586 1514 5278 1614 Ihr ergebener
3574 1597 5350 1739 Krank, konnte meine Mutter nicht xxx
3446 1729 5363 1842 ihres Lebens und nicht an ihrer Beerdigung da sein. Ich habe nie einen
3438 1802 5128 1887 einzigen Tag in Kopenhagen versäumt meine Mutter zu besuchen.
3584 1887 5265 1972 Und jetzt liege ich in Streit mit den Deutschen wegen der Aus-
3448 1974 5238 2072 treibung der Dänen aus Schlesweg. Gibt es etwas widerlicheres als
3471 2050 4412 2172 Preussen? Nicht Frankreich einmal.
3581 2162 5268 2262 Mit ruhiger genissender Freude las ich das Vermächtnis. Es ist
3456 2232 5418 2337 ein völlig originales Ding, sehr diskret und vornehm, tief peesimistisch
3448 2330 5260 2435 und human. (Kennen Sie zufällig eine kleine Erzählung von Huysman
3448 2407 5253 2492 ge dilème, die behandelt ein ähnliches Thema, nur viel gröber oder
3438 2477 5253 2605 richtiger gehe anders, aber es ist da ein bisschen Verwandtschaft).
3604 2590 5315 2703 Es ist nur schade, dass das Stück wo ganz und gar traurig ist,
3448 2678 5243 2790 dann wird es nicht so viel Bühnenerfolge haben können, wie ich es
3443 2785 5325 2883 wünschte. Der Vater ist wunderbar gezeichnet. Und überhaupt, ich habe
3448 2840 5273 2965 Ihr Talent so lieb, Etwas freut mich schon, weil es von Ihnen ist.
3611 2935 5290 3053 Warum lässt doch unser Freund Beer Hofmann nie von sich hören?
