5850 3594
1282 409 2496 530 Kopenhagen (nicht Havnegade)
1470 511 2047 635 11.4.1911.
875 692 1646 820 Verehrter Herr und Freund.
726 766 2315 917 Heute schickte ich Ihnen eine Bagatelle, die ich über Ihr
595 858 2434 999 hier aufgeführtes Ballet geschrieben habe und legte eine andere
573 994 2404 1103 Bagatelle anbei. In deutscher Sprache habe ich sonst Nichts. In
553 1053 2412 1167 Deutschland habe ich nicht einmal mehr einen Verleger. Ich gab in
583 1155 2422 1269 diesen Tagen eine Broschüre heraus, aber Sie lesen ja leider nicht
600 1257 2508 1341 Dänisch. Ihr grosser Brief machte mir Freude. Wie schön dass es Ihnen
587 1339 2357 1438 endlich gut geht. Nur die Schwerhörigkeit gefällt mir gar nicht.
583 1448 2447 1539 Es ist lumpig von den höheren Mächten, mit Solchem sich schadlos zu
587 1507 2295 1656 ehalten. Verbindung mit der N.fr. Presse stehe 2) dass ich seine
578 1611 2556 1703 Mir geht es nicht eben strahlend, aber ich bin nicht krank.Adres-
573 1683 2434 1805 se von jetzt bis weiteres Hotel Lukretia, Boulevard Raspail, Paris.
553 1812 2459 1924 Ich drücke Ihre Hand in alter Freundschaft
1477 1874 1871 1985 Ihr ergebener
530 1886 962 2008 als Sie allein.
1663 1941 2516 2072 Georg Brandes.
535 1976 1443 2075 Meine Bitte ist also: fordern Sie
540 2045 2375 2166 ohnmächtiger Meister, irgend einen Journalisten auf, das Frl.Prozor
548 2142 2367 2243 (in der Truppe von Susanne Depres) zu intervieren und für sie ein
565 2253 1249 2380 wenig Stimmung zu machen.
548 2335 962 2454 Dies ma corvée.
548 2419 2494 2523 Aber ich mag nicht dieslangweilige Zeug abschicken ohne Ihnen aufs Neue
535 2508 2506 2623 zu sagen, wie lieb ich Sie trotz der Entfernung und meines Alters habe,
535 2613 1492 2727 und wie gerne ich Sie wiedersähe.
535 2682 2504 2799 Ich habe in Italien, Frankreich und Dänemark in diesem Frühjahr & Mena-
553 2786 2496 2903 te durch Venenentzündung verloren. Ich war jetzt in Schottland, weil sie
535 2883 2474 2989 Universität St. Andreas mich à l'occasion seines 500 jährigen Bestenens
560 2972 2345 3089 zum Ehrendoktor ernannt hatte. So sah ich allerlei Malerisches im
535 3066 711 3208 land.
3515 372 4199 553 Von tädtigen und wäre wurde, immer so wär¬
4291 407 4539 580 Kopenhag
4645 397 5119 530 onügende Adresse)
4643 508 4851 617 1911.
3807 689 4598 830 Verehrter und lieber Freund.
3557 818 4715 915 Ich weiss dedoch, dass andere Geist in Wien
3579 853 5384 1009 Graf Prozor, russischer Diplomat, vieljähriger Uebersetzer Ibsens
3485 977 5374 1068 ins Französische - er hat zur Frau etne schwedische Gräfin und kennt
3490 1071 5386 1180 unsere Sprachen - hat eine Tochter, die durch die Wirksamkeit des Va-
3498 1170 5133 1282 ters Ibsen-Enthusiastin und Ibsen-Darstellerin geworden ist.
5119 1182 5396 1329 sten wird.
3490 1264 4938 1373 Fräulein Prozor soll am12.ten in Wien Hedda spielen.
3490 1363 5312 1440 Der Vater hat mich wiederholt gebeten, ihr die Bahn zu ebenen durch
3490 1415 5342 1522 einen Artikel in der N.fr.Presse. Ich antwortete ihm 1) dass ich in
3485 1522 5250 1606 keinerlei Verbindung mit der N.fr. Presse stehe 2) dass ich seine
3485 1596 5384 1738 Tochter xxx nie gesehen habe. Er gibt nicht nach, fleht immer als al-
3485 1698 5032 1807 ter Freund, ich möge jemand in Wien seinethalber plagen.
3485 1792 5406 1891 Ich kenne Niemand, der mit Theatersachen irgendwie in Berührung steht,
3470 1894 3916 2003 als Sie allein.
3490 1993 5473 2070 Meine Bitte ist also: fordern Sie, lieber Freund und in Wien gewiss nich
3485 2050 5332 2152 ohnmächtiger Meister, irgend einen Journalisten auf, das Frl. Prozor
3485 2152 5312 2251 (in der Truppe von Susanne Deprès) zu interviewen und für sie ein
3490 2248 4189 2367 wenig Stimmung zu machen.
3485 2347 3921 2451 Dies ma corvée.
3488 2390 5446 2526 Aber ich mag nicht dieslangweilige Zeug abschicken ohne Ihnen aufs Neue
3485 2513 5456 2620 zu sagen, wie lieb ich Sie trotz der Entfernung und meines Alters habe,
3485 2600 4412 2712 und wie gerne ich Sie wiedersähe.
3485 2709 5463 2801 Ich habe in Italien, Frankreich und Dänemark in diesem Frühjahr 3 Mona-
3485 2784 5461 2880 te durch Venenentzündung verloren. Ich war jetzt in Schottland, weil die
3490 2870 5411 2955 Universität St. Andreas mich à l'occasion seines 500 jährigen Bestehens
3485 2962 5476 3059 zum Ehrendoktor ernannt hatte. So sah ich allerlei Malerisches in Schott
3485 3074 3656 3160 land.
