5846 3608
659 454 830 569 V. P.
1455 439 2200 651 (13.6.20.)
1172 514 1329 615 2 -
654 574 1045 700 Verehrter Liet
1127 569 1332 692 Freund.
683 656 2352 789 Es war mir eine Freude, von Ihnen zu hören, eine noch grös
625 743 1180 844 dass Sie jenes schon
584 779 2511 910 und Moskau. Die paar russischen Freude und Freundinnen, die ich hatte,
577 890 2386 977 sind nach Constantinopel versprengt, und leben dort in Armuth; in
584 975 2523 1098 Deutschland ist alles unsicher und in Auflösung; in Frankreich und Eng-
572 1054 2420 1192 land sind mehrere meiner besten Freunde Jingo's geworden und aller
577 1139 2352 1262 Vernunft verschlossen. Das grosse Publikum est dort. wie überall,
567 1223 2364 1365 "der ewige Dummkopf, der man genannt wird." Ich hatte hier einen
572 1344 2420 1464 flüchtigen, aber recht angenehmen Besuch von einem österreishischen
567 1431 2340 1561 Obersten Namens Kreutz, der ein gutes Buch Die grosse Phasse ge-
584 1530 2384 1665 schrieben hat, und danach winige weniger gute, oder wiederholende.
786 1592 2461 1715 Mein Leben ist einsam; ich arbeite viel, habe wieder, nachdem
552 1684 2388 1797 ich die zwei Bände über Cäsar herausgab, eine grosse Maschine in
1185 1776 2408 1913 nderthalb Jahren in der italienischen Renais-
567 1802 1134 1913 Arbeit; ich bin seit
1341 1867 1520 1918 er zösis
560 1870 2439 2005 sance vertieft. Ob es was wird, weiss ich nicht. Ich habe ja mehrere
555 1966 2367 2096 Altersgrenzen hinter mir.
1370 2000 1534 2096 G.C.F.F:F.P:F:
589 2019 2335 2181 Beer-Hofmann merkwürdige Myterie verstehe ich als seine
555 2142 2437 2244 Antwort auf die immer mehr anschwellende Bewegung des Judenhasses in
555 2253 2362 2335 Europa. Diese Bewegung hat auch den Norden erreicht, und mich zum
557 2333 1247 2449 Einsiedler gemacht. Frühe
1356 2311 2499 2417 er ich Däne und wurde so aufgefasst; plötz-
548 2422 2415 2523 lich werde ich Jude genannt, und war es nie. Unmöglich, irgend etwas
548 2497 1554 2639 der Krapüle verständlich zu machen.
577 2581 2384 2707 Ich hoffe, dass es Ihrer Frau Gemahlin und Ihren Kindern
2188 2678 2432 2762 hundert
540 2690 1158 2825 nicht übel geht. Ich
1312 2673 2048 2786 Ihnen vom Herzen die Hand.
1310 2753 1648 2840 vergnügen.
2246 2745 2400 2856 or be-
574 2811 1421 2941 Lehrenden Bücher gehabt haben xxx
1785 2861 2205 2965 Georg Brandes.
827 2885 1715 3030 Ich sondurch dies Intervisw, wie
2080 2922 2509 3049 denkeiten Sie
557 2992 1853 3112 durch das alte, nur scherzhafts und witzige. Nach
1944 3013 2456 3146 gebracht haben. Der
560 3086 1882 3213 jetzt überall, glühende Antisemitinnen und die Tage
2166 3124 2384 3230 geben
567 3192 2186 3303 im Verein solche Resultate. Als ob die Messchen durch die usa-
3638 458 3872 574 1.  1    1
4019 422 4232 589 '1' 1'
4470 444 5136 647 Kopenhagen 5. Januar 22,
3570 555 4270 680 Verehrter lieber Freund.
3587 671 5423 799 Es war mir eine Freude, von Ihnen zu hören, eine noch grössere,
3575 760 5500 878 dass Sie jenes schon alte Buch, das ich seit 1915 nie wieder angesehen
3566 840 5443 992 habe, mit Befriedigung gelesen. Welcher Fluch für mich, eine Sprache
3563 912 5334 1071 zu schreiben, die Niemand versteht. Ich möchte Ihnen so gern die
3566 1033 5351 1156 späteren Bücher, Voltaire, Cäsar, Michelangelo zugeschickt haben.
3554 1103 5076 1228 Auch was ich in der letzten Zeit über Homer geschrieben.
3558 1218 5298 1337 Ich weiss nicht, ob Ihre Zei ungen davon gesprochen, dass
3539 1291 5394 1431 (weil es am 3. November 50 Jahre her war, dass ich meine ersten Vor-
3554 1394 5428 1522 träge an der Kopenhagener Universität hielt) hier grosse Feier waren,
3542 1481 5435 1619 Fackelzug, der Studenten und anderes. Es würde mich vor 40 Jahren sehr
3534 1563 3956 1677 gefreut haben.
4142 1614 4405 1694 meisten
3544 1657 5399 1790 Am 15. Januar soll ich vor der Aufführung von Tartuffe von der
3529 1759 5375 1867 Bühne des Dagmaren Theaters über Molière reden. Am 19.wieder an die
3517 1824 4883 1957 russischen Schauspieler französisch reden.
3510 1920 5373 2075 Dann verschwinde ich Ende dieses Monats für einige Zeit. Ich
3527 2017 5257 2147 will mich wahrlich nicht zu meinem 80. Geburtstag Glück wünschen
3508 2077 4630 2248 lassen. Die Lächerlichkeit wäre zugross.
4885 2109 5257 2224 nigung, Ihren
3720 2207 5300 2294 Ich las hier einmal im Herbst in einer Zeitung ein Inter-
3510 2280 5327 2432 view eines mir unbekannten dänischen Journalisten mit Ihnen, worin
3508 2355 5351 2485 Sie sehr freundliche Worte über mich sagten, ich glaube die freund-
3491 2441 5134 2606 lichsten, die in jenem Blatte je über mich gestanden haben.
3771 2545 5262 2668 Ich bleibe Ihnen immer verpflichtet und verbunden. Der
3491 2632 5363 2767 Genuss, den ich durch das Lesen Ihrer Werke gehabt habe, ist hundert
3486 2736 5327 2849 Mal grösser als das mögliche Vergnügen, das Sie durch meine nur be-
3498 2803 4523 2938 lehrenden Bücher gehabt haben können.
3747 2897 5409 3037 Ich sahdurch dies Interview, wie viel Unannehmlichkeiten Sie
3486 3001 5390 3139 durch das alte, nur scherzhafte und witzige, Reigen gehabt haben. Der
3486 3110 5298 3211 jetzt überall glühende Antisemitismus und die Tugendholderei geben
3484 3192 5286 3295 im Verein solche Resultate. Als ob die Menschen durch die Umstände
