5846 3608
919 424 1703 593 1 7 1/2 1/4 a.t. 4 1 4 1/1 4 1 f. 1.
637 468 826 605 1 1 1/1
644 568 877 679 Brandes.
1688 549 1891 671 Salzburg
1913 546 2308 710 5. Oesterr.Hof.
1673 657 1896 740 24.5.19
632 715 1566 843 Hochverehrter Herr Dr. Schnitzler.
1019 779 2575 916 Dr.Brandes dankt Ihnen ergebenst für Ihren freundlichen
625 882 2595 987 Brief. Wie Sie wahrscheinlich aus den Zeitungen erfahren haben, erkrank-
632 1009 2479 1088 te Dr. Brandes gleich nach seiner Ankunft hier an Bronchitis, und es
632 1076 2565 1198 sah für ein paar Tage recht ernst aus, aber glücklicherweise ist es gut
620 1149 2484 1269 gegangen, die Krankheit ist beinahe vorüber und morgen wird er, wenn
612 1242 2467 1362 das Wetter schön bleibt, spazt ren fahren.- Mit Ausnahme der ersten
608 1350 2521 1438 Woche hat die Sonne jeden Tagen von einem wolkenlosen Himmel niederge-
632 1416 2460 1541 schienen und Salzburg hat sich in aller ihrer Schönheit dargeboten;
625 1534 2558 1622 die Stadt ist ja entzückend und ich hoffe, dass Dr.Brandes bald imstan-
625 1612 2516 1754 de sein wird, kleinere Ausflüge zu machen und etwas von der Schönheit
620 1703 992 1828 zu geniessen.
960 1771 2497 1889 Dr. Brandes beauftragt mich Sie zu sagen, dass auch für
620 1877 2450 1967 ihn war das Zusammensein mit Ihnen hochverehrter Herr Doktor, eine
620 1967 2479 2056 grosse Freude, und dass er sich bei Ihnen ausserordentliche wohl be-
612 2063 2501 2178 funden habe. Er würde sich sehr freuen, wenn Sie, wie Sie andeuteten,
620 2132 1512 2266 in Herbst nach Kopenhagen kämen.
899 2212 2514 2345 Ich möchte gerne die Gelegenheit benützen und Ihnen, ver-
612 2310 2526 2433 ehrter und lieber Herr Doktor, vom Herzen danken für die schönen Stun-
603 2401 1558 2536 den, die ich bei Ihnen verbrachte.
865 2474 2075 2631 Mit besten Grüssen von Dr.Brandes und Ihrer
2021 2572 2477 2746 Gertrude Rung.
907 2832 1328 3028 Leider reist je
622 2984 1744 3116 Geusine auf 6 Wochen nach Italien. Ich kann
610 3058 1122 3185 sicht bewältigen.
838 3156 1340 3278 Sie wiesen kann,
2080 3210 2418 3376 raten für Ihr
701 3195 1377 3388 vieljährige Freundschaft
4479 424 5444 578 1 1/2 „ „ —„ —: „ 4, 5, 4, 7, 5
3959 463 4116 566 "  "    "
3651 512 3915 662 Brandes.
4547 532 5277 708 Kopenhagen, 21. Juni 1925.
3651 639 4204 782 Mein lieber Freund.
3624 764 5522 902 Sie waren diesmal wieder sehr gütig gegen mich in Wien. Ich
3628 870 5517 982 ging nach Salzburg, verlor aber dort vier Wochen mit Bronchitis, bin
3638 960 5588 1068 hier, und kann über die Gemundheit nicht klagen, obwohl der Sommer hier
3641 1036 4366 1152 kalt und unheimlich ist.
3896 1132 5412 1237 Ich hätte Ihnen sehr gerne mein kleines Buch Hellas ge-
3626 1223 5532 1340 schickt, aber leider durch allerlei Verlegerschwierigkeiten lässt die
3621 1262 4704 1399 deutsche Uebersetzung auf sich warten.
3883 1409 5441 1526 Es war schön, Sie und Ihr Haus wiederzusehen. Es tut mir
3609 1433 5483 1602 leid zu merken, dass Ihre Stimmung nicht heiter war. Sie waren nicht
3597 1544 5549 1700 deshalb weniger liebenswürdig, aber ich gönnte Ihnen mehr Lebensfreude.
3861 1681 5512 1823 Man hat ja seitdem ein älteres Schauspiel von Ihnen im Burg-
3594 1710 5444 1877 theater aufgeführt; ich hoffe, dass die Poesie des Stückes zu ihrem
3587 1811 5508 1970 Recht kam. Es muss doch ein angenehmes Gefühl sein, auf viele Menschen
3587 1901 5454 2043 zugleich zu wirken. Sie sind diesem Genuss gegenüber wohl etwas ver-
3592 1987 4853 2132 wöhnt und blasiert, aber nicht desto weniger!
3849 2117 5520 2237 Ich wurde eingeladen, die Festlichkeiten wegen des 200 jähri-
3555 2144 5459 2328 gen Bestehens der Akademie der Wissenschaften in Leningrad (1) mitzu-
3545 2264 5456 2423 machen; sie strecken sicha in Petersburg und Moskau von 6.-16. Septem-
3567 2352 5437 2499 ber, aber ich wollte als Gast nicht heucheln, und Entzücken über den
3562 2435 5454 2590 ietzigen Zustand in Russland wäre meinerseits Heuchelei. Reden müsste
3562 2528 5424 2680 ich ja, und das schreckte mich. Sonst hätte ich gern die zwei Städte
3555 2609 4993 2764 unter den veränderten Umständen wiedergesehen.
3820 2751 5334 2893 Sie waren sehr lieb so wohl gegen meine Begleiterin wie
3545 2771 3859 2901 gegen mich.
3824 2889 5356 3053 Leider reist jetzt Frau Rung mit ihrem Gatten und ihrer
3533 2996 5488 3165 Cousine auf 6 Wochen nach Italien. Ich kann ohne sie meine Korrespondenz
3526 3067 4023 3192 nicht bewältigen.
3766 3170 5390 3320 Sie wissen kaum, wie dankbar ich mich im Innersten für Ihre
3602 3232 4974 3386 vieljährige Freundschaft fühle. Ihr Georg Brandes.
