5828 3576
966 431 1937 579 — 2 —  (10.3.99)
562 411 769 540 1e,1m1
446 601 2299 732 Ich habe sonst wenig arbeiten können. Nur Annie Viranti aus dem
434 739 1582 838 Italienischen in dänische Verse gebracht.
1688 811 1885 884 erfahren
577 816 2316 924 Sie Liebenswürdiger fragten mich einmal in einem Brief:Wie sind
446 914 2304 1020 Ihre Verse? Sind sie gut? Nansen findet sie akademisch, ein Urtheil,
446 1005 2333 1096 das ich ein bischen komisch finde, denn sie sind sehr persönlich, aber
434 1094 2249 1244 als Verse sind sie gut. Das Einzige auf der Welt was ich kann ist
439 1178 973 1296 Dänisch schreiben.
547 1254 2311 1422 Ich drücke Ihre Hände. Kürzlich erfuhr ich, dass Goldmann wieder
1604 1362 2023 1446 Ich heile nicht;
478 1338 1286 1459 Europa ist. Das freut nich.
471 1434 631 1542 Mw. M.
1715 1422 2269 1535 n, bisweilen bricht
1168 1429 1678 1606 Ihr ganz ergebener
2065 1510 2286 1619 efängnis.
434 1515 986 1643 die Entzündung auf e
1646 1518 2065 1646 Georg Brandes
434 1594 2333 1776 Man fängt in nächster Woche hier an, meine Gesammelten Schriften(!)
439 1722 1784 1875 herauszugeben und glaubt an einen Erfolg.
1818 1774 2341 1902 guter Bekannter ist
1680 1870 2392 1993 Man hat circa 5000 Subscri
424 1885 739 1993 der Urheber
833 1877 1170 1983 sich sie schein
1436 1954 2345 2084 erscheinen alle 14 Tage 10 Bogen.
419 1959 1330 2087 benten und druckt 6000 Exemplare.
426 2070 2363 2168 und es wird etwas über drei Jahre dauern. Dennoch gehören einige meiner
416 2151 2328 2279 grösseren Schriften nicht diesem Verlag. So viel Papier habe ich immer
443 2244 734 2350 Geschwärzt.
613 2294 2286 2424 Madame Marai, die ich übrigens nie gesehen habe, schrieb mir,
416 2407 2328 2501 dass Goldmann bet ihr gewesen war und sich mit Freundschaft meiner er-
416 2486 2336 2612 innert hatte, was mich erfreute. Richard Beer Hofmann gibt mir nie ein
404 2580 820 2693 Lebenszeichen.
601 2639 2114 2784 Wie gut, dass Sie nicht von jenem Schriftsteller heimge-
416 2750 2244 2870 wurden! Lasen Sie den kl.Aufsatz pro patria, den ich in der xxx
421 2880 2225 2998 vom 7. April hatte? Neue fr. Presse und Die Zeit verweigerten, ihm
434 2934 2205 3053 zu drucken. Die Oesterreicher sind preussischer als die Preussen.
426 3006 2336 3161 Das arme Skandinarien, man peinigt im Süden die Schleswiger, im Norden
416 3122 884 3272 die Finnländer.
3903 416 4955 569 Kopenhagen, 11. Mai 99.
3035 399 3422 596 Votre très obéissant avec la viele
3353 616 5051 737 Liebster Sie haben mich sehr geehrt, indem Sie mir Ihren
3365 692 5260 820 Schmerz gesagt haben. Sie wünschen, dass ich darüber nichts sage, ich
3353 793 5228 921 antworte Ihnen denn nur: ich habe selbst viel erfahren, Verluste ge-
3361 884 5206 983 litten, bisweilen recht Hartes ausgestanden: Sie sind jung, ich bin
3348 981 5174 1089 als, ich wege deshalb sonst keinen Vergleich, Ich glaube aber, wir
3353 1084 5302 1175 haben Eins gemeinsam, den inneren Born, den unversiegbaren Lebenstrieb,
3358 1155 5223 1266 dem das Leben immer wieder werth wird.
3370 1220 5235 1353 Ich kann dies sagen, denn meine Lage scheint meine Vorte zu ver-
3361 1348 5255 1451 spotten. Seit 5 Monaten liege ich zu Bett. Ich heile nicht; eine Ent-
3353 1439 5248 1542 zündung der Venen folgt bei mir immer der anderen, bisweilen bricht
3361 1523 5231 1621 die Entzündung auf einmal an drei Stellen aus. 5 Monate im Gefängnis
3353 1609 5260 1710 machen eine lange öde Zeit. Ich erhalte mir das Leben durch Lesen und
3361 1688 5270 1791 Schreiben, erhalte auch bisweilen Besuche. Man hat hier eine Volksaus-
3336 1769 5280 1887 gabe meiner Schriften angefangen (Peter Nansen Ihr guter Bekannter ist
3348 1868 5324 1981 der Urheber) und sie scheint Erfolg zu haben. Man hat circa 5000 Subscri
3353 1969 5272 2060 benten und druckt 6000 Exemplare. Es erscheinen alle 14 Tage 10 Bogen,
3353 2047 5297 2158 und es wird etwas über drei Jahre dauern. Dennoch gehören einige meiner
3348 2153 5270 2277 grösseren Schriften nicht diesem Verlag. So viel Papier habe ich immer
3338 2225 3683 2331 geschwärzt.
3533 2313 5206 2427 Madame Marni, die ich übrigens nie gesehen habe, schrieb mir,
3348 2417 5267 2498 dass Goldmann bei ihr gewesen war und sich mit Freundschaft mein r er-
3341 2520 5277 2621 innert hatte, was mich erfreute. Richard Beer Hofmann gibt mir nie ein
3336 2597 3770 2708 Lebenszeichen.
3538 2685 5199 2789 Wie gut, dass Sie nicht von jenem Schriftsteller heingesucht
3348 2784 5206 2865 wurden! Lasen Sie den kl. Aufsatz pro patria, den ich in der Zukunft
3341 2851 5194 2952 vom 7. April hatte? Neue fr. Presse und Die Zeit verweigerten, ihn
3341 2964 5152 3053 zu drucken. Die Oesterreicher sind preussischer als die Preussen.
3353 3050 5287 3154 Das arme Skandnavien, man peinigt im Süden die Schleswiger, in Norden
3341 3146 3802 3260 die Finnländer.
