5846 3608
1291 360 1725 556 R.J.C. M.
715 483 960 605 Brandes.
1833 534 2531 664 Kopenhagen 12. Juli 1925.
693 654 931 745 Freund!
767 708 2568 882 Haben Sie herxlichen Dank für herzliche Worte. Unter Ihrem Uebeln
708 835 2563 970 scheint einem 83 Greis das Ohrleiden das einzig ernste. Glücklicher-
681 916 2526 1049 weise ist es nicht schlimmer, als dass Sie sich vastfreundlich mit
693 1022 2580 1137 den Leuten unterhalten können, und theatralischen Erfolg erleben. Ich
703 1100 2541 1245 las kürzlich sehr gerne aufs Neue Beatrices Schleier und fand darin
691 1191 2504 1335 Tiefen, eine Einsicht in die Frauenseele, die ich nie gehabt habe
684 1269 2460 1411 und nie erwerben könnte. Bin dazu geschaffen von complizierteren
679 1367 2479 1504 Frauen an das Nase herangeführt zu werden und nur die einfachen zu
671 1460 2484 1578 verstehen.- Sie sind und bleiben für mich der Angelpunk Wiens. Da
674 1526 2555 1681 Sie mit vielen Menschen und mit dem Theater zu tun haben, kennen Sie
671 1639 2597 1754 nicht mein Los, die Einsamkeit. Alle fast sind gestorben, die mir nahe
684 1727 2582 1867 standen, alle die wenigen, in die ich Vertrauen haben konnte. Und ich
674 1818 2509 1911 mache keine neuen Bekanntschaften, habe zu viele Täuschungen erlit-
674 1913 2533 2053 ten. Unter uns - bitte sagen Sie es Niemand - die sogenannte Mensch-
676 1997 2531 2136 heit ist eine abscheuliche Bande. Es gibt ja glücklicherweise einige
666 2090 2516 2212 Ausnahmen.- Kopenhagen ist im Sommer eine Wüste, aber ich mag nicht
657 2198 2384 2278 seisen, arbeite stetig, aber es ist "die Arbeit des schlechten
664 2276 2526 2401 Kopfes“, wie mein alter Schuldirektor sagte, wenn ich meine Irrtümer
659 2376 2477 2472 mit meinem Fleiss entschuldigen wollte.- Sie haben doch wenigstens
671 2448 2401 2565 Erfolge aufzuweisen, in meinem Fach gibt es keine Erfolge; ich
666 2541 2604 2658 verkaufe 1500 oder 2000 Exemplare in meinem Patria und die Uebersetzun-
662 2634 2526 2742 gen bringen nichts ein. Doch genug geheult und seien Sie innigst be-
659 2724 848 2815 dankt.
948 2881 1352 3033 Georg Brandes.
4645 424 5123 564 V. P. v. G. A. M.
4640 529 5312 639 Kopenhagen.30.Dez.1925.
3673 546 3935 674 Brandes.
3798 625 4167 723 ebster Freund.
4430 703 5138 818 sigen Menschen, dem ich nun
3680 735 4307 853 Mein liebster Freund.
4006 786 5537 924 Das Jahr ist zu Ende, und ich habe Ihnen unendliches zu
3690 887 5535 1014 danken, dass es in Wien für mich einigermassen gut ablief. Sie als
3682 985 5652 1100 Arzt wissen, dass uralte Menschen meistens beschwerlich sind. Sie haben
3702 1073 5566 1205 es mich nicht fühlen lassen, aber Ihr Hausk in Wien ist mir ein Heim
3695 1178 5650 1279 gewesen. Sie haben wohl in 35 Jahren unsere Freundschaft ununterbrochen
3702 1223 5618 1387 bewahrt, obschon Sie immer mehr leisteten, als ich im Stande war. Ihre
3707 1350 5535 1477 Gastfreundschaft Frau Rung und mir gegenüber wird mir unvergesslich
3714 1453 5574 1553 sein, was freilich ein bischen lächerlich klingt, da die 84 jährigen
3712 1524 5630 1646 sich gewöhnlich nicht lange einer Erinnerung erfreuen können. N'impor-
3712 1627 5471 1752 te! So lange wie das Tageslicht sehen, tut es nicht viel, ob wir
3707 1698 5603 1835 uns schaneller oder langsamer bewegen. - Ich habe Ihnen noch nicht für
3724 1813 5539 1916 die feine Erzählung Die Frau des Richters gedankt, nicht, dass ich
3726 1887 5610 2009 sie weniger schätze, aber ich hatte sie schon irgendwo gelesen, bevor
3717 1972 5623 2090 sie in Buchform erschien. Mit Freude las ich, dass Sie Theaterfolge
3719 2082 5564 2188 haben. Arm, wie wir alle sind, ist das von Nutzen. Aus vollem Herzen
5326 2234 5694 2347 Georg Brandes
