5796 3577
1078 347 2396 582 ###37 Kopenhagen, 18. Oktober 1914
913 534 1792 657 Verehrter Freund!
824 666 2518 784 Da ich erfuhr, dass die schwedische Akademie sich trotz ihres
661 764 2461 884 früheren Planes entschlossen hatte auch in diesem Jahr die Preise
664 820 2413 937 auszuteilen, wendete ich mich an das Comité. Man teilt mir mit:
683 920 2566 1047 Es ist ein purer Irrtum, dass Sie in diesem Jahr vorgeschlagen
661 1028 2485 1117 gewesen, Sie sind überhaupt nie in Vorschlag gekommen. Die Pflicht
661 1109 2492 1210 des Schweigens verbietet ihnen, mir mitzuteilen, wer vorgeschlagen
666 1208 2511 1335 ist. Aber man lässt mich verstehen, dass der Preis schon weggegeben
649 1282 827 1375 ist.
2262 1299 2454 1397 letzt in
661 1340 2473 1500 Wollen Sie im folgenden Jahr in Betracht kommen, müssen Sie
654 1481 2466 1594 vor Ausgang des kommenden Januars von so vielen und so wuchtigen
647 1558 2552 1687 Namen wie möglich vorgeschlagen werden. Unter diesen ist der meinige
654 1665 2497 1735 Ihnen sicher. Man wird Sie wohl aber kaum als "Idealist" auffassen,
649 1740 2437 1840 was die Bedingung ist.- Die schönsten Grüsse in dieser traurigen
654 1816 843 1919 Zeit.
2164 1891 2504 2080 org Brandes.
1471 1991 1893 2102 Georg Brandes
4352 376 5185 496 Kopenhagen, 23. Dezember 1914.
3973 446 4131 551 G.C.F.P.
4323 472 5135 573 Kopehhhagen(genügenden Adresse)
3915 539 4706 666 Verehrter und lieber Freund,
3539 700 5281 824 Es freute mich ein Lebenszeichen von Ihnen zu sehen. Es freute
3525 798 5226 944 mich noch mehr, dass Sie und die Ihrigen in guter und ruhiger
3515 887 5358 1023 Stimmung sind. Meine einzige Tochter ist in Berlin verheiratet. Ihr
3527 970 5406 1102 junger Mann ist Fabrikant und Gardeleutnant der Artillerie, er wurde
3534 1078 5401 1172 schon im September zum Oberleutnant befördert und bekam im November
3549 1162 5416 1289 das eiserne Kreuz. Aber er ist in steter Lebensgefahr. Meine Tochter
3546 1239 5411 1359 war mehrere Monate hier mit zwei Kleinen, einer Tochter von 7 Jahren
3549 1340 5368 1447 und einem Jungen von 2 Jahren, beide sehr hübsch; sie ist jetzt in
3544 1440 5351 1529 Berlin und natürlich recht unruhig und mitgenommen von der ewigen
3551 1522 5320 1651 Spannung. Ich arbeite viel, schreibe im Augenblick ein Buch über
3558 1601 5480 1730 Goethe, parallel zu dem ich einmal über Shakespeare schrieb. Ausserdem
3561 1709 5197 1838 habe ich fast jeden Monat ein grosses Essay veröffentlicht.
3556 1785 4884 1922 Grüssen Sie Ihre FrauGemahlin und Beer-Hofmanns.
3563 1905 3848 2013 hier Ihres
4083 1910 4433 2010 Mardi im Wesen
4994 1876 5406 2078 Georg Brandes.
4100 1982 4495 2092 auer: nur kann
3839 2075 4598 2183 eunden, dass wil Jemand nicht
3913 2166 4730 2286 nicht für seine Ueberzeugung ein
3623 2240 4735 2372 alle ohne grotest das meiste hingehen,
3539 2329 4730 2432 doch nichts nützt; aber Sie sollten nicht
3537 2423 4704 2528 durch Entmutigung lähmen. Das ist die alte
3534 2506 4459 2624 die dem Pathos die Spitze abbrich
3575 2598 4366 2729 Doch, was liegt heutzutage an
3537 2725 3726 2808 horrer
3719 2744 3987 2835 Tongue nou
3539 2789 4186 2916 Cannot conceive nor Man
3544 2871 4150 3005 Ich Habe leider is Auszug
3635 2983 3846 3072 anrechst
3635 3055 4042 3197 1871 nach einen
3539 3163 4107 3252 2½ Jahren macht wie
