5768 3607
1067 410 1251 547 2 -
1824 405 2151 556 23.8.1914.
415 417 592 575 P.S.
1419 532 2184 681 Kopenhagen, 18. Oktober 1914
496 628 1935 743 glieder der Akademie und ich werde ihnen schreiben.
599 719 2362 834 Nur ist dies nicht der Moment. Kein Mensch in Schweden denkt an
511 806 2359 913 anderes als an den Krieg; das ganze Land ist zur Verteidigung gegen
491 892 2268 1012 Russland gerüstet. xxx hatte auch in diesem Jahr die Preise
503 983 2350 1098 Ich lernte im vergangenen Sommer einigermassen englisch reden,
499 1084 2390 1177 hielt im November-Dezember mit viel Erfolg Vorlesungen in allen Städ-
503 1170 2398 1268 ten Englands und Schottlands. Mai und Juni redete ich in Nordamerika,
499 1256 2342 1357 in New Xrxk Haven, Chicago und New York. An meinem letzten Abend in
503 1338 2412 1443 New York im Juni (93. Fahrenheit) hatte ich das Comedy Theatre so voll,
506 1443 2388 1537 dass über tausend Personen mit unverrichteter Sache weggehen mussten.
640 1522 2407 1635 Und nun haben wir den schrecklichen Weltkrieg. Ich möchte Unter-
494 1611 2421 1729 gang für Russland, Rettung für Frankreich. Aber wer fragt nach unseren
487 1697 2395 1848 Wünschen! Meine Tochter hat einen jungen deutschen Artillerieoffizier
487 1796 2311 1908 von 32 Jahren zum Gatten. Sie ist hier mit einem kleinen Mädel von
499 1887 2335 2016 6 Jahren und einem kleinen Jungen von 2 Jahren in grosser Angst für
499 1985 1678 2083 ihren Mann, den sie leidenschaftlich liebt.
643 2067 2163 2172 Meinen ehrerbietigen Gruss an Ihre liebe Frau Gemahlin.
631 2151 1709 2270 Ich bin Ihr treuer Freundsorg Brandes,
1311 2237 1729 2342 Georg Brandes.
3558 408 5049 573 Novembr. 23. Dezember 1914.
3774 561 5085 695 Verehrter und lieber Kopenhagen, 18.Oktober 1914
3390 678 4850 865 Es freu Verehrter Freund!
3378 803 5210 933 nich da ich erfuhr, dass die schwedische Akademie sich trotz ihres
4908 892 5159 1007 Le Preise
3361 935 4761 1029 früheren Planes entschlossen hatte auch in diesem J
3373 985 5076 1122 auszuteilen, wandete ich mich an das Comité. Man teilt mir mit
4831 1050 5263 1177 nur vorgeschlagen
3366 1093 4699 1211 Es ist ein purer Irrtum, dass Sie in diese
4905 1163 5188 1266 Pflicht
3354 1177 4793 1304 gewesen. Sie sind überhaupt nie in Vorschlag gekomme
3354 1251 5203 1398 des Schweigens verbietet ihnen, mir mitzuteilen, wer vorgeschlagen
4771 1335 5222 1453 schon weggegeben
3366 1381 4658 1508 ist. Aber man lässt mich verstehen, dass der Prä-
4769 1424 5181 1530 e ist jetzt is
3354 1498 5059 1570 ist. in und natürlich recht unruhig und mitgenommen von der evi¬
3366 1520 5188 1661 Wollen Sie im folgenden Jahr in Betracht kommen, müssen Sie
3361 1621 5159 1753 vor Ausgang des kommenden Januars von so vielen und so wuchtigen
3354 1709 5212 1844 Namen wie möglich vorgachlagen werden. Unter diesen ist der meinige
3354 1803 5198 1935 Ihnen sicher. Man wird Sie wohl aber kaum als "Idealist" auffassen,
3361 1896 5123 2023 was die Bedingung ist.- Die schönsten Grüsse in dieser traurigen
3342 1985 3522 2088 Zeit.
4800 2031 5191 2165 Georg Brandes.
4179 2151 4610 2268 Georg Brandes.
