<?xml version="1.0" encoding="UTF-8" standalone="yes"?>
<PcGts xmlns="http://schema.primaresearch.org/PAGE/gts/pagecontent/2013-07-15" xmlns:xsi="http://www.w3.org/2001/XMLSchema-instance" xsi:schemaLocation="http://schema.primaresearch.org/PAGE/gts/pagecontent/2013-07-15 http://schema.primaresearch.org/PAGE/gts/pagecontent/2013-07-15/pagecontent.xsd">
    <Metadata>
        <Creator>prov=READ-COOP:name=TrHtr:version=2.1.0:model_id=51170:date=29_07_2023_11:38</Creator>
        <Created>2023-05-10T12:30:43.788+02:00</Created>
        <LastChange>2023-07-29T11:38:39.827+02:00</LastChange>
        <TranskribusMetadata docId="1428210" pageId="55403403" pageNr="44" tsid="131409630" status="IN_PROGRESS" userId="64420" imgUrl="https://files.transkribus.eu/Get?id=LDIBEFREQDPTHQQQZZNCNNLK&amp;fileType=view" xmlUrl="https://files.transkribus.eu/Get?id=IRQUNHWDCCUVPBCPURWDFWTG" imageId="44678224"/>
    </Metadata>
    <Page imageFilename="1428210_0044.jpg" imageWidth="5848" imageHeight="3577">
        <ReadingOrder>
            <OrderedGroup id="ro_1711795762488" caption="Regions reading order">
                <RegionRefIndexed index="0" regionRef="tr_1"/>
                <RegionRefIndexed index="1" regionRef="tr_2"/>
            </OrderedGroup>
        </ReadingOrder>
        <TextRegion id="tr_1" custom="readingOrder {index:0;}">
            <Coords points="489,421 2490,421 2490,3037 489,3037"/>
            <TextLine id="tr_1_tl_1" custom="readingOrder {index:0;}">
                <Coords points="1497,525 1761,527 1858,488 1950,527 2090,497 2187,517 2241,493 2241,420 2002,371 1779,438 1662,398 1497,433"/>
                <Baseline points="1510,477 1600,477 1689,477 1779,477 1869,477 1958,477 2048,471 2137,477 2227,483 2245,483"/>
                <TextEquiv>
                    <Unicode>Kopenhagen, 7. Jänner 1899.</Unicode>
                </TextEquiv>
            </TextLine>
            <TextLine id="tr_1_tl_2" custom="readingOrder {index:1;}">
                <Coords points="1211,515 1231,512 1284,535 1338,510 1363,510 1356,388 1341,388 1303,408 1279,393 1261,405 1251,400 1221,413 1201,410"/>
                <Baseline points="1222,481 1313,489 1373,495"/>
                <TextEquiv>
                    <Unicode>14/1</Unicode>
                </TextEquiv>
            </TextLine>
            <TextLine id="tr_1_tl_3" custom="readingOrder {index:2;}">
                <Coords points="682,532 706,532 734,510 746,517 769,512 784,525 808,515 823,525 841,507 898,507 900,408 876,403 866,410 848,400 818,408 806,400 784,415 684,413"/>
                <Baseline points="698,495 728,495 818,501 907,489"/>
                <TextEquiv>
                    <Unicode>1) 1/2</Unicode>
                </TextEquiv>
            </TextLine>
            <TextLine id="tr_1_tl_4" custom="readingOrder {index:3;}">
                <Coords points="811,639 1711,617 1928,654 1928,527 1420,512 1264,565 811,567"/>
                <Baseline points="824,609 859,603 949,609 1039,609 1128,609 1218,609 1307,609 1397,603 1486,609 1576,609 1666,603 1755,603 1845,603 1934,603"/>
                <TextEquiv>
                    <Unicode>Lieber Dr. Schnitzler, sehr guter Freund.</Unicode>
                </TextEquiv>
            </TextLine>
            <TextLine id="tr_1_tl_5" custom="readingOrder {index:4;}">
                <Coords points="602,726 2371,729 2485,721 2485,644 602,647"/>
                <Baseline points="615,692 704,692 794,698 883,698 973,692 1062,692 1152,698 1242,692 1331,692 1421,692 1510,692 1600,692 1689,692 1779,692 1869,698 1958,698 2048,698 2137,698 2227,698 2316,698 2406,698 2490,692"/>
                <TextEquiv>
                    <Unicode>Haben Sie Dank für Ihre Zeilen. Was habe ich nicht alles erlebt seit</Unicode>
                </TextEquiv>
            </TextLine>
            <TextLine id="tr_1_tl_6" custom="readingOrder {index:5;}">
                <Coords points="493,836 2371,806 2371,749 2010,714 493,736"/>
                <Baseline points="507,788 597,782 686,782 776,788 865,788 955,788 1045,782 1134,782 1224,788 1313,782 1403,782 1492,788 1582,782 1672,788 1761,788 1851,788 1940,788 2030,788 2119,788 2209,788 2299,788 2376,788"/>
                <TextEquiv>
                    <Unicode>ich Sie sah. Jetzt liege ich wieder zu Bett; die Venenentzündung ist</Unicode>
                </TextEquiv>
            </TextLine>
            <TextLine id="tr_1_tl_7" custom="readingOrder {index:6;}">
                <Coords points="488,905 545,918 667,886 813,903 863,883 891,900 970,876 1092,898 1221,871 1224,811 1124,811 1099,833 614,813 565,846 490,836"/>
                <Baseline points="501,877 573,877 662,871 752,871 841,871 931,871 973,859 1051,853 1140,853 1230,853"/>
                <TextEquiv>
                    <Unicode>zurückgekehrt.</Unicode>
                </TextEquiv>
            </TextLine>
            <TextLine id="tr_1_tl_8" custom="readingOrder {index:7;}">
                <Coords points="585,993 2162,997 2351,980 2351,866 2097,913 585,913"/>
                <Baseline points="597,961 686,961 776,961 865,961 955,961 1045,961 1134,961 1224,961 1313,961 1403,961 1492,961 1582,967 1672,967 1761,967 1851,967 1940,967 2030,967 2119,967 2209,961 2299,961 2358,967"/>
                <TextEquiv>
                    <Unicode>Ich blieb ein halbes Jahr in Italien, kam zurück, gab hier zwei</Unicode>
                </TextEquiv>
            </TextLine>
            <TextLine id="tr_1_tl_9" custom="readingOrder {index:8;}">
                <Coords points="475,1060 2450,1109 2450,1005 2353,975 475,1020"/>
                <Baseline points="489,1051 579,1051 668,1051 758,1051 847,1051 937,1051 1027,1051 1116,1051 1206,1051 1295,1051 1385,1051 1474,1051 1564,1051 1654,1051 1743,1051 1833,1051 1922,1051 2012,1051 2102,1051 2191,1051 2281,1051 2370,1051 2454,1051"/>
                <TextEquiv>
                    <Unicode>Bücher aus, einen Band meiner Gedichte (staunen Sie?) und ein Buch über</Unicode>
                </TextEquiv>
            </TextLine>
            <TextLine id="tr_1_tl_10" custom="readingOrder {index:9;}">
                <Coords points="493,1162 2383,1179 2383,1112 2271,1087 493,1090"/>
                <Baseline points="507,1140 597,1140 686,1134 776,1140 865,1140 955,1140 1045,1140 1134,1140 1224,1140 1313,1140 1403,1140 1492,1140 1582,1140 1672,1140 1761,1140 1851,1140 1940,1140 2030,1140 2119,1140 2209,1140 2299,1140 2388,1140"/>
                <TextEquiv>
                    <Unicode>einen verstorbenen Freund, das hier einen sehr grossen Erfolg gehabt</Unicode>
                </TextEquiv>
            </TextLine>
            <TextLine id="tr_1_tl_11" custom="readingOrder {index:10;}">
                <Coords points="493,1266 2274,1284 2423,1192 493,1194"/>
                <Baseline points="507,1224 597,1230 686,1224 776,1224 865,1224 955,1230 1045,1230 1134,1230 1224,1230 1313,1230 1403,1224 1492,1230 1582,1230 1672,1230 1761,1230 1851,1230 1940,1230 2030,1230 2119,1230 2209,1230 2299,1230 2388,1230 2430,1224"/>
                <TextEquiv>
                    <Unicode>hat, in 8 Tagen ausverkauft. Reiste wieder aus, wurde zwei Mal zurück-</Unicode>
                </TextEquiv>
            </TextLine>
            <TextLine id="tr_1_tl_12" custom="readingOrder {index:11;}">
                <Coords points="488,1351 2296,1366 2358,1271 488,1274"/>
                <Baseline points="501,1319 591,1319 680,1313 770,1313 859,1313 949,1313 1039,1313 1128,1319 1218,1319 1307,1319 1397,1319 1486,1319 1576,1319 1666,1313 1755,1319 1845,1319 1934,1319 2024,1319 2113,1319 2203,1319 2293,1319 2364,1319"/>
                <TextEquiv>
                    <Unicode>gerufen durch Depeschen, weil meine Mutter krank war. Das letzte Mal</Unicode>
                </TextEquiv>
            </TextLine>
            <TextLine id="tr_1_tl_13" custom="readingOrder {index:12;}">
                <Coords points="493,1453 2393,1440 2363,1368 1968,1338 493,1378"/>
                <Baseline points="507,1409 597,1409 686,1409 776,1409 865,1403 955,1403 1045,1409 1134,1409 1224,1409 1313,1409 1403,1409 1492,1403 1582,1409 1672,1409 1761,1409 1851,1409 1940,1409 2030,1409 2119,1409 2209,1409 2299,1409 2388,1409 2400,1409"/>
                <TextEquiv>
                    <Unicode>war ich in Polen, wo ich wegen meines Buches über Polen (das deutsche</Unicode>
                </TextEquiv>
            </TextLine>
            <TextLine id="tr_1_tl_14" custom="readingOrder {index:13;}">
                <Coords points="480,1515 2443,1530 2361,1448 2162,1435 480,1470"/>
                <Baseline points="495,1498 585,1498 674,1492 764,1492 853,1492 943,1498 1033,1498 1122,1492 1212,1492 1301,1498 1391,1498 1480,1492 1570,1492 1660,1492 1749,1498 1839,1492 1928,1492 2018,1498 2107,1498 2197,1498 2287,1498 2376,1498 2448,1504"/>
                <TextEquiv>
                    <Unicode>ist polnisch übersetzt worden) eingeladen und komisch vergöttert wurde.</Unicode>
                </TextEquiv>
            </TextLine>
            <TextLine id="tr_1_tl_15" custom="readingOrder {index:14;}">
                <Coords points="607,1599 2336,1619 2333,1557 2162,1530 607,1532"/>
                <Baseline points="621,1588 710,1582 800,1582 889,1582 979,1582 1068,1588 1158,1582 1248,1588 1337,1588 1427,1588 1516,1588 1606,1588 1695,1588 1785,1588 1875,1588 1964,1588 2054,1588 2143,1588 2233,1588 2322,1588 2340,1588"/>
                <TextEquiv>
                    <Unicode>Zurück in einem Zug aus Lemberg. Seh meine Mutter 14 Tage dann</Unicode>
                </TextEquiv>
            </TextLine>
            <TextLine id="tr_1_tl_16" custom="readingOrder {index:15;}">
                <Coords points="488,1691 2313,1706 2313,1629 2201,1624 488,1632"/>
                <Baseline points="501,1672 591,1672 680,1672 770,1672 859,1672 949,1672 1039,1672 1128,1678 1218,1672 1307,1678 1397,1672 1486,1678 1576,1678 1666,1678 1755,1678 1845,1678 1934,1678 2024,1678 2113,1678 2203,1678 2293,1678 2316,1683"/>
                <TextEquiv>
                    <Unicode>selbst krank, konnte meine Mutter nicht sehen in der letzten Woche</Unicode>
                </TextEquiv>
            </TextLine>
            <TextLine id="tr_1_tl_17" custom="readingOrder {index:16;}">
                <Coords points="495,1786 2423,1808 2420,1726 2229,1711 493,1721"/>
                <Baseline points="507,1767 597,1761 686,1761 776,1761 865,1767 955,1761 1045,1761 1134,1761 1224,1761 1313,1761 1403,1761 1492,1761 1582,1767 1672,1767 1761,1767 1851,1767 1940,1767 2030,1767 2119,1767 2209,1773 2299,1779 2388,1779 2430,1785"/>
                <TextEquiv>
                    <Unicode>ihres Lebens und nicht an ihrer Beerdigung da sein. Ich habe nie einen</Unicode>
                </TextEquiv>
            </TextLine>
            <TextLine id="tr_1_tl_18" custom="readingOrder {index:17;}">
                <Coords points="475,1883 2164,1898 2164,1841 1997,1798 475,1811"/>
                <Baseline points="489,1857 579,1857 668,1851 758,1851 847,1851 937,1851 1027,1851 1116,1857 1206,1851 1295,1851 1385,1851 1474,1851 1564,1851 1654,1851 1743,1857 1833,1851 1922,1851 2012,1851 2102,1851 2167,1863"/>
                <TextEquiv>
                    <Unicode>einzigen Tag in Kopenhagen versäumt meine Mutter zu besuchen.</Unicode>
                </TextEquiv>
            </TextLine>
            <TextLine id="tr_1_tl_19" custom="readingOrder {index:18;}">
                <Coords points="619,1975 2333,2000 2333,1900 2274,1893 619,1893"/>
                <Baseline points="632,1934 722,1934 812,1934 901,1934 991,1940 1080,1940 1170,1940 1260,1940 1349,1940 1439,1940 1528,1940 1618,1940 1707,1940 1797,1940 1887,1940 1976,1940 2066,1946 2155,1946 2245,1946 2334,1946 2340,1946"/>
                <TextEquiv>
                    <Unicode>Und jetzt liege ich in Streit mit den Deutschen wegen der Aus-</Unicode>
                </TextEquiv>
            </TextLine>
            <TextLine id="tr_1_tl_20" custom="readingOrder {index:19;}">
                <Coords points="488,2040 2288,2065 2288,2002 2187,1985 488,1983"/>
                <Baseline points="501,2024 591,2030 680,2030 770,2030 859,2030 949,2030 1039,2030 1128,2030 1218,2030 1307,2030 1397,2030 1486,2030 1576,2030 1666,2030 1755,2030 1845,2030 1934,2030 2024,2030 2113,2030 2203,2036 2293,2030"/>
                <TextEquiv>
                    <Unicode>treibung der Dänen aus Schlesweg. Gibt es etwas widerlicheres als</Unicode>
                </TextEquiv>
            </TextLine>
            <TextLine id="tr_1_tl_21" custom="readingOrder {index:20;}">
                <Coords points="493,2137 739,2164 915,2129 1159,2167 1214,2134 1435,2149 1435,2082 1403,2065 1368,2087 1194,2062 1035,2087 895,2052 841,2087 493,2067"/>
                <Baseline points="507,2113 597,2119 686,2113 776,2113 865,2113 955,2113 1045,2113 1134,2113 1224,2113 1313,2113 1403,2119 1439,2125"/>
                <TextEquiv>
                    <Unicode>Preussen? Nicht Frankreich einmal.</Unicode>
                </TextEquiv>
            </TextLine>
            <TextLine id="tr_1_tl_22" custom="readingOrder {index:21;}">
                <Coords points="607,2229 2308,2231 2281,2154 607,2149"/>
                <Baseline points="621,2203 710,2203 800,2209 889,2203 979,2209 1068,2203 1158,2209 1248,2209 1337,2209 1427,2209 1516,2209 1606,2209 1695,2209 1785,2209 1875,2215 1964,2209 2054,2215 2143,2209 2233,2209 2311,2209"/>
                <TextEquiv>
                    <Unicode>Mit ruhiger genossender Freude las ich das Vermächtnis. Es ist</Unicode>
                </TextEquiv>
            </TextLine>
            <TextLine id="tr_1_tl_23" custom="readingOrder {index:22;}">
                <Coords points="475,2311 2475,2328 2366,2234 475,2244"/>
                <Baseline points="489,2293 579,2293 668,2293 758,2293 847,2293 937,2293 1027,2293 1116,2299 1206,2293 1295,2299 1385,2293 1474,2299 1564,2293 1654,2299 1743,2299 1833,2299 1922,2299 2012,2299 2102,2305 2191,2299 2281,2299 2370,2305 2460,2305 2478,2299"/>
                <TextEquiv>
                    <Unicode>ein völlig originales Ding, sehr diskret und vornehm, tief pessimistisch</Unicode>
                </TextEquiv>
            </TextLine>
            <TextLine id="tr_1_tl_24" custom="readingOrder {index:23;}">
                <Coords points="475,2415 2236,2440 2301,2351 475,2358"/>
                <Baseline points="489,2382 579,2382 668,2382 758,2388 847,2388 937,2388 1027,2388 1116,2388 1206,2388 1295,2388 1385,2388 1474,2388 1564,2388 1654,2388 1743,2388 1833,2388 1922,2388 2012,2388 2102,2388 2191,2388 2281,2388 2305,2388"/>
                <TextEquiv>
                    <Unicode>und human. (Kennen Sie zufällig eine kleine Erzählung von Huysmans</Unicode>
                </TextEquiv>
            </TextLine>
            <TextLine id="tr_1_tl_25" custom="readingOrder {index:24;}">
                <Coords points="493,2497 2306,2507 2306,2420 493,2428"/>
                <Baseline points="507,2478 597,2472 686,2472 776,2472 865,2472 955,2472 1045,2472 1134,2472 1224,2478 1313,2478 1403,2478 1492,2478 1582,2478 1672,2478 1761,2478 1851,2472 1940,2478 2030,2478 2119,2478 2209,2478 2299,2478 2311,2484"/>
                <TextEquiv>
                    <Unicode>Un dilèma, die behandelt ein ähnliches Thema, nur viel gröber oder</Unicode>
                </TextEquiv>
            </TextLine>
            <TextLine id="tr_1_tl_26" custom="readingOrder {index:25;}">
                <Coords points="475,2609 2313,2585 2313,2517 2231,2500 475,2512"/>
                <Baseline points="489,2561 579,2567 668,2561 758,2561 847,2561 937,2567 1027,2561 1116,2567 1206,2561 1295,2567 1385,2567 1474,2561 1564,2561 1654,2567 1743,2567 1833,2567 1922,2567 2012,2567 2102,2567 2191,2567 2281,2567 2316,2573"/>
                <TextEquiv>
                    <Unicode>richtiger ganz anders, aber es ist da ein bischen Verwandtschaft).</Unicode>
                </TextEquiv>
            </TextLine>
            <TextLine id="tr_1_tl_27" custom="readingOrder {index:26;}">
                <Coords points="642,2662 2351,2682 2351,2609 2117,2594 642,2619"/>
                <Baseline points="656,2651 746,2651 836,2651 925,2651 1015,2651 1104,2651 1194,2657 1283,2651 1373,2651 1463,2651 1552,2657 1642,2657 1731,2657 1821,2657 1910,2657 2000,2657 2090,2657 2179,2663 2269,2663 2358,2669"/>
                <TextEquiv>
                    <Unicode>Es ist nur schade, dass das Stück so ganz und gar traurig ist,</Unicode>
                </TextEquiv>
            </TextLine>
            <TextLine id="tr_1_tl_28" custom="readingOrder {index:27;}">
                <Coords points="475,2751 2291,2764 2288,2684 475,2677"/>
                <Baseline points="489,2740 579,2740 668,2740 758,2740 847,2740 937,2740 1027,2740 1116,2740 1206,2746 1295,2740 1385,2740 1474,2740 1564,2740 1654,2746 1743,2746 1833,2746 1922,2746 2012,2746 2102,2746 2191,2746 2281,2752 2293,2746"/>
                <TextEquiv>
                    <Unicode>dann wird es nicht so viel Bühnenerfolge haben können, wie ich es</Unicode>
                </TextEquiv>
            </TextLine>
            <TextLine id="tr_1_tl_29" custom="readingOrder {index:28;}">
                <Coords points="475,2846 2388,2853 2271,2791 475,2793"/>
                <Baseline points="489,2830 579,2830 668,2830 758,2830 847,2830 937,2830 1027,2830 1116,2830 1206,2830 1295,2830 1385,2830 1474,2836 1564,2830 1654,2830 1743,2836 1833,2830 1922,2836 2012,2836 2102,2836 2191,2836 2281,2842 2370,2836 2394,2836"/>
                <TextEquiv>
                    <Unicode>wünschte. Der Vater ist wunderbar gezeichnet. Und überhaupt, ich habe</Unicode>
                </TextEquiv>
            </TextLine>
            <TextLine id="tr_1_tl_30" custom="readingOrder {index:29;}">
                <Coords points="475,2965 2306,2965 2306,2881 1965,2861 475,2873"/>
                <Baseline points="489,2914 579,2920 668,2920 758,2920 847,2920 937,2920 1027,2920 1116,2920 1206,2920 1295,2920 1385,2926 1474,2926 1564,2926 1654,2926 1743,2926 1833,2926 1922,2926 2012,2926 2102,2932 2191,2932 2281,2932 2311,2926"/>
                <TextEquiv>
                    <Unicode>Ihr Talent so lieb. Etwas freut mich schon, weil es von Ihnen ist.</Unicode>
                </TextEquiv>
            </TextLine>
            <TextLine id="tr_1_tl_31" custom="readingOrder {index:30;}">
                <Coords points="629,3025 2351,3055 2351,2973 2191,2960 629,2987"/>
                <Baseline points="644,3009 734,3009 824,3015 913,3015 1003,3015 1092,3015 1182,3015 1271,3015 1361,3015 1451,3015 1540,3015 1630,3015 1719,3015 1809,3015 1898,3015 1988,3021 2078,3021 2167,3021 2257,3027 2346,3021 2358,3027"/>
                <TextEquiv>
                    <Unicode>Warum lässt doch unser Freund Beer Hofmann nie von sich hören?</Unicode>
                </TextEquiv>
            </TextLine>
        </TextRegion>
        <TextRegion id="tr_2" custom="readingOrder {index:1;}">
            <Coords points="3350,397 5344,397 5344,2494 3350,2494"/>
            <TextLine id="tr_2_tl_1" custom="readingOrder {index:0;}">
                <Coords points="4801,522 4858,520 4880,497 4898,505 4935,475 4948,478 4973,463 5007,478 5052,480 5050,393 4987,393 4960,373 4940,391 4925,388 4898,403 4888,393 4846,405 4798,400"/>
                <Baseline points="4813,453 4902,447 4992,453 5057,453"/>
                <TextEquiv>
                    <Unicode>(7.1.99)</Unicode>
                </TextEquiv>
            </TextLine>
            <TextLine id="tr_2_tl_2" custom="readingOrder {index:1;}">
                <Coords points="4298,624 4423,634 4482,604 4604,637 4667,604 4791,624 4831,599 4895,607 4893,515 4811,530 4716,488 4589,530 4453,512 4298,527"/>
                <Baseline points="4311,573 4401,573 4490,573 4580,579 4669,579 4759,579 4848,579 4902,573"/>
                <TextEquiv>
                    <Unicode>Kopenhagen, 22.1.1899</Unicode>
                </TextEquiv>
            </TextLine>
            <TextLine id="tr_2_tl_3" custom="readingOrder {index:2;}">
                <Coords points="3385,801 3433,816 3527,794 3659,808 3709,789 3905,813 3903,726 3858,719 3764,716 3721,744 3699,726 3599,746 3527,746 3497,726 3450,744 3383,736"/>
                <Baseline points="3397,782 3487,782 3577,788 3666,788 3756,788 3845,788 3911,788"/>
                <TextEquiv>
                    <Unicode>Lieber Herr Doctor!</Unicode>
                </TextEquiv>
            </TextLine>
            <TextLine id="tr_2_tl_4" custom="readingOrder {index:3;}">
                <Coords points="3438,893 5022,905 5040,789 3438,828"/>
                <Baseline points="3451,853 3541,859 3630,859 3720,859 3809,859 3899,859 3989,853 4078,853 4168,853 4257,853 4347,853 4436,853 4526,853 4616,853 4705,853 4795,853 4884,853 4974,853 5046,853"/>
                <TextEquiv>
                    <Unicode>Ist er ein bischen faul? Er ist doch ein so feiner Mensch.</Unicode>
                </TextEquiv>
            </TextLine>
            <TextLine id="tr_2_tl_5" custom="readingOrder {index:4;}">
                <Coords points="3388,983 5104,997 5291,935 3390,905"/>
                <Baseline points="3403,961 3415,967 3505,955 3594,949 3684,949 3774,949 3863,949 3953,949 4042,943 4132,949 4221,943 4311,943 4401,943 4490,943 4580,943 4669,943 4759,943 4848,943 4938,943 5028,943 5117,937 5207,937 5296,931"/>
                <TextEquiv>
                    <Unicode>Denken Sie, was es heisst für einen Mann von meinem Temperament</Unicode>
                </TextEquiv>
            </TextLine>
            <TextLine id="tr_2_tl_6" custom="readingOrder {index:5;}">
                <Coords points="3383,1062 5296,1107 5296,958 5246,945 5022,1000 3383,988"/>
                <Baseline points="3397,1045 3421,1045 3511,1039 3600,1039 3690,1033 3780,1039 3869,1039 3959,1039 4048,1033 4138,1033 4227,1039 4317,1039 4407,1033 4496,1033 4586,1039 4675,1033 4765,1039 4854,1033 4944,1033 5034,1033 5123,1033 5213,1027 5302,1027"/>
                <TextEquiv>
                    <Unicode>still zu liegen, Geduld haben zu sollen und wieder, nachdem ich Ein</Unicode>
                </TextEquiv>
            </TextLine>
            <TextLine id="tr_2_tl_7" custom="readingOrder {index:6;}">
                <Coords points="3336,1164 3801,1169 3833,1147 4027,1184 4179,1169 4179,1094 4119,1082 3681,1092 3336,1047"/>
                <Baseline points="3350,1122 3439,1128 3529,1128 3618,1128 3708,1122 3797,1122 3887,1122 3977,1122 4066,1122 4156,1122 4186,1128"/>
                <TextEquiv>
                    <Unicode>Mal ein halbes Jahr so verlor.</Unicode>
                </TextEquiv>
            </TextLine>
            <TextLine id="tr_2_tl_8" custom="readingOrder {index:7;}">
                <Coords points="4286,1182 4410,1159 4527,1192 4686,1164 4955,1194 5231,1172 5231,1114 5062,1082 4918,1127 4771,1087 4286,1087"/>
                <Baseline points="4299,1152 4389,1158 4478,1152 4568,1152 4657,1152 4747,1158 4837,1158 4926,1158 5016,1164 5105,1170 5195,1164 5237,1164"/>
                <TextEquiv>
                    <Unicode>xxxerstaunlich wahr und packend; xxx</Unicode>
                </TextEquiv>
            </TextLine>
            <TextLine id="tr_2_tl_9" custom="readingOrder {index:8;}">
                <Coords points="3368,1269 5219,1261 5216,1179 5162,1174 3366,1184"/>
                <Baseline points="3379,1224 3469,1224 3559,1218 3648,1218 3738,1218 3827,1218 3917,1218 4006,1218 4096,1212 4186,1212 4275,1230 4365,1236 4454,1236 4544,1236 4633,1242 4723,1248 4813,1248 4902,1248 4992,1248 5081,1254 5171,1248 5225,1242"/>
                <TextEquiv>
                    <Unicode>Behalten Sie mich lieb.</Unicode>
                </TextEquiv>
            </TextLine>
            <TextLine id="tr_2_tl_10" custom="readingOrder {index:9;}">
                <Coords points="3371,1336 5172,1348 5172,1284 4965,1259 3371,1266"/>
                <Baseline points="3385,1319 3475,1319 3565,1319 3654,1319 3744,1319 3833,1325 3923,1325 4012,1325 4102,1325 4192,1307 4281,1307 4371,1301 4460,1295 4550,1295 4639,1325 4729,1325 4819,1325 4908,1331 4998,1343 5087,1337 5177,1343 5183,1337"/>
                <TextEquiv>
                    <Unicode>Ihr ergebener</Unicode>
                </TextEquiv>
            </TextLine>
            <TextLine id="tr_2_tl_11" custom="readingOrder {index:10;}">
                <Coords points="4542,1455 4614,1445 4759,1507 5117,1458 5191,1500 5256,1497 5244,1378 5211,1368 5164,1391 5119,1368 4920,1373 4868,1343 4532,1343"/>
                <Baseline points="4550,1391 4556,1391 4645,1391 4735,1385 4825,1385 4920,1392 4920,1392 5004,1427 5093,1427 5183,1433 5255,1439"/>
                <TextEquiv>
                    <Unicode>Georg Brandes.</Unicode>
                </TextEquiv>
            </TextLine>
            <TextLine id="tr_2_tl_12" custom="readingOrder {index:11;}">
                <Coords points="3373,1420 3545,1445 3577,1415 3622,1435 3679,1410 3871,1455 3960,1428 4159,1450 4157,1341 4129,1333 4025,1358 3761,1338 3575,1383 3371,1356"/>
                <Baseline points="3385,1415 3475,1409 3565,1409 3654,1403 3744,1409 3833,1415 3923,1415 4012,1415 4102,1415 4162,1415"/>
                <TextEquiv>
                    <Unicode>liegen, und wenn sie keinem am</Unicode>
                </TextEquiv>
            </TextLine>
            <TextLine id="tr_2_tl_13" custom="readingOrder {index:12;}">
                <Coords points="3425,1557 3525,1560 3619,1510 4413,1520 4413,1430 4254,1428 4179,1465 3958,1428 3801,1465 3594,1418 3425,1453"/>
                <Baseline points="3439,1498 3529,1492 3618,1498 3708,1498 3797,1498 3887,1498 3977,1498 4066,1504 4156,1504 4245,1504 4335,1504 4418,1510"/>
                <TextEquiv>
                    <Unicode>xxx wahres Meisterwerk ist es dennoch.</Unicode>
                </TextEquiv>
            </TextLine>
            <TextLine id="tr_2_tl_14" custom="readingOrder {index:13;}">
                <Coords points="3560,1604 3674,1597 3736,1637 3866,1644 4084,1599 4495,1609 4492,1545 4408,1515 4323,1550 4137,1520 4089,1550 3880,1520 3557,1535"/>
                <Baseline points="3571,1582 3660,1588 3750,1588 3839,1588 3929,1588 4018,1588 4108,1594 4198,1594 4287,1594 4377,1594 4466,1594 4502,1594"/>
                <TextEquiv>
                    <Unicode>Meine Gedichte! Was soll ich darüber</Unicode>
                </TextEquiv>
            </TextLine>
            <TextLine id="tr_2_tl_15" custom="readingOrder {index:14;}">
                <Coords points="3470,1699 5214,1719 5060,1624 3468,1609"/>
                <Baseline points="3481,1672 3571,1672 3660,1672 3750,1678 3839,1678 3929,1678 4018,1678 4108,1678 4198,1683 4287,1683 4377,1689 4466,1683 4556,1689 4645,1689 4735,1695 4825,1689 4914,1695 5004,1695 5093,1695 5183,1695 5219,1695"/>
                <TextEquiv>
                    <Unicode>werden Sie einräumen, dass zwei oder drei sehr gut sind "Reconva-</Unicode>
                </TextEquiv>
            </TextLine>
            <TextLine id="tr_2_tl_16" custom="readingOrder {index:15;}">
                <Coords points="3358,1789 5184,1808 5154,1716 4701,1696 4408,1751 4311,1701 3602,1731 3505,1684 3356,1731"/>
                <Baseline points="3373,1761 3463,1761 3553,1761 3642,1761 3732,1761 3821,1767 3911,1761 4000,1767 4090,1767 4180,1767 4269,1773 4359,1773 4448,1773 4538,1779 4628,1779 4717,1785 4807,1785 4896,1785 4986,1785 5075,1785 5165,1785 5189,1785"/>
                <TextEquiv>
                    <Unicode>lesent-Besuch und "Haraldhaarberger in Finmerken". Es ist eine Art</Unicode>
                </TextEquiv>
            </TextLine>
            <TextLine id="tr_2_tl_17" custom="readingOrder {index:16;}">
                <Coords points="3366,1871 5204,1886 5169,1806 3366,1791"/>
                <Baseline points="3379,1845 3469,1851 3559,1851 3648,1857 3738,1857 3827,1857 3917,1857 4006,1857 4096,1863 4186,1863 4275,1863 4365,1863 4454,1863 4544,1863 4633,1869 4723,1875 4813,1869 4902,1869 4992,1875 5081,1875 5171,1875 5207,1875"/>
                <TextEquiv>
                    <Unicode>Jugend-Tagebach.- Ich liege noch immer zu Bett, schon 5 Wochen, Sie</Unicode>
                </TextEquiv>
            </TextLine>
            <TextLine id="tr_2_tl_18" custom="readingOrder {index:17;}">
                <Coords points="3371,1973 5338,1980 5226,1881 3371,1873"/>
                <Baseline points="3385,1940 3475,1940 3565,1946 3654,1946 3744,1946 3833,1946 3923,1952 4012,1952 4102,1952 4192,1958 4281,1958 4371,1958 4460,1958 4550,1958 4639,1958 4729,1964 4819,1964 4908,1964 4998,1964 5087,1970 5177,1970 5266,1970 5344,1970"/>
                <TextEquiv>
                    <Unicode>wissen ja, was Venenentzündung ist. Doch ist es diesmal anscheinend nicht</Unicode>
                </TextEquiv>
            </TextLine>
            <TextLine id="tr_2_tl_19" custom="readingOrder {index:18;}">
                <Coords points="3366,2042 3423,2062 3460,2045 3478,2062 3507,2047 3517,2057 3530,2050 3612,2067 3612,1978 3577,1988 3540,1980 3530,1988 3507,1970 3490,1975 3440,1960 3420,1973 3366,1980"/>
                <Baseline points="3379,2030 3469,2030 3559,2030 3618,2030"/>
                <TextEquiv>
                    <Unicode>schlimm.</Unicode>
                </TextEquiv>
            </TextLine>
            <TextLine id="tr_2_tl_20" custom="readingOrder {index:19;}">
                <Coords points="3933,2159 4010,2172 4124,2144 4147,2164 4167,2152 4266,2159 4293,2142 4321,2152 4321,2035 4283,2037 4261,2057 4244,2040 4221,2042 4149,2075 4075,2087 3985,2057 3970,2070 3930,2047"/>
                <Baseline points="3947,2125 4036,2125 4126,2125 4215,2125 4305,2131 4329,2131"/>
                <TextEquiv>
                    <Unicode>Beste Grüsse</Unicode>
                </TextEquiv>
            </TextLine>
            <TextLine id="tr_2_tl_21" custom="readingOrder {index:20;}">
                <Coords points="4286,2229 4306,2236 4316,2231 4328,2241 4341,2231 4366,2241 4371,2236 4395,2241 4423,2226 4445,2229 4443,2164 4423,2167 4405,2159 4361,2167 4321,2144 4311,2152 4296,2142 4283,2142"/>
                <Baseline points="4299,2221 4389,2221 4448,2227"/>
                <TextEquiv>
                    <Unicode>O.B.</Unicode>
                </TextEquiv>
            </TextLine>
            <TextLine id="tr_2_tl_22" custom="readingOrder {index:21;}">
                <Coords points="3356,2343 4997,2343 4995,2221 3696,2219 3507,2269 3353,2224"/>
                <Baseline points="3367,2293 3457,2299 3547,2299 3636,2299 3726,2305 3815,2305 3905,2305 3995,2305 4084,2305 4174,2311 4263,2311 4353,2311 4442,2311 4532,2311 4622,2311 4711,2316 4801,2316 4890,2316 4980,2322 5004,2322"/>
                <TextEquiv>
                    <Unicode>Sie haben wohl meinen Protest gegen die Ausweisung der Dänen</Unicode>
                </TextEquiv>
            </TextLine>
            <TextLine id="tr_2_tl_23" custom="readingOrder {index:22;}">
                <Coords points="3343,2403 5271,2423 5271,2326 3343,2346"/>
                <Baseline points="3356,2388 3445,2388 3535,2388 3624,2388 3714,2388 3803,2394 3893,2394 3983,2394 4072,2394 4162,2394 4251,2400 4341,2400 4430,2400 4520,2400 4610,2406 4699,2406 4789,2412 4878,2412 4968,2412 5057,2412 5147,2418 5237,2418 5278,2418"/>
                <TextEquiv>
                    <Unicode>oder auch nicht. 100 Zeitungen aller Länder haben ihn abgedruckt, aber</Unicode>
                </TextEquiv>
            </TextLine>
            <TextLine id="tr_2_tl_24" custom="readingOrder {index:23;}">
                <Coords points="3348,2512 3443,2478 3545,2515 3803,2512 3851,2485 3915,2515 4254,2500 4254,2448 4174,2460 3992,2408 3821,2443 3348,2425"/>
                <Baseline points="3362,2478 3451,2478 3541,2478 3630,2478 3720,2484 3809,2484 3899,2484 3989,2484 4078,2484 4168,2484 4257,2484"/>
                <TextEquiv>
                    <Unicode>die Neue Freie ist ja preussisch,</Unicode>
                </TextEquiv>
            </TextLine>
        </TextRegion>
    </Page>
</PcGts>
