<?xml version="1.0" encoding="UTF-8" standalone="yes"?>
<PcGts xmlns="http://schema.primaresearch.org/PAGE/gts/pagecontent/2013-07-15" xmlns:xsi="http://www.w3.org/2001/XMLSchema-instance" xsi:schemaLocation="http://schema.primaresearch.org/PAGE/gts/pagecontent/2013-07-15 http://schema.primaresearch.org/PAGE/gts/pagecontent/2013-07-15/pagecontent.xsd">
    <Metadata>
        <Creator>prov=READ-COOP:name=TrHtr:version=2.1.0:model_id=51170:date=29_07_2023_11:38</Creator>
        <Created>2023-05-10T12:30:43.287+02:00</Created>
        <LastChange>2023-07-29T11:38:38.502+02:00</LastChange>
        <TranskribusMetadata docId="1428210" pageId="55403380" pageNr="40" tsid="131409625" status="IN_PROGRESS" userId="64420" imgUrl="https://files.transkribus.eu/Get?id=GAIQVTYTXXLWRASRTVQQORXR&amp;fileType=view" xmlUrl="https://files.transkribus.eu/Get?id=SMTRQSGYAJTAAGGVJKMQHZHJ" imageId="44678201"/>
    </Metadata>
    <Page imageFilename="1428210_0040.jpg" imageWidth="5848" imageHeight="3577">
        <ReadingOrder>
            <OrderedGroup id="ro_1711795759506" caption="Regions reading order">
                <RegionRefIndexed index="0" regionRef="tr_1"/>
                <RegionRefIndexed index="1" regionRef="tr_2"/>
                <RegionRefIndexed index="2" regionRef="tr_3"/>
            </OrderedGroup>
        </ReadingOrder>
        <TextRegion id="tr_1" custom="readingOrder {index:0;}">
            <Coords points="549,397 2531,397 2531,3061 549,3061"/>
            <TextLine id="tr_1_tl_1" custom="readingOrder {index:0;}">
                <Coords points="1771,509 1876,494 1939,516 2106,489 2183,524 2250,516 2253,392 2063,394 2031,412 1979,399 1961,412 1949,397 1926,412 1864,379 1819,402 1774,399"/>
                <Baseline points="1785,455 1809,453 1898,453 1988,453 2078,453 2167,447 2257,447"/>
                <TextEquiv>
                    <Unicode>igen, 16. Jan. 1897</Unicode>
                </TextEquiv>
            </TextLine>
            <TextLine id="tr_1_tl_2" custom="readingOrder {index:1;}">
                <Coords points="1025,504 1083,531 1145,509 1235,554 1292,509 1317,521 1370,497 1400,516 1437,514 1440,457 1392,454 1352,424 1255,392 1200,409 1115,399 1093,419 1030,434"/>
                <Baseline points="1039,501 1086,495 1176,495 1265,489 1355,483 1445,483"/>
                <TextEquiv>
                    <Unicode>V. v. M.</Unicode>
                </TextEquiv>
            </TextLine>
            <TextLine id="tr_1_tl_3" custom="readingOrder {index:2;}">
                <Coords points="868,726 1028,674 1088,704 1402,709 1562,661 1672,706 1674,541 1529,549 1455,514 1375,569 1252,544 871,564"/>
                <Baseline points="883,662 961,650 1051,638 1140,632 1230,632 1319,627 1409,632 1498,632 1588,632 1678,638"/>
                <TextEquiv>
                    <Unicode>Liebster Herr Schaitzler.</Unicode>
                </TextEquiv>
            </TextLine>
            <TextLine id="tr_1_tl_4" custom="readingOrder {index:3;}">
                <Coords points="1402,818 1475,851 1652,838 1734,868 1979,858 2051,826 2103,858 2148,848 2148,701 1924,701 1846,731 1689,706 1402,724"/>
                <Baseline points="1415,794 1504,788 1594,788 1683,794 1773,794 1863,794 1952,794 2042,794 2131,794 2155,800"/>
                <TextEquiv>
                    <Unicode>Kopenjagen, 6.Oktober 1896.</Unicode>
                </TextEquiv>
            </TextLine>
            <TextLine id="tr_1_tl_5" custom="readingOrder {index:4;}">
                <Coords points="571,913 798,958 2106,933 2106,866 2036,846 571,853"/>
                <Baseline points="585,901 674,901 764,901 841,907 877,913 949,919 1039,913 1128,913 1218,913 1307,919 1397,919 1486,919 1576,907 1666,901 1755,901 1845,901 1934,901 2024,901 2113,901"/>
                <TextEquiv>
                    <Unicode>Lieber Herr Schnitzler!</Unicode>
                </TextEquiv>
            </TextLine>
            <TextLine id="tr_1_tl_6" custom="readingOrder {index:5;}">
                <Coords points="2148,928 2198,941 2238,931 2258,943 2275,928 2313,928 2373,953 2408,926 2490,941 2490,836 2408,851 2380,841 2365,856 2325,843 2270,846 2238,866 2178,841 2148,851"/>
                <Baseline points="2161,901 2251,901 2340,901 2430,901 2496,901"/>
                <TextEquiv>
                    <Unicode>ertungen nicht</Unicode>
                </TextEquiv>
            </TextLine>
            <TextLine id="tr_1_tl_7" custom="readingOrder {index:6;}">
                <Coords points="591,1040 2423,1033 2420,956 2295,933 589,963"/>
                <Baseline points="603,991 692,1003 782,1003 871,1003 961,1003 1051,1009 1140,1003 1230,1003 1319,1009 1409,1009 1498,1009 1588,1009 1678,1009 1767,1003 1857,1009 1946,1009 2036,1009 2125,1009 2215,1009 2305,1015 2394,1015 2430,1009"/>
                <TextEquiv>
                    <Unicode>Könnten Sie mir nicht ein Bischen zu Hülfe kommen. Mir wird ein</Unicode>
                </TextEquiv>
            </TextLine>
            <TextLine id="tr_1_tl_8" custom="readingOrder {index:7;}">
                <Coords points="536,1150 2358,1110 2315,1045 536,1048"/>
                <Baseline points="549,1092 638,1092 728,1092 818,1098 907,1092 997,1098 1086,1098 1176,1092 1265,1092 1355,1092 1445,1098 1534,1098 1624,1098 1713,1098 1803,1098 1893,1098 1982,1098 2072,1098 2161,1104 2251,1104 2340,1098 2364,1098"/>
                <TextEquiv>
                    <Unicode>Numero der Zeit geschickt, worin als von mir eingesandt ein Bruch-</Unicode>
                </TextEquiv>
            </TextLine>
            <TextLine id="tr_1_tl_9" custom="readingOrder {index:8;}">
                <Coords points="546,1220 2280,1223 2305,1128 546,1160"/>
                <Baseline points="561,1182 650,1182 740,1182 830,1182 919,1182 1009,1182 1098,1182 1188,1182 1277,1182 1367,1182 1457,1188 1546,1188 1636,1188 1725,1188 1815,1188 1904,1188 1994,1188 2084,1188 2173,1194 2263,1194 2311,1188"/>
                <TextEquiv>
                    <Unicode>stück meines alten Buches über Polen sich findet. Es ist vor 10</Unicode>
                </TextEquiv>
            </TextLine>
            <TextLine id="tr_1_tl_10" custom="readingOrder {index:9;}">
                <Coords points="554,1320 2428,1305 2458,1215 551,1223"/>
                <Baseline points="567,1265 656,1271 746,1271 836,1271 925,1271 1015,1271 1104,1271 1194,1271 1283,1277 1373,1271 1463,1277 1552,1277 1642,1277 1731,1277 1821,1277 1910,1277 2000,1277 2090,1277 2179,1277 2269,1277 2358,1283 2448,1271 2466,1265"/>
                <TextEquiv>
                    <Unicode>Jahren herausgegeben, und die Zeitangaben passen darauf; nun steht es</Unicode>
                </TextEquiv>
            </TextLine>
            <TextLine id="tr_1_tl_11" custom="readingOrder {index:10;}">
                <Coords points="546,1377 2475,1400 2520,1307 546,1315"/>
                <Baseline points="561,1361 650,1361 740,1361 830,1361 919,1361 1009,1361 1098,1361 1188,1361 1277,1361 1367,1361 1457,1367 1546,1367 1636,1361 1725,1367 1815,1367 1904,1367 1994,1367 2084,1367 2173,1367 2263,1373 2352,1367 2442,1367 2525,1367"/>
                <TextEquiv>
                    <Unicode>da als von heute stammend. Wenn ich doch wenigstens eine Korrektur dieser</Unicode>
                </TextEquiv>
            </TextLine>
            <TextLine id="tr_1_tl_12" custom="readingOrder {index:11;}">
                <Coords points="536,1487 2340,1492 2435,1467 2435,1402 536,1422"/>
                <Baseline points="549,1445 638,1451 728,1445 818,1451 907,1451 997,1445 1086,1445 1176,1451 1265,1451 1355,1451 1445,1451 1534,1451 1624,1451 1713,1457 1803,1457 1893,1457 1982,1457 2072,1457 2161,1457 2251,1463 2340,1457 2430,1451 2442,1451"/>
                <TextEquiv>
                    <Unicode>Sachen sähe! Es wimmelt von Missverständnissen. Die Fehler sind der¬</Unicode>
                </TextEquiv>
            </TextLine>
            <TextLine id="tr_1_tl_13" custom="readingOrder {index:12;}">
                <Coords points="536,1579 2425,1592 2468,1462 536,1487"/>
                <Baseline points="549,1534 638,1540 728,1540 818,1540 907,1540 997,1540 1086,1540 1176,1540 1265,1540 1355,1540 1445,1540 1534,1546 1624,1546 1713,1546 1803,1546 1893,1546 1982,1546 2072,1546 2161,1546 2251,1546 2340,1546 2430,1546 2472,1540"/>
                <TextEquiv>
                    <Unicode>art, dass das dänische Wort Roedsel (horror, horreur, Schrecken) über-</Unicode>
                </TextEquiv>
            </TextLine>
            <TextLine id="tr_1_tl_14" custom="readingOrder {index:13;}">
                <Coords points="536,1667 2418,1647 2418,1587 2300,1552 536,1582"/>
                <Baseline points="549,1624 638,1630 728,1630 818,1630 907,1624 997,1630 1086,1630 1176,1630 1265,1630 1355,1636 1445,1636 1534,1630 1624,1636 1713,1630 1803,1636 1893,1636 1982,1636 2072,1636 2161,1642 2251,1636 2340,1636 2424,1636"/>
                <TextEquiv>
                    <Unicode>setzt ist Räthsel. Ich erfahre, dass kürzlich in Berlin ein Buch mit</Unicode>
                </TextEquiv>
            </TextLine>
            <TextLine id="tr_1_tl_15" custom="readingOrder {index:14;}">
                <Coords points="541,1749 2413,1759 2497,1746 2497,1642 541,1669"/>
                <Baseline points="555,1713 644,1719 734,1719 824,1719 913,1719 1003,1719 1092,1719 1182,1719 1271,1719 1361,1719 1451,1719 1540,1725 1630,1719 1719,1719 1809,1725 1898,1725 1988,1725 2078,1731 2167,1725 2257,1725 2346,1725 2436,1737 2502,1737"/>
                <TextEquiv>
                    <Unicode>meinem Namen versehen erschienen ist. Aus dem Reiche des Absolutismus (!)</Unicode>
                </TextEquiv>
            </TextLine>
            <TextLine id="tr_1_tl_16" custom="readingOrder {index:15;}">
                <Coords points="546,1841 2465,1836 2465,1751 546,1751"/>
                <Baseline points="561,1797 650,1809 740,1803 830,1809 919,1809 1009,1809 1098,1809 1188,1809 1277,1809 1367,1809 1457,1809 1546,1809 1636,1815 1725,1815 1815,1815 1904,1815 1994,1815 2084,1815 2173,1815 2263,1815 2352,1815 2442,1815 2472,1815"/>
                <TextEquiv>
                    <Unicode>Welcher Titel. Es sind wohl meine „Eindrücke aus Russland“. Es ist mir</Unicode>
                </TextEquiv>
            </TextLine>
            <TextLine id="tr_1_tl_17" custom="readingOrder {index:16;}">
                <Coords points="546,1939 2465,1926 2465,1851 2111,1821 546,1841"/>
                <Baseline points="561,1893 650,1898 740,1898 830,1898 919,1898 1009,1893 1098,1898 1188,1898 1277,1898 1367,1898 1457,1898 1546,1898 1636,1904 1725,1904 1815,1904 1904,1904 1994,1904 2084,1904 2173,1904 2263,1904 2352,1910 2442,1904 2472,1910"/>
                <TextEquiv>
                    <Unicode>nicht geschickt worden. Es ist der 9te nicht autorisierte Band von mir</Unicode>
                </TextEquiv>
            </TextLine>
            <TextLine id="tr_1_tl_18" custom="readingOrder {index:17;}">
                <Coords points="536,2018 696,2003 741,2038 778,2013 873,2028 918,2008 986,2021 986,1929 908,1924 846,1941 831,1926 741,1924 659,1944 599,1916 536,1934"/>
                <Baseline points="549,1982 638,1988 728,1988 818,1988 907,1988 991,1982"/>
                <TextEquiv>
                    <Unicode>in einem Jahre.</Unicode>
                </TextEquiv>
            </TextLine>
            <TextLine id="tr_1_tl_19" custom="readingOrder {index:18;}">
                <Coords points="936,2083 1040,2118 1118,2098 1150,2118 1200,2093 1277,2113 1315,2091 1569,2098 1574,2016 1347,2003 1205,2031 938,2011"/>
                <Baseline points="949,2078 1039,2078 1128,2078 1218,2078 1307,2072 1397,2054 1486,2054 1576,2054"/>
                <TextEquiv>
                    <Unicode>Ihr ergebener</Unicode>
                </TextEquiv>
            </TextLine>
            <TextLine id="tr_1_tl_20" custom="readingOrder {index:19;}">
                <Coords points="1275,2191 1327,2186 1362,2203 1405,2186 1460,2198 1495,2183 1554,2198 1697,2188 1697,2106 1609,2116 1589,2103 1367,2091 1342,2111 1315,2093 1275,2096"/>
                <Baseline points="1289,2161 1379,2167 1469,2167 1558,2167 1648,2167 1701,2167"/>
                <TextEquiv>
                    <Unicode>Georg Brandes</Unicode>
                </TextEquiv>
            </TextLine>
            <TextLine id="tr_1_tl_21" custom="readingOrder {index:20;}">
                <Coords points="2183,2273 2246,2273 2283,2250 2318,2268 2333,2268 2345,2255 2373,2263 2410,2258 2435,2248 2435,2198 2398,2201 2378,2193 2345,2208 2300,2208 2280,2196 2183,2208"/>
                <Baseline points="2197,2239 2287,2239 2376,2239 2442,2245"/>
                <TextEquiv>
                    <Unicode>gewisser-</Unicode>
                </TextEquiv>
            </TextLine>
            <TextLine id="tr_1_tl_22" custom="readingOrder {index:21;}">
                <Coords points="1320,2343 1495,2340 1569,2378 1699,2335 2061,2368 2448,2345 2400,2278 2178,2260 1909,2295 1317,2270"/>
                <Baseline points="1331,2322 1421,2328 1510,2322 1600,2322 1689,2322 1779,2322 1869,2328 1893,2328 1934,2328 2024,2328 2113,2328 2203,2328 2293,2328 2382,2328 2454,2334"/>
                <TextEquiv>
                    <Unicode>vielen so schön und lebendig gezeichneten</Unicode>
                </TextEquiv>
            </TextLine>
            <TextLine id="tr_1_tl_23" custom="readingOrder {index:22;}">
                <Coords points="576,2350 631,2335 694,2353 741,2328 788,2350 1110,2348 1160,2340 1160,2288 966,2288 906,2270 858,2300 803,2280 576,2295"/>
                <Baseline points="591,2328 680,2322 770,2322 859,2322 949,2322 1039,2328 1128,2328 1164,2328"/>
                <TextEquiv>
                    <Unicode>massen ein Fehler, das</Unicode>
                </TextEquiv>
            </TextLine>
            <TextLine id="tr_1_tl_24" custom="readingOrder {index:23;}">
                <Coords points="554,2438 2478,2438 2373,2353 554,2380"/>
                <Baseline points="567,2406 656,2412 746,2406 836,2412 925,2412 1015,2412 1104,2412 1194,2412 1283,2412 1373,2412 1463,2412 1552,2412 1642,2412 1731,2412 1821,2412 1910,2412 2000,2412 2090,2418 2179,2412 2269,2412 2358,2412 2448,2412 2484,2412"/>
                <TextEquiv>
                    <Unicode>Nebenpersonen - meisterhaft sind sie, und mit so viel Kenntnis und Er¬</Unicode>
                </TextEquiv>
            </TextLine>
            <TextLine id="tr_1_tl_25" custom="readingOrder {index:24;}">
                <Coords points="584,2520 1138,2510 1260,2562 2026,2515 2191,2570 2527,2517 2527,2470 2293,2430 1185,2478 584,2430"/>
                <Baseline points="597,2502 686,2502 776,2502 865,2502 955,2502 1045,2502 1134,2496 1224,2496 1313,2502 1403,2502 1492,2502 1582,2502 1672,2508 1761,2502 1851,2508 1940,2508 2030,2508 2119,2508 2209,2502 2299,2508 2388,2508 2478,2508 2531,2502"/>
                <TextEquiv>
                    <Unicode>fahrung hervorgebracht - dass diese also ganz und gar nicht in die Hand-</Unicode>
                </TextEquiv>
            </TextLine>
            <TextLine id="tr_1_tl_26" custom="readingOrder {index:25;}">
                <Coords points="571,2605 768,2647 2156,2610 2156,2557 1911,2515 1707,2562 571,2520"/>
                <Baseline points="585,2585 674,2591 764,2591 853,2591 943,2585 1033,2585 1122,2591 1212,2591 1301,2591 1391,2591 1480,2591 1570,2591 1660,2591 1749,2591 1839,2591 1928,2591 2018,2591 2107,2597 2161,2597"/>
                <TextEquiv>
                    <Unicode>lung eingreifen. Das ist mangelhafte Technik, nicht mehr?</Unicode>
                </TextEquiv>
            </TextLine>
            <TextLine id="tr_1_tl_27" custom="readingOrder {index:26;}">
                <Coords points="559,2702 2448,2725 2433,2620 559,2612"/>
                <Baseline points="573,2681 662,2681 752,2681 841,2681 931,2681 1021,2681 1110,2681 1200,2681 1289,2681 1379,2675 1469,2681 1558,2681 1648,2681 1737,2681 1827,2681 1916,2675 2006,2681 2096,2681 2185,2681 2275,2681 2364,2681 2454,2687"/>
                <TextEquiv>
                    <Unicode>Alle diese Einwendungen mache ich um mein Renommée als Kritiker nicht</Unicode>
                </TextEquiv>
            </TextLine>
            <TextLine id="tr_1_tl_28" custom="readingOrder {index:27;}">
                <Coords points="566,2784 2218,2824 2515,2792 2515,2682 2156,2742 566,2727"/>
                <Baseline points="579,2776 668,2770 758,2764 847,2764 937,2770 1027,2770 1116,2770 1206,2764 1295,2770 1385,2770 1474,2770 1564,2764 1654,2770 1743,2770 1833,2770 1922,2770 2012,2770 2102,2770 2191,2770 2281,2770 2370,2770 2460,2770 2520,2776"/>
                <TextEquiv>
                    <Unicode>ganz preissagaben, denn mein Vergnügen ist nur Sie zu leben. Wir werden</Unicode>
                </TextEquiv>
            </TextLine>
            <TextLine id="tr_1_tl_29" custom="readingOrder {index:28;}">
                <Coords points="559,2892 1562,2857 2320,2919 2515,2882 2515,2807 559,2832"/>
                <Baseline points="573,2854 662,2854 752,2854 841,2860 931,2860 1021,2860 1110,2860 1200,2860 1289,2860 1379,2860 1469,2854 1558,2854 1648,2854 1737,2860 1827,2860 1916,2860 2006,2860 2096,2860 2185,2866 2275,2866 2364,2866 2454,2866 2520,2860"/>
                <TextEquiv>
                    <Unicode>alle dümmer, wenn man uns lobt, aber wir werden es ohnehin, und es gibt</Unicode>
                </TextEquiv>
            </TextLine>
            <TextLine id="tr_1_tl_30" custom="readingOrder {index:29;}">
                <Coords points="546,2999 1702,2954 2502,3001 2502,2924 2273,2889 546,2882"/>
                <Baseline points="561,2944 650,2944 740,2944 830,2944 919,2949 1009,2944 1098,2944 1188,2949 1277,2949 1367,2949 1457,2949 1546,2949 1636,2949 1725,2949 1815,2949 1904,2949 1994,2949 2084,2949 2173,2955 2263,2955 2352,2955 2442,2955 2508,2949"/>
                <TextEquiv>
                    <Unicode>keine angenehmere Weise, dümmer zu werden. Deshalb liebe ich selbst so</Unicode>
                </TextEquiv>
            </TextLine>
            <TextLine id="tr_1_tl_31" custom="readingOrder {index:30;}">
                <Coords points="561,3064 656,3109 2525,3071 2522,2999 2383,2979 559,2992"/>
                <Baseline points="573,3039 662,3039 752,3039 841,3039 931,3039 1021,3039 1110,3039 1200,3045 1289,3045 1379,3045 1469,3039 1558,3045 1648,3045 1737,3045 1827,3045 1916,3051 2006,3045 2096,3051 2185,3045 2275,3051 2364,3045 2454,3051 2531,3051"/>
                <TextEquiv>
                    <Unicode>sehr gelobt zu werden. Als ich noch meine beiden kleinen Mädchen hatte -</Unicode>
                </TextEquiv>
            </TextLine>
        </TextRegion>
        <TextRegion id="tr_2" custom="readingOrder {index:1;}">
            <Coords points="3439,391 5470,391 5470,1532 3439,1532"/>
            <TextLine id="tr_2_tl_1" custom="readingOrder {index:0;}">
                <Coords points="4489,479 4563,516 4641,477 4678,509 4865,526 4943,464 5087,529 5190,497 5190,364 5150,352 4925,412 4698,382 4638,407 4489,409"/>
                <Baseline points="4502,453 4568,453 4657,459 4747,459 4837,453 4926,453 5016,453 5105,453 5195,441"/>
                <TextEquiv>
                    <Unicode>Kopenhagen, 16. Jän. 1897</Unicode>
                </TextEquiv>
            </TextLine>
            <TextLine id="tr_2_tl_2" custom="readingOrder {index:1;}">
                <Coords points="3723,556 3890,541 3922,514 3967,539 4042,514 4067,529 4094,509 4189,529 4259,499 4261,417 4204,402 4109,397 3985,427 3887,422 3847,392 3800,409 3728,397"/>
                <Baseline points="3738,501 3815,501 3905,501 3995,507 4084,495 4174,495 4263,489"/>
                <TextEquiv>
                    <Unicode>1 „ „ 4 „ — „ =</Unicode>
                </TextEquiv>
            </TextLine>
            <TextLine id="tr_2_tl_3" custom="readingOrder {index:2;}">
                <Coords points="3872,681 3975,666 4012,689 4179,679 4227,701 4449,671 4586,696 4586,569 4568,566 4444,581 4394,551 4349,581 4261,561 4172,589 4119,556 4024,591 3872,581"/>
                <Baseline points="3887,638 3977,632 4066,632 4156,632 4245,632 4335,632 4424,632 4514,632 4592,638"/>
                <TextEquiv>
                    <Unicode>Liebster Herr Schnitzler.</Unicode>
                </TextEquiv>
            </TextLine>
            <TextLine id="tr_2_tl_4" custom="readingOrder {index:3;}">
                <Coords points="4870,676 5092,666 5225,724 5329,709 5332,589 5225,594 5165,621 5140,606 5090,626 5057,611 5010,619 4970,594 4918,616 4873,606"/>
                <Baseline points="4884,662 4974,656 5063,656 5153,656 5243,656 5332,656"/>
                <TextEquiv>
                    <Unicode>auf die Frage:</Unicode>
                </TextEquiv>
            </TextLine>
            <TextLine id="tr_2_tl_5" custom="readingOrder {index:4;}">
                <Coords points="3426,699 3598,684 3665,741 3733,701 3827,671 3830,631 3625,646 3550,621 3518,639 3428,636"/>
                <Baseline points="3439,674 3475,680 3565,680 3654,674 3744,674 3833,668"/>
                <TextEquiv>
                    <Unicode>ich habe eine</Unicode>
                </TextEquiv>
            </TextLine>
            <TextLine id="tr_2_tl_6" custom="readingOrder {index:5;}">
                <Coords points="4511,768 4813,751 4933,778 5170,753 5257,771 5259,716 4656,721 4606,689 4513,714"/>
                <Baseline points="4526,746 4616,746 4705,746 4795,746 4884,746 4974,740 5063,740 5153,740 5243,746 5266,746"/>
                <TextEquiv>
                    <Unicode>den Markt und die Nummer,</Unicode>
                </TextEquiv>
            </TextLine>
            <TextLine id="tr_2_tl_7" custom="readingOrder {index:6;}">
                <Coords points="4189,766 4207,771 4229,761 4249,771 4266,758 4299,778 4326,763 4334,768 4386,763 4386,711 4321,714 4284,729 4274,721 4259,729 4249,721 4229,729 4202,711 4189,711"/>
                <Baseline points="4204,752 4293,746 4383,752 4389,752"/>
                <TextEquiv>
                    <Unicode>En sûtre</Unicode>
                </TextEquiv>
            </TextLine>
            <TextLine id="tr_2_tl_8" custom="readingOrder {index:7;}">
                <Coords points="3448,866 5317,851 5317,786 5185,753 3448,783"/>
                <Baseline points="3463,806 3553,812 3642,812 3732,812 3821,812 3911,812 4000,812 4090,812 4180,812 4269,812 4359,806 4448,812 4538,806 4628,806 4717,812 4807,812 4896,812 4986,812 5075,812 5165,812 5255,812 5320,806"/>
                <TextEquiv>
                    <Unicode>Sie wissen: Alles was Sie schreiben interessiert mich, deshalb war</Unicode>
                </TextEquiv>
            </TextLine>
            <TextLine id="tr_2_tl_9" custom="readingOrder {index:8;}">
                <Coords points="3468,951 5269,948 5437,918 5437,851 3468,863"/>
                <Baseline points="3481,895 3571,901 3660,901 3750,901 3839,901 3929,895 4018,901 4108,901 4198,895 4287,895 4377,895 4466,895 4556,901 4645,895 4735,901 4825,901 4914,895 5004,901 5093,901 5183,901 5272,901 5362,901 5440,901"/>
                <TextEquiv>
                    <Unicode>ich auf Ihr Stück gespannt und natürlich es hat meine Erwartungen nicht</Unicode>
                </TextEquiv>
            </TextLine>
            <TextLine id="tr_2_tl_10" custom="readingOrder {index:9;}">
                <Coords points="3461,1053 5235,1030 5409,1005 5407,946 3458,971"/>
                <Baseline points="3475,991 3565,985 3654,985 3744,985 3833,991 3923,985 4012,985 4102,985 4192,985 4281,985 4371,991 4460,991 4550,991 4639,991 4729,991 4819,991 4908,991 4998,991 5087,991 5177,991 5266,991 5356,991 5416,991"/>
                <TextEquiv>
                    <Unicode>getäuscht. Es interessiert lebhaft, es spannt und hält in Atem bis zum</Unicode>
                </TextEquiv>
            </TextLine>
            <TextLine id="tr_2_tl_11" custom="readingOrder {index:10;}">
                <Coords points="3473,1138 3538,1138 3555,1125 3620,1145 3640,1128 3728,1135 3740,1125 3767,1140 3815,1120 3832,1128 3850,1123 3850,1035 3807,1035 3785,1050 3745,1035 3730,1048 3678,1050 3580,1033 3525,1050 3513,1038 3473,1040"/>
                <Baseline points="3487,1068 3577,1074 3666,1074 3756,1074 3845,1080 3857,1080"/>
                <TextEquiv>
                    <Unicode>letzten Wort.</Unicode>
                </TextEquiv>
            </TextLine>
            <TextLine id="tr_2_tl_12" custom="readingOrder {index:11;}">
                <Coords points="5070,1123 5102,1113 5170,1128 5232,1108 5299,1118 5302,1033 5269,1030 5247,1038 5215,1023 5195,1035 5157,1025 5110,1035 5072,1030"/>
                <Baseline points="5087,1098 5177,1104 5266,1098 5308,1098"/>
                <TextEquiv>
                    <Unicode>en, glaat</Unicode>
                </TextEquiv>
            </TextLine>
            <TextLine id="tr_2_tl_13" custom="readingOrder {index:12;}">
                <Coords points="4047,1120 4172,1118 4214,1128 4251,1118 4346,1140 4346,1040 4314,1048 4296,1033 4249,1038 4224,1025 4189,1040 4117,1038 4104,1025 4082,1040 4047,1033"/>
                <Baseline points="4060,1110 4150,1104 4239,1104 4329,1110 4353,1110"/>
                <TextEquiv>
                    <Unicode>leichtlebig</Unicode>
                </TextEquiv>
            </TextLine>
            <TextLine id="tr_2_tl_14" custom="readingOrder {index:13;}">
                <Coords points="3635,1220 5242,1215 5429,1178 5429,1093 5210,1140 3635,1128"/>
                <Baseline points="3648,1164 3738,1164 3827,1164 3917,1164 4006,1164 4096,1164 4186,1170 4275,1170 4365,1164 4454,1164 4544,1164 4633,1164 4723,1164 4813,1164 4902,1170 4992,1164 5081,1170 5171,1170 5260,1164 5350,1164 5434,1164"/>
                <TextEquiv>
                    <Unicode>Es mag sein wie Sie sagen, dass es etwas trocken wirkt, d.h.etwas</Unicode>
                </TextEquiv>
            </TextLine>
            <TextLine id="tr_2_tl_15" custom="readingOrder {index:14;}">
                <Coords points="3461,1317 4029,1260 5434,1275 5432,1220 5115,1200 3458,1228"/>
                <Baseline points="3475,1248 3565,1254 3654,1254 3744,1254 3833,1254 3923,1248 4012,1254 4102,1254 4192,1254 4281,1254 4371,1254 4460,1254 4550,1254 4639,1254 4729,1254 4819,1254 4908,1254 4998,1254 5087,1254 5177,1254 5266,1254 5356,1254 5440,1254"/>
                <TextEquiv>
                    <Unicode>knapp, thesenartig, wenn es auch nicht so gefühlt ist. Ich verstehe Sie</Unicode>
                </TextEquiv>
            </TextLine>
            <TextLine id="tr_2_tl_16" custom="readingOrder {index:15;}">
                <Coords points="3461,1375 5304,1390 5422,1380 5422,1300 3461,1315"/>
                <Baseline points="3475,1337 3565,1343 3654,1343 3744,1343 3833,1343 3923,1343 4012,1343 4102,1343 4192,1337 4281,1343 4371,1343 4460,1343 4550,1337 4639,1337 4729,1343 4819,1343 4908,1343 4998,1343 5087,1343 5177,1343 5266,1343 5356,1343 5428,1343"/>
                <TextEquiv>
                    <Unicode>recht wohl wenn Sie sagen, dass die weibliche Hauptfigur einen "Sprung"</Unicode>
                </TextEquiv>
            </TextLine>
            <TextLine id="tr_2_tl_17" custom="readingOrder {index:16;}">
                <Coords points="3473,1490 5467,1445 5387,1372 3473,1390"/>
                <Baseline points="3487,1427 3577,1433 3666,1433 3756,1427 3845,1433 3935,1427 4024,1427 4114,1433 4204,1433 4293,1433 4383,1427 4472,1433 4562,1433 4651,1427 4741,1427 4831,1433 4920,1433 5010,1433 5099,1433 5189,1433 5278,1433 5368,1433 5458,1433 5470,1433"/>
                <TextEquiv>
                    <Unicode>bekam. Der Ausdruck war mir neu, aber die Sache ist mir bekannt. Das ist</Unicode>
                </TextEquiv>
            </TextLine>
            <TextLine id="tr_2_tl_18" custom="readingOrder {index:17;}">
                <Coords points="3461,1579 3643,1522 3957,1574 5467,1559 5467,1480 3461,1492"/>
                <Baseline points="3475,1516 3565,1522 3654,1516 3744,1522 3833,1516 3923,1516 4012,1516 4102,1522 4192,1516 4281,1516 4371,1516 4460,1516 4550,1516 4639,1516 4729,1516 4819,1516 4908,1516 4998,1516 5087,1522 5177,1522 5266,1522 5356,1522 5446,1522 5470,1522"/>
                <TextEquiv>
                    <Unicode>sogar auch mir einmal geschehen und es macht immerhin einen unangenehmen</Unicode>
                </TextEquiv>
            </TextLine>
        </TextRegion>
        <TextRegion id="tr_3" custom="readingOrder {index:2;}">
            <Coords points="3451,1556 5475,1556 5475,3061 3451,3061"/>
            <TextLine id="tr_3_tl_1" custom="readingOrder {index:0;}">
                <Coords points="3438,1684 5419,1647 5282,1562 4990,1544 3438,1599"/>
                <Baseline points="3451,1618 3541,1612 3630,1606 3720,1606 3809,1606 3899,1606 3989,1606 4078,1606 4168,1606 4257,1606 4347,1606 4436,1606 4526,1606 4616,1606 4705,1606 4795,1612 4884,1606 4974,1612 5063,1612 5153,1612 5243,1612 5332,1624 5422,1630"/>
                <TextEquiv>
                    <Unicode>Eindruck, kann auch der Produktion schädlich sein. Ibsen sagte mir</Unicode>
                </TextEquiv>
            </TextLine>
            <TextLine id="tr_3_tl_2" custom="readingOrder {index:1;}">
                <Coords points="3468,1756 5469,1734 5469,1647 3468,1689"/>
                <Baseline points="3481,1707 3505,1701 3594,1695 3684,1701 3774,1695 3863,1695 3953,1695 4042,1695 4132,1695 4221,1695 4311,1695 4401,1695 4490,1695 4580,1695 4669,1695 4759,1695 4848,1695 4938,1695 5028,1701 5117,1701 5207,1701 5296,1701 5386,1707 5475,1695"/>
                <TextEquiv>
                    <Unicode>einmal: Ich kenne zuletzt die Personen, die ich darstellen werden, so ge-</Unicode>
                </TextEquiv>
            </TextLine>
            <TextLine id="tr_3_tl_3" custom="readingOrder {index:2;}">
                <Coords points="3456,1839 5424,1809 5374,1737 3456,1751"/>
                <Baseline points="3469,1779 3559,1791 3648,1785 3738,1779 3827,1785 3917,1785 4006,1785 4096,1785 4186,1785 4275,1785 4365,1785 4454,1785 4544,1785 4633,1785 4723,1785 4813,1785 4902,1791 4992,1785 5081,1791 5171,1791 5260,1791 5350,1791 5428,1785"/>
                <TextEquiv>
                    <Unicode>nau, dass ich bei meinem Mann sogar die zwei Knöpfe sehe hinten an sei-</Unicode>
                </TextEquiv>
            </TextLine>
            <TextLine id="tr_3_tl_4" custom="readingOrder {index:3;}">
                <Coords points="3473,1931 5257,1909 5297,1821 3473,1851"/>
                <Baseline points="3487,1875 3511,1875 3600,1875 3690,1875 3780,1875 3869,1875 3959,1875 4048,1875 4138,1869 4227,1875 4317,1875 4407,1875 4496,1875 4586,1875 4675,1875 4765,1875 4854,1875 4944,1875 5034,1875 5123,1875 5213,1881 5302,1869"/>
                <TextEquiv>
                    <Unicode>nem Rock, die er selbst nicht sieht... So lange haben Sie sich mit</Unicode>
                </TextEquiv>
            </TextLine>
            <TextLine id="tr_3_tl_5" custom="readingOrder {index:4;}">
                <Coords points="3468,1971 4022,2033 5377,1994 5324,1901 3468,1929"/>
                <Baseline points="3481,1958 3571,1964 3660,1964 3750,1964 3839,1958 3929,1964 4018,1964 4108,1964 4198,1964 4287,1964 4377,1964 4466,1964 4556,1964 4645,1964 4735,1964 4825,1964 4914,1964 5004,1970 5093,1970 5183,1970 5272,1970 5362,1970 5380,1970"/>
                <TextEquiv>
                    <Unicode>diesen Personen nicht beschäftigt, dass Sie diese zwei Knöpfe gesehen</Unicode>
                </TextEquiv>
            </TextLine>
            <TextLine id="tr_3_tl_6" custom="readingOrder {index:5;}">
                <Coords points="3461,2128 5422,2071 5364,1991 5190,2038 3461,1996"/>
                <Baseline points="3475,2054 3565,2054 3654,2054 3744,2054 3833,2054 3923,2054 4012,2054 4102,2048 4192,2054 4281,2054 4371,2054 4460,2054 4550,2054 4639,2054 4729,2054 4819,2060 4908,2060 4998,2060 5087,2060 5177,2060 5266,2060 5356,2060 5428,2060"/>
                <TextEquiv>
                    <Unicode>haben. Deshalb sind die Gestalten vielleicht nicht rund, nicht stereos-</Unicode>
                </TextEquiv>
            </TextLine>
            <TextLine id="tr_3_tl_7" custom="readingOrder {index:6;}">
                <Coords points="3468,2203 5437,2193 5437,2101 3468,2108"/>
                <Baseline points="3481,2143 3571,2143 3660,2143 3750,2143 3839,2143 3929,2143 4018,2143 4108,2143 4198,2143 4287,2143 4377,2143 4466,2143 4556,2143 4645,2149 4735,2149 4825,2143 4914,2149 5004,2149 5093,2149 5183,2149 5272,2149 5362,2155 5440,2167"/>
                <TextEquiv>
                    <Unicode>kopisch genug. Die Liebe zwischen Paul und Anna ist zu knapp behandelt,</Unicode>
                </TextEquiv>
            </TextLine>
            <TextLine id="tr_3_tl_8" custom="readingOrder {index:7;}">
                <Coords points="3456,2305 5012,2300 5374,2258 5374,2201 3456,2203"/>
                <Baseline points="3469,2233 3559,2233 3648,2233 3738,2233 3827,2233 3917,2233 4006,2233 4096,2233 4186,2233 4275,2233 4365,2233 4454,2233 4544,2233 4633,2239 4723,2233 4813,2233 4902,2233 4992,2233 5081,2233 5171,2233 5260,2239 5350,2239 5380,2239"/>
                <TextEquiv>
                    <Unicode>nicht indivieuell genug, nur indiciert. Auch scheint es mir gewisser-</Unicode>
                </TextEquiv>
            </TextLine>
            <TextLine id="tr_3_tl_9" custom="readingOrder {index:8;}">
                <Coords points="3438,2388 4227,2325 5085,2373 5374,2353 5374,2283 3438,2295"/>
                <Baseline points="3451,2316 3541,2322 3630,2322 3720,2322 3809,2322 3899,2322 3989,2322 4078,2322 4168,2322 4257,2322 4347,2322 4436,2322 4526,2322 4616,2322 4705,2322 4795,2322 4884,2322 4974,2328 5063,2328 5153,2328 5243,2328 5332,2328 5380,2322"/>
                <TextEquiv>
                    <Unicode>massen ein Fehler, dass die vielen so schön und lebendig gezeichneten</Unicode>
                </TextEquiv>
            </TextLine>
            <TextLine id="tr_3_tl_10" custom="readingOrder {index:9;}">
                <Coords points="3448,2440 5240,2445 5392,2433 5392,2355 3448,2380"/>
                <Baseline points="3463,2406 3553,2412 3642,2406 3732,2406 3821,2406 3911,2406 4000,2412 4090,2412 4180,2406 4269,2412 4359,2412 4448,2412 4538,2412 4628,2412 4717,2412 4807,2412 4896,2412 4986,2412 5075,2412 5165,2412 5255,2418 5344,2418 5398,2412"/>
                <TextEquiv>
                    <Unicode>Nebenpersonen - meisterhaft sind sie, und mit so viel Kenntnis und Er-</Unicode>
                </TextEquiv>
            </TextLine>
            <TextLine id="tr_3_tl_11" custom="readingOrder {index:10;}">
                <Coords points="3468,2505 5449,2537 5449,2465 5314,2453 3468,2473"/>
                <Baseline points="3481,2502 3571,2502 3660,2502 3750,2496 3839,2502 3929,2496 4018,2496 4108,2496 4198,2502 4287,2502 4377,2502 4466,2502 4556,2502 4645,2502 4735,2502 4825,2508 4914,2502 5004,2502 5093,2502 5183,2508 5272,2508 5362,2508 5452,2502"/>
                <TextEquiv>
                    <Unicode>fahrung hervorgebracht - dass diese also ganz und gar nicht in die Hand-</Unicode>
                </TextEquiv>
            </TextLine>
            <TextLine id="tr_3_tl_12" custom="readingOrder {index:11;}">
                <Coords points="3471,2617 5042,2627 5020,2542 3468,2547"/>
                <Baseline points="3481,2585 3571,2585 3660,2591 3750,2585 3839,2585 3929,2585 4018,2585 4108,2585 4198,2585 4287,2585 4377,2585 4466,2585 4556,2591 4645,2591 4735,2591 4825,2591 4914,2591 5004,2591 5046,2591"/>
                <TextEquiv>
                    <Unicode>lung eingreifen. Das ist mangelhafte Technik, nicht wahr?</Unicode>
                </TextEquiv>
            </TextLine>
            <TextLine id="tr_3_tl_13" custom="readingOrder {index:12;}">
                <Coords points="3468,2695 5379,2700 5317,2617 3468,2627"/>
                <Baseline points="3481,2681 3571,2675 3660,2681 3750,2675 3839,2675 3929,2675 4018,2675 4108,2681 4198,2675 4287,2675 4377,2675 4466,2675 4556,2675 4645,2681 4735,2681 4825,2681 4914,2681 5004,2681 5093,2681 5183,2681 5272,2681 5362,2681 5386,2687"/>
                <TextEquiv>
                    <Unicode>Alle diese Einwendungen mache ich um mein Renommée als Kritiker nicht</Unicode>
                </TextEquiv>
            </TextLine>
            <TextLine id="tr_3_tl_14" custom="readingOrder {index:13;}">
                <Coords points="3461,2802 5125,2819 5434,2802 5434,2725 3461,2727"/>
                <Baseline points="3475,2770 3565,2770 3654,2770 3744,2770 3833,2764 3923,2770 4012,2770 4102,2764 4192,2764 4281,2764 4371,2764 4460,2770 4550,2770 4639,2770 4729,2764 4819,2770 4908,2770 4998,2770 5087,2770 5177,2776 5266,2770 5356,2776 5440,2776"/>
                <TextEquiv>
                    <Unicode>ganz preiszugeben, denn mein Vergnügen ist nur Sie zu loben. Wir werden</Unicode>
                </TextEquiv>
            </TextLine>
            <TextLine id="tr_3_tl_15" custom="readingOrder {index:14;}">
                <Coords points="3456,2882 5427,2907 5402,2794 3456,2809"/>
                <Baseline points="3469,2854 3559,2854 3648,2854 3738,2854 3827,2854 3917,2854 4006,2854 4096,2854 4186,2854 4275,2854 4365,2854 4454,2854 4544,2854 4633,2854 4723,2854 4813,2854 4902,2860 4992,2860 5081,2866 5171,2860 5260,2866 5350,2866 5434,2866"/>
                <TextEquiv>
                    <Unicode>alle dümmer, wenn man uns lobt, aber wir werden es ohnehin, und es gibt</Unicode>
                </TextEquiv>
            </TextLine>
            <TextLine id="tr_3_tl_16" custom="readingOrder {index:15;}">
                <Coords points="3461,2974 5190,2994 5404,2977 5404,2922 3458,2889"/>
                <Baseline points="3475,2944 3565,2944 3654,2944 3744,2944 3833,2944 3923,2938 4012,2944 4102,2944 4192,2944 4281,2944 4371,2944 4460,2944 4550,2944 4639,2944 4729,2949 4819,2949 4908,2949 4998,2949 5087,2949 5177,2955 5266,2955 5356,2955 5410,2955"/>
                <TextEquiv>
                    <Unicode>keine angenehmere Weise, dümmer zu werden. Deshalb liebe ich selbst so</Unicode>
                </TextEquiv>
            </TextLine>
            <TextLine id="tr_3_tl_17" custom="readingOrder {index:16;}">
                <Coords points="3471,3071 4885,3064 4980,3111 5447,3051 5312,2972 3623,3014 3468,2969"/>
                <Baseline points="3481,3027 3571,3033 3660,3039 3750,3039 3839,3039 3929,3033 4018,3033 4108,3039 4198,3039 4287,3039 4377,3039 4466,3039 4556,3039 4645,3039 4735,3039 4825,3045 4914,3045 5004,3045 5093,3045 5183,3045 5272,3045 5362,3051 5452,3051"/>
                <TextEquiv>
                    <Unicode>sehr gelobt zu werden. Als ich noch meine beiden kleinen Mädchen hatte -</Unicode>
                </TextEquiv>
            </TextLine>
        </TextRegion>
    </Page>
</PcGts>
