5733 3594
1197 350 2084 492 23 Kopenhagen, 11. März 1906
769 678 1893 784 Verehrter und lieber Freund. März 1904.
512 744 2400 896 Haben Sie herzlichen Dank für die gute Cabe, die Sie mir schickten,
1384 845 2432 948 meine Freude daran gehabt. Die Welt
529 899 2495 1048 Georg Brandes herzlich grüssend und für die letzte schöne Zusendung
529 977 1587 1075 dankend. xxx nicht xxx an,
529 1036 2429 1146 da ich selbst wenig Phantasie besitze und erstaune, dass ein anderer
529 1134 1153 1242 all das erfinden kann.
514 1158 2370 1330 Seit lange beschäftigt es Sie, wie der Gedanke an den nahen Tod die
526 1293 2329 1410 Gefühle beeinflusst, Schleier der Beatrice, Leutenant Gusti, w. s. w.
526 1371 2317 1504 Hier variieren Sie das Thema: der Gedanke an den Tod des Liebsten
541 1467 2226 1597 wirkt ebenso. Sie sind ein Grübler über den Tod, wie schon Ihr
529 1567 2294 1697 Sterben zeigte. Die Hälfte Ihrer Produktion ist Theanates, die
529 1665 2414 1766 Hälfte Eros gewidmet. Aber dadurch haben Ihre Arbeiten eine so grosse
529 1761 2441 1868 Spannweite (wenn das Wert deutsch ist). Ich las eine sehr unverständi-
529 1841 2383 1961 ge Kritik über Ihr Werk in dem Tag: es scheint mir, dass die meiste
524 1903 2410 2050 deutsche Kritik allzu viel fertige Begriffe und Ansprüche mitbringt;
536 2028 1748 2138 sie ist weniger geschmeidig als die unerige.
1961 2081 2476 2226 reffen. Ich machte,
541 2072 1888 2253 Es war mir sehr lieb, Sie jene Stunde bei Fulda zu
522 2197 1712 2329 dass Sie wieder einmal nach Dänemark kämen.
1068 2292 1624 2390 Ihr dankbar verbunden
4021 350 4915 502 24 Kopenhagen, 11. März 1906
4699 426 5000 558 Jall 1906.
3901 573 4405 717 Verehrter Freund.
3592 691 4386 796 Verehrter und lieber Freund.
3343 749 5194 855 Haben Sie herzlichen Dank für die gute Gabe, die Sie mir schickten,
3343 869 5282 960 Ihr letztes Schauspiel. Ich habe meine Freude daran gehabt. Die Welt
3347 950 5216 1060 Ihrer Chantasie zieht mich immer an, und erregt meine Bewunderung,
3352 1016 5255 1146 da ich selbst wenig Plantasie besitze und erstaune, dass ein anderer
4599 1107 5297 1229 ch sehr, sehr matt, stel-
3345 1131 4582 1239 all das erfinden kann.
3360 1171 5199 1313 Seit lange beschäftigt es Sie, wie der Gedanke an den nahen Tod die
4449 1290 5314 1386 ge, Leutenant Gustl, u.s.w.
3352 1322 4457 1423 Gefühle beeinflusst, Schleier der Beatri
4447 1362 4645 1435 it and f
3360 1401 5199 1504 Hier vartieren Sie das Thema; der Gedanke an den Tod des Liebsten
4523 1464 4689 1528 ikisien
3372 1491 5186 1609 wirkt ebenso. Sie sind ein Grübler über den Tod, wie schon Ihr
3372 1575 5208 1677 "Sterben" zeigte. Die Hälfte Ihrer Produktion ist Thoanatos, die
3360 1650 5255 1790 Hälfte Eros gewidmet. Aber dadurch haben Ihre Arbeiten eine so grosse
3352 1741 5277 1868 Spannweite (wenn das Wort deutsch ist). Ich las eine sehr unverständi-
3365 1849 5201 1952 ge Kritik über Ihr Werk in dem Tag; es scheint mir, dass die meiste
3360 1935 5231 2042 deutsche Kritik allzu viel fertige Begriffe und Ansprüche mitbringt;
3365 2020 4577 2130 sie ist weniger geschmeidig als die unsrige.
3352 2116 5311 2219 Es war mir sehr libb, Sie jene Stunde bei Fulda zu treffen. Ich möchte,
3365 2211 4552 2334 dass Sie wieder einmal nach Dänemark kämen.
3891 2282 4562 2414 Ihr dankbar verbundener
4518 2361 4949 2488 Georg Brandes.
