5850 3594
1545 360 1704 472 G.C.F.P
1502 441 2125 579 Mittwoch, 26.6.1901
1360 562 2030 720 Havnegade 55.Kopenhagen
930 730 1653 862 Verehrter Herr Schnitzler/
1132 827 1309 927 er Her
594 900 2334 1037 Ich kenne Sie ein wenig durch die Freundschaft, die mein Vater
601 1012 2448 1127 für Sie hegt; ich habe ausserdem alle Ihre Schriften gelesen. Recht
606 1112 2431 1217 sehr würden Sie mich verpflichten, wollten Sie mir für mein Album,
594 1212 2434 1312 worin eine Menge grosser Männer geschrieben haben, ein Paar Zeilen
591 1287 818 1395 senden.
2332 1365 2546 1465 finden
781 1360 1443 1485 Ihre grosee Bewunderin
2366 1446 2568 1560 iliehes.
1521 1536 1979 1665 Edith Brandes.
1867 1633 2066 1733 am beste
1631 1784 1845 1920 und mir
4415 348 5094 470 Hotel Gresund.Skodsborg.
4408 441 5070 579 15.7.1901.
3989 689 4709 879 Verehrter Herr Schnitzler!
3831 832 4573 937 Verehrter Herr Schnitzler!
3527 898 5366 1012 Seien Sie aufs Herzlichste bedankt für das hübsche Gedicht, worüber
3509 998 5369 1088 Mit unendlicher Mühe habe ich Ihre freundlichen Zeilen dechiffrirt.
3514 1095 5374 1205 Ich schäme mich ein bischen mich so als Stambuchdame Ihnen präsen-
3522 1197 5437 1292 tiert zu haben; aber Sie nehmen die Aufgabe zu feierlich. Sie brauchen
3509 1292 5386 1397 nicht Ihre Bücher zu verschreiben, auch nicht geistreicher zu sein /
3522 1370 5437 1472 als wie Sie es jeden Tag ohne Anstrengung sind. In meinem Album finden
3522 1441 5474 1562 sich so spirituelle Sachen, wie "Willkommen noch einmal!" und ähnliches.
3514 1531 5391 1662 Für eine beliebige Zeile bin ich dankbar. Es würde mir schwer fallen
3522 1628 5386 1708 Ihnen zu sagen, welches von Ihren Büchern mir am besten gefällt; - in
3509 1706 4456 1842 jedem findet sich so viel Schönes.
3592 1825 4777 1930 Mit besten Grüssen von meinem Papa und mir
4714 1908 5140 2020 Edith Brandes.
