5788 3592
1561 364 1773 438 Mai 192
1108 330 2280 552 Kopenhagen, Allégade 31, Dr. Meisens Klinik.
586 362 795 566 G.H.F.
547 515 1056 660 Lieber Schnitzler.
505 633 2352 731 Lieber Schnitzler,- Wegen eines Unwohlseins bin ich seit ein paar
500 717 2364 845 Wochen auf einer Klinik. Es ist mir ein wahrer Trauer, Sie nicht in
505 783 2465 901 diesen Tagen bei mir empfangen zu können; muss Sie aber sehen.
500 879 2406 1017 Bitte suchen Sie mich morgen Sonnabend etwa um 2 und bleiben Sie
488 968 2467 1111 ruhig bis gegen 5. Ihre Vorlesung findet ja erst abends statt.
786 1084 2398 1197 Mit tausend Grüssen Ihr Freund Georg Brandes.
557 1133 741 1231 Sie we
1293 1148 2435 1258 cklich auf dem Lande (Hornbach,VilläIris).
559 1207 953 1310 dänische.- Ich
1184 1221 2443 1349 d es geht mir sehr gut, wäre nur nicht der Sem-
559 1298 978 1406 um mich zu erhe
1167 1354 2391 1463 Wetter so kalt und regnerisch. Ich habe recht
552 1399 909 1502 mer so schle
1130 1409 2376 1534 idie 6.Ausgabe meiner alten vor halbhundert
552 1463 852 1588 viel gearbe
584 1492 2448 1677 Jahren geschriebenen Hauptströmungen heraus, in vermehrter und verbes-
571 1574 2413 1731 serter Gestalt, merte Irrtümer aus und füge Binsensahrheiten hinzu.-
561 1687 2443 1822 Es war eine wahre Freude für mich, Sie wiederzusehen, anscheinend un-
576 1771 2394 1899 angefochten von all dem Ungemach, das sich über Land wie übr ganz
581 1862 2406 1992 Europa gestürzt hat. Sie haben augenscheinlich nicht weniger Wider-
576 1960 2096 2071 standskraft als Ihr jugendlicher Verehrer Georg Braades.
574 2066 1886 2243 Grüssen Sie den Sohn, von dem Sie mir sprachen.
4297 396 4972 547 Kopenhagen, 11. Juni 23.
3290 428 3465 544 .,.
3595 414 3770 542 1,1
4336 527 5097 635 Kopenhagen 10. Dezember 1924.
3445 502 3957 682 Lieber Schnitzler.
3686 628 5265 771 Seien Sie bedankt für die Güte, die Sie nicht weniger als
3445 697 3644 795 Mein li
3445 717 5297 852 drei Mal einen patienten aufsuchen liess. Ich war und bin Ihnen von
3445 790 5366 955 ganzem Herzen dankbar. Ich hoffe, dass Sie in Stockholm gute Erfahrun-
3450 896 5297 1051 gen machten. Ich habe leider keine schwedische Zeitung gelesen. Ich
3450 987 5376 1145 habe den Wunsch, dass es Ihnen in der hübschen Stadt gut ging und dass
3445 1059 5297 1239 Sie was verdienten. Die schwedische Krone ist viel mehr wert als die
3462 1155 5341 1315 dänische.- Ich bin augenblicklich auf dem Lande (Hornbäth,Villatris),
3445 1236 5331 1418 um mich zu erholen, und es geht mir sehr gut, wäre nur nicht der Som-
3467 1330 5275 1495 mer so schlecht, das Wetter so kalt und regnerisch. Ich habe recht
3480 1426 5257 1583 viel gearbeitet, gebe die 6.Ausgabe meiner alten vor halbhundert
3475 1514 5390 1667 Jahren geschriebenen Hauptströmungen heraus, in vermehrter und verbes-
3475 1608 5321 1758 serter Gestalt, merze Irrtümer aus und füge Binsenwahrheiten hinzu.-
3477 1684 5341 1820 Es war eine wahre Freude für mich, Sie wiederzusehen, anscheinend un-
3475 1780 5289 1936 angefochten von all dem Ungemach, das sich über Land wie übr ganz
3470 1867 5299 1992 Europa gestürzt hat. Sie haben augenscheinlich nicht weniger Wider-
3487 1970 5026 2125 standskraft als Ihr jugendlicher Verehrer Georg Brandes.
3489 2064 4775 2206 Grüssen Sie den Sohn, von dem Sie mir sprachen.
4634 2135 4797 2211 beson
4167 2226 4400 2305 fahrungen
4580 2221 4767 2298 en nich-
3423 2211 3659 2320 kenner x
4228 2330 4664 2398 schenschlag war v
3415 2305 3598 2401 Ihrige
3989 2391 4659 2480 und Russinnen gekannt, xxx
3415 2384 3837 2497 meist Skandina.
3406 2455 4647 2591 Die wenigen dieser Nation, die ich getroffen
3411 2566 4213 2679 alle Ihre Frauen habeneine per
3662 2642 4265 2780 Das andere Buch, dessen
3408 2738 4265 2859 über den Leutnant Gustl erinner
3406 2837 4277 2962 traurige Wahrheit ergreifend. So
3411 2918 4302 3051 haben dann armen Mädchen die Ausxxx
3411 3026 4248 3154 mir in der Erzählung die Lebens-
