5848 3577
1877 354 2270 514 16.I.97
445 406 1272 556 1 1 1/2 1/4 „ „ 2 „ — „
1520 403 1688 569 " "
737 535 1057 638 Lieber und
486 589 2476 734 ich habe eins durch den Tod verloren - lernte ich sie auf die Frage."“Wo
504 711 2414 817 wird man jeden Tag dümmer?“ zu antworten den Markt und die Nummer, wo
445 791 2487 907 ich damals wohnte, und sie thaten das mit Bravour. Jetzt werde ich jeden
455 840 2394 990 Tag dümmer in Havnegade, obwohl ich mehr geschimpft werde als gelobt.
476 941 2342 1081 Sonderbar, ich hatte Sie mir nach „Anatol“ ganz anders vorgestellt,
481 1026 2399 1171 leichtsinnig, frivol, leichtlebig. Sie sind es kaum je gewesen, glaub
504 1166 2358 1267 ich jetzt. Sie sind ja sehr, sehr ernst, für einen Wiener sogar un¬
504 1246 972 1362 glaublich ernst.
659 1274 2507 1445 Ich habe eine demütige Bitte an Sie. Lesen Sie einmal mein fürchter
501 1380 2370 1533 lich dickes Buch über Shakespeare - in dieser grässlichen deutschen
486 1458 2412 1613 Uebersetzung, wo alle Musik der Sprache fort ist und der Sinn nur an-
481 1559 2515 1698 nähernd wiedergegeben und sagen Sie zum Vergelt mir Ihre Meinung darüber.
512 1647 2432 1799 Ich habe dort ein Stück Psychologie kühner Art versucht und die ganze
512 1750 2461 1882 deutsche Kritik hat sich mir überlegen gefühlt; ich verachte aber diese
520 1853 2071 1975 Kritik mehr als sie mich verachtet, und das heisst etwas.
701 1905 2443 2060 Ich war sehr glücklich, heute von Herrn Beer Hofmann Brief zu
512 2021 2443 2156 bekommen, werde ihm sehr schnell schreiben, liebe ihn sehr. Sie und er
512 2130 2507 2221 und Goldmann sind staunenswerth, unerhört, Freunde. Dass es noch so etwas
512 2210 2376 2319 gibt! Was ich derartiges hatte ist längst todt, und ich glaube nicht
512 2314 848 2420 mehr daran.
1197 2474 1621 2577 Georg Tandes.
4537 344 5092 501 (etwa 13.Juli 1897)
3314 416 3601 574 e. m. p. i.
4250 452 4782 592 Kopenhagen, 38.
3663 535 4707 641 Lieber und verehrter Herr Schnitzler!
3490 633 5297 732 Ich kann leider nicht mit eigener Hand Ihren liebenswürdigen Brief
3376 734 5302 848 beantworten. Seit Ende April bin ich krank, habe eine heftige Aderent-
3358 838 5248 923 zündung, die mich zwingt, ganz still zu liegen und habe im Juni eine
3366 931 5271 993 schwere Lungenentzündung durchgemacht, die mich dem Tode nah brachte.
3366 975 5330 1062 Jetzt ist die Lunge einigermassen heil, doch in der eigentlichen Krank-
3371 1088 5325 1205 heit ist noch keine Konvalescenz eingetreten. Ich werde voraussichtlich
3366 1158 5279 1280 noch mehr als einen Monat im Bette bleiben müssen. Mein ganzer Sommer
3358 1246 5219 1396 ist dahin. Ich habe grosse Schmerzen ausgestanden und bin noch sehr
3366 1347 5348 1448 leidend. Es freut mich sehr, dass Sie etwas in meinem Buche über Shakes-
3402 1453 5273 1574 peare gefunden haben. Ich lese in dieser Zeit die Korrekturbogen der
3381 1504 5281 1634 zweiten deutschen Ausgabe und bin über die fürchterliche Sprache ganz
3384 1623 5457 1732 erschreckt. Es wimmelt von den plumpsten Missverständnissen meines dänishhen
3371 1693 4860 1810 Textes; ich schreibe um und verbessere ins Unendliche.
3567 1802 5325 1884 Ich bitte Sie Ihre Freunde sehr herzlich von mir zu grüssen. Herr
3371 1879 5359 1990 Goldmahn verstummte mir gegenüber plötzlich. Sie sind mir aber alle drei
3363 1988 3733 2084 gleich lieb.
3699 2050 4221 2166 Ihr ganz ergebener
4183 2143 4583 2277 Georg Brandes
