5748 3593
1549 373 2232 506 Hotel Gresund. Skodsborg.
1220 358 1409 547 226
1539 469 2192 643 15.7.1901.
992 800 1822 1004 Verehrter Herr Schnitzler!
690 940 913 1083 eien Sie
675 1011 2521 1164 Mit unendlicher Mühe habe ich Ihre freundlichen Zeilen dechiffrirt.
675 1102 2521 1264 Ich schäme mich ein bischen mich so als Stambuchdame Ihnen präsen-
707 1191 2597 1350 tiert zu haben; aber Sie nehmen die Aufgabe zu feierlich. Sie brauchen
957 1279 2563 1431 Bücher zu verschreiben, auch nicht geistreicher zu sein
687 1340 864 1439 nicht
687 1363 2617 1525 als wie Sie es jeden Tag ohne Anstrengung sind. In meinem Album finden
690 1446 2664 1586 sich so spirituelle Sachen, wie "Willkommen noch einmal!" und ähnliche
685 1561 2561 1667 Für eine beliebige Zeile bin ich dankbar. Es würde mir schwer fallen
687 1633 2580 1765 Ihnen zu sagen, welches von Ihren Büchern mir am besten gefällt; - in
702 1723 1637 1861 jedem findet sich so viel Schönes.
768 1829 1939 1966 Mit besten Grüssen von meinem Papa und mir
1903 1895 2322 2023 Edith Brandes
4505 354 4716 516 V. P.
4080 417 4267 594 22c
4520 501 5109 638 Mittwoch, 31.7.1901.
4608 687 4910 795 März 1904.
3997 835 4733 930 Verehrter Herr Schnitzler!
3761 854 5175 1043 rung Brandes herzlich grüssend und für die letzte schät-
3543 975 5364 1132 Seien Sie aufs Herzlichste bedankt für das hübsche Gedicht, worüber
3540 1080 5288 1230 ich mich sehr gefreut habe. Es gehört in Zukunft zu den Zierden
3525 1161 5406 1291 meines Albums. An Papa habe ich Ihre Grüsse schriftlich bestellt, da
3530 1277 4763 1387 er sich augenblicklich in Karlsbad befindet.
3525 1375 5278 1488 Ich hoffe Sehr Sie einmal persönlich kennen zu lernen, wird Ihr
3530 1463 4637 1596 Weg Sie nicht mal wieder hierher führen?
3835 1547 4954 1677 Mit vielen Grüssen und nochmals dankend
4569 1650 5008 1765 Edith Brandes.
