5850 3594
1543 367 1859 462 J. Hotel d'J
1095 394 1455 579 -2'1-1
1543 387 2161 548 19.10.11)
733 589 2465 701 Haben Sie Dank, dass Sie sich um das mir unbekannte Frl. Prozor
601 713 1850 808 bemühten, und dass Sie ihr so nützlich waren.
750 793 2507 893 Sie irren sich wenn Sie glauben, ich möchte nicht gern nach xxx
625 881 2453 998 Wien kommen. Im Gegenteil. Wien hat immer für mich eine grosse An-
638 983 2504 1071 ziehungskraft gehabt; ich habe dort sehr angenehme Stunden verlebt,
638 1071 2490 1171 besonders - es ist lange her - in 1885, als ich den alten Gomperts
618 1173 2392 1241 kennen lernte. Später einmal, ich weiss nicht wann, es ist wohl
618 1256 2465 1353 20 Jahre her, luden Sie sich zu mir ein, und es war bei Ihnen eine
630 1326 2412 1433 Herrengesellschaft spät Abends, wo viele, die später berühmt ge-
618 1436 2526 1519 worden, zusammen waren: Hoffmannsthal, Wasserman und andere. Sonst
630 1506 2534 1611 habe ich in Wien nur bei Gompertz Menschen gesehen. Ich kenne ja Nie-
628 1584 2424 1708 mand dort. Aber ich bin in der Regel wie in einem Schraubenstock,
630 1682 2453 1794 ich kann nicht fort, wenn ich wolte, was zu weitläufig zu erklären
638 1777 2521 1881 ist. Leichter zu erklären ist dass ich eigentlich nie Geld zu meinen
623 1869 2524 1949 Reisen habe. Aus Deutschland bekomme ich nie einen Pfennig, habe dort
635 1969 2441 2054 seit lange nicht einmal mehr einen Verleger und stehe mit keiner
630 2061 2458 2144 Zeitung in Verbindung. In Dänemark verdiente ich durch ein Buch im
630 2130 2434 2244 Jahre 10 375 Kronen, aus England bekomme ich als Royalty für ein
630 2234 2388 2332 Dutzend Bände jährlich 400 Kronen. Ihre Einnahmen werden sich
650 2327 1584 2443 glücklicherweise anders gestalten.
638 2409 2441 2499 Ich habe das Glück gehabt, meine Mutter etwas länger zu behalten
640 2509 2507 2599 als es Ihnen gestatte wurde. Die Mutter ist ja vielleicht das einzi-
638 2594 2590 2682 ge unbedingt sichere, das wir zum Vertrauen haben, um so unersetzlicher
638 2699 2499 2784 Sie müssen jetzt 50 Jahre alt sein, ich bin in wenigen Monateb
635 2762 2524 2869 70, deshalb einigermassen isoliert, obwohl mein Temperament dasselbe
638 2891 964 2989 geblieben.
762 2950 1937 3091 Ich drücke Ihre Hand in alter Ergebenheit.
1743 3035 2164 3159 Georg Brandes.
4344 370 4906 514 Paris, Hotel d’Jéna.
4529 443 5014 562 3.£ Februar 1912.
3833 406 4059 528 11:1:1
4364 506 4804 567 Skagen, Dänemark
4356 562 4515 618 Adresse
4566 560 4746 630 Kopenhø
3872 591 4870 730 Verehrter Freund, verehrte Freundin.
3675 801 5469 910 Ihre lieben und schönen Porträts haben mich hier eingeholt, wohin
3534 893 5405 998 ich geflohen bin, um verscht das Festlichkeiten in Kopenhagen zu
3565 974 5481 1088 vermeiden. Ich bin Ihnen sehr dankbar, dass auch Sie, die ich so sehr
3592 1068 5476 1178 schätze, an mich (bei dieser schmählichen tragikomischen Gelegenheit)
3575 1173 5014 1263 gedacht haben.
3502 1176 5418 1351 Ihnen gegenüber ist mein Herz voll. On a eu l'idée renommé- da
3585 1336 5366 1438 ich sowohl dem Rathausfest wie einem von der Universität und den
3585 1426 5481 1519 Schriftstellern veranstalteten ausschlug - einen Saal der kgl.Biblio-
3604 1524 5366 1648 thek zum einem G.B.-Archiv zu verwandeln und mit meiner Büste zu
3592 1597 3872 1704 versehen.
4566 1623 4858 1721 Berg Brande
3597 1716 5408 1816 Da sollen idiotische Literarhistoriker der Zukunft in meinen alten
3585 1774 5055 1876 Liebesbriefen schnüffeln. Das soll mir Freude machen.
3609 1859 5469 1969 Glücklicherweise für Arthur S. halten wir noch immer dieselbe Distanz
3592 1969 4006 2076 von 20 Jahren.
3979 2042 4410 2168 Ihr ergebenster
4369 2137 4782 2241 Georg Brandes.
