5784 3593
1943 367 2129 516 ni 1901
1311 399 1686 508 Schloss Strze
694 411 920 535 "    "
1316 493 1785 583 Oesterr. Schlesie
1316 538 1574 617 13. Mai 1
778 521 1262 706 Verehrter Freund.
493 689 2303 811 Anbei die Verehrter Freund. Überzogen, durchaus nicht sehr warm
476 773 2357 905 So ist meine Absicht, am 16. um 3.45 in Wien anzukommen und um 8,25
468 892 2303 987 Abends nach Abbazia abzureisen.
468 949 2375 1068 Ich will sehr gern von der Nordbahn zu Ihnen fahren, weiss nur nicht,
476 1053 2422 1175 da ich die Lage der Bahnhöfe nicht kenne, ob es nicht besser wäre, erst
464 1143 2285 1234 meinen Koffer nach der Südbahnstation zu fahren. xxx den von
459 1237 2357 1361 Es versteht sich von selbst, dass es mir nur lieb sein kann. Herrn
459 1329 2365 1435 Beer-Hofmann zu treffen. Ich weiss nicht, wann Sie Mittag essen, ich
459 1433 2345 1537 werde wohl im Zuge etwas frühstücken, also sagen wir um 5 Uhr (oder
459 1524 2447 1611 wann es Sie passt, wer weiss im voraus, wann man an einem bestimuten Tag
459 1614 2100 1713 Hunger hat?) Recht bedacht überlasse ich Ihnen die Esszeit.
459 1705 2352 1827 Haben Sie vielen Dank für Ihre freundliche Antwort. und das interes-
982 1795 2226 1906 Von Herzen Ihr xxx
518 1792 934 1909 siert mich doch
523 1871 2112 1983 Georg Brandes.
530 1961 1299 2087 Auf Wiedersehen in 14 Tages.
1396 2127 1641 2253 Georg Br
4806 352 5079 521 Mai 1901
4472 354 4690 471 Abbasis
4469 459 4690 545 Hotel
3693 530 4184 682 Verehrter Freund.
4385 558 4962 726 Abbazia, 22. Mai 1901
3418 697 5228 823 Anbei die 30 Gulden. Hier ist überzogen, durchaus nicht sehr warm
3431 746 5277 905 und ich durch die Unpünktlichkeit meiner Mitmenschen völlig allein,
3961 868 5215 999 Tage, worüber ich wüte, da ich diese zwei Tage
3436 887 3849 1019 mindestens z w
4110 949 5218 1056 racht haben könnte, während ich mich hier
3441 1006 3859 1125 vorzüglich in
3887 1063 5235 1158 me Zeit ärgere. Einer Zusschale. Der Schluss nur
3445 1063 3899 1215 über die verloren
3887 1140 4073 1205 lich,
3445 1123 5198 1289 Der Weg von Mattuglie nach Abbazia erinnert ein wenig an den von
3431 1217 5292 1358 Taarmina nach Giardini. Hier blühen die Rosen, nur nicht die meinen.
3431 1348 5255 1453 Haben Sie aufrichtigen und herzlichen Dank für alle uns erwiesenen
3441 1423 5267 1542 Dienste. Ich, der ich selbst überlaufen werde, weiss was es heisst,
3448 1529 5282 1653 dass Jemand plötzlich kommt und uns die Zeit raubt. Nur unsere alte
3448 1594 4717 1710 Freundschaft macht die Sache etwas leidlicher.
3448 1713 5275 1819 Nun erfuhr ich gar nicht, was BeeräHofmann vorhat, und das interes-
3450 1800 5156 1914 siert mich doch lebhaft. Das ist die Folge jugendlich-seniler
3438 1854 5042 1998 Schwatzhaftigkeit, dass die Anderen nicht zu Worte kommen.
3441 1963 4226 2097 Auf Wiedersehen in 14 Tagen.
4288 2085 4727 2248 Georg Brandes.
