5848 3577
1544 435 2588 606 Kopenhagen, Goethes Geburtstag�1926.
666 481 919 577 Brandes.
666 565 1164 702 Verehrter Freund.
883 654 2484 750 Seit April 1925 hab ich Sie nicht gesehen, und es ist mir,
678 748 2566 851 als sah ich Sie gestern. So lebhaft stehen Sie mir vor Augen. Seitdem
666 813 2537 936 haben Sie eine weite Reise nach den canarischen Inseln gemacht, sich
666 919 2590 1061 freundlich meiner erinnert, mir die sonderbar tiefsinnige Traumnovelle
664 1008 2600 1126 zugesandt, vermutlich noch anderes hervorgebracht. Ich bitte nur, mich
666 1097 2513 1222 nicht- zu vergessen; ich war in Karlsbad, Prag, Schandau, meiner Ge-
678 1171 2544 1304 sundheit halber, und bin nicht krank, arbeite weiter mit Forschungen
685 1251 2501 1373 über Petrus und Paulus. Ueber Petrus erschien vor langer Zeit ein
678 1359 2460 1474 Büchlein, aber da mein Verleger in Berlin bankerott ist, wurde es
685 1462 2496 1573 nicht deutsch publiziert.- Es war schön, dass ich in Wien Ihr Gast
685 1539 2540 1676 sein durfte. Ihre junge W Tochter war Schmuck des Hauses. - Ich bitte
690 1643 2573 1770 gelegentlich Beer-Hofmann und seine Gemahlin sehr herzlich von mir zu
690 1732 2530 1845 grüssen.- Ich weiss nicht, ob Sie Zeit zum Lesen haben. Sonst würde
690 1818 2518 1910 ich Ihnen Kyra Kyralina von dem Rumänen Panit Istrati empfehlen. Er
695 1910 1905 2035 schreibt französisch und hat grosse Frische.
1890 1979 2451 2092 Ihr getreuer Freund
3345 385 3588 589 4½
3684 726 3959 847 Brandes.
4880 794 5065 883 30.12
4786 851 5063 952 Kopenhager
3663 967 4779 1159 Hochverehrter Herr Dr.Schnitzler.
4108 1087 5443 1291 In dankbarer Erinnerung schöner Stunden in Ihrem
3653 1159 5524 1383 gastfreundlichen Hause sende ich Ihnen die herzlichsten Glückwünsche
3639 1248 4180 1359 für das neue Jahr.
4637 1330 4820 1426 saken.
4153 1349 4868 1498 Ihre ergebene.
4493 1484 4887 1616 Gertrud Rung.
4572 1597 5089 1712 sind alle sehr fein
4459 1688 4651 1780 e Stücke
4812 1657 5296 1792 gut und logisch ge-
