5796 3577
1472 323 2130 426 Kopenhagen, 19. Dez. 1917
1282 380 2108 528 4) Kopenhagen, 28. Sept. 17.
577 471 2549 594 Verehrter Freund! Es hat mich riesig gefreut, dass Sie auch in dieser
648 594 2573 685 traurigen Zeit an mich gedacht haben. Ich habe Ihr lächelnd-wehmütiges
624 651 2596 789 Buch mit grossem Behagen gelesen und die Bekanntschaft mit zwei reizen-
636 744 2485 865 den Damen, genannt Sabine und Katharina, gemacht. Auch eine gwisse
624 841 2465 959 Lebensphilosophie, eine überlegene, ist in dem Buche. Während Sie
643 919 2606 1045 erfinderisch schöpfen, muss ich mich begnügen, geschichtliche Gestalten
648 1038 2536 1139 neu zu formen. Ich habe während des Krieges ein Buch über Goethe und
648 1124 2527 1250 eins über Voltaire publiziert, beide in zwei Bänden, ausserdem einen
624 1215 2549 1311 Band über den Weltkrieg, nur hier und in Amerika als The World at War
631 1292 2485 1400 erschienen. Seit 5 Monaten bin ich so närrisch, an einer grösseren
616 1358 2551 1511 Arbeit über Cäsar zu pfuschen. Die wird wohl mehr als ein Jahr nehmen.
634 1474 2465 1587 Ich denke oft an Wien und an die Freunde dort. Seit wir uns im No-
661 1560 2576 1671 vember 1912 sahen, ist Alles verändert. Ich kann kaum verstehen, dass
648 1689 1499 1782 es fast schon 5 Jahre her ist.
634 1713 2618 1896 Bitte sehr mich in der Erinnerung Ihrer Frau Gemahlin und Beer-Hofmanns
1878 1817 2041 1891 heer
589 1859 1851 1952 zurückzurufen, Ihr ganz ergebener
2268 1893 2477 2007 zugreich,
582 1955 1888 2078 Leben von ca. 120 bis o.40 Georg Brande
1876 1977 2423 2073 selt mich sehr. Bin
562 2034 2453 2162 ich doch kein Erfinder, nur ein withusiastischer Forscher. Ich hoffe,
560 2140 2539 2255 dass es Ihnen und den Ihrigen, auch unseren wenigen gemeinsamen Freunden
555 2228 863 2342 wohl geht.
1479 2418 1888 2532 Georg Brandes.
1425 3232 1844 3397 Geerg Brandes.
5438 158 5633 333 4
4163 279 5095 478 42 Kopenhagen, 19. Dez. 1917
3527 503 4242 634 Verehrter, lieber Freund.
3801 626 5428 737 Niemand ist treu und liebenswürdig wie Sie. Obwohl ich nie
3522 712 5428 833 in der Lage bin, Vergelt zu üben, senden Sie mir fortwährend Ihre Er-
3522 801 5435 929 zählungen und Schauspiele, diex mir so viel Freude bereiten. Nun das
3510 897 5470 1013 letzte Mal Fink und Fliederbusch, ein heiteres Stück in trauriger Zeit,
3515 979 5433 1080 nicht ohne satirischen Stachel, aber dennoch human. Ein Franzose sagte:
3515 1057 4474 1183 "L'age mûr méprise avec tolérance.
3767 1139 5435 1309 Wäre ich so glücklich all das was ich geschrieben haben, seit
3503 1245 5403 1373 wir uns sahen, würde es eine stattliche Reihe Bücher ausmachen, nicht
3500 1331 5398 1459 weniger als 7 schwere Bände. Mein Buch über den Weltkrieg erreicht in
3498 1425 5327 1538 diesen Tagen hier die vierte Ausgabe, hat in Nordamerika zwei. Die
3503 1521 5391 1634 Bücher über Goethe, übe Voltaire u.s.w. sind gut gegangen. Ein Buch,
3498 1624 5371 1743 worin ich meinen letzten Essays und Reden gesammelt habe, war in nur
3490 1691 5423 1804 14 Tage ausverkauft. Seit April bin ich damit beschäftigt, eine grosse
3498 1782 5371 1883 Maschine über meinen vergötterten Cajus Julius Cäsar zu fabrizieren,
3498 1883 5411 1972 wird wohl auch ein paar Bände werden. Der Stoff ist sehr umfangreich,
3486 1960 5344 2088 römisches Leben von ca. 120 bis c. 40, aber er fesselt mich sehr. Bin
3486 2046 5388 2182 ich doch kein Erfinder, nur ein enthusiastischer Forscher. Ich hoffe,
3490 2132 5462 2283 dass es Ihnen und den Ihrigen, auch unseren wenigen gemeinsamen Freunden
3481 2233 3794 2344 wohl geht.
5233 2275 5443 2361 sait aussi
4405 2398 5053 2527 Georg Brandes.
4839 2445 5559 2608 bevor Sie seinen Namen ge-
4622 2795 4804 2879 f, das
4343 2867 5066 2985 sonderbarer Mensch. Breisst
4319 2946 5011 3084 mie näher getreten. In se
4274 3020 4997 3192 getreten, ich habe nicht ein
3895 3239 4060 3338 Freund
4348 3222 4770 3365 Georg Brandes.
