5850 3594
1195 389 2297 561 - 2 - (Juni os)
1036 593 1528 708 Verehrter Freund.
571 705 2471 803 aber nicht den strengen notwenigen Zusammenhang. - Ihre Gestalten sind
578 776 2441 882 fesselnd. Ich kenne nicht eben solche Henschen, aber glaube an ihre
571 860 2495 997 Wahrheit. Wenige Bücher fesseln mich wie die Ihrigen. Ich glaube immer
558 957 2527 1065 etwas Verwandtes zu spüren. Ich habe Sie, kurz gesagt, ausserordentlich
571 1063 1362 1178 lieb.
593 1144 1413 1259 Ihr
1555 1224 2277 1325 aufgeführt worden ist. Die
607 1232 1376 1342 Georg Brandes.
1518 1298 2429 1420 elnde "Vervirrung des Gefühls" is
583 1327 906 1450 Goetheschen
1193 1391 2434 1516 Ihre Domäne. Sehr fein ist die schwache Asseu-
607 1415 1134 1543 Medardus ist so recht
595 1486 2341 1597 tung einer geistigen Verwandtschaft zwischen Helene und Kapolsen
585 1562 2096 1714 Die ganze Wieneratmosphäre vor 100 Jahren haben Sie geb.
600 1665 2106 1807 wenn ich nicht irre, lag es Ihnen besonders an Herzen,
612 1770 2216 1883 welchen Hintergrund von Spieszbürgerlichkeit und lässiger Re-
597 1851 2490 1981 die in Wien zu Hause waren, und auf welchem Hintergrund von unnatiess
597 1912 2503 2059 lem Wesen und Gehorsam dem Eroberer gegenüber, die in Leutschland her-
597 2020 2547 2145 vortraten, der Heroismus einiger Wenigen sich geltend macht. Zins nach-
612 2096 2544 2231 sichtige Menschenverachtung durchdringt das Schauspiel, und findet u.e.
612 2216 1077 2346 in mir ein Echo.
612 2248 2390 2429 Ich möchte immer gerne wissen, wie es Ihnen geht und wie as Bear-
612 2356 2414 2542 Hofmann geht, den ich (vor 18 Jahren, glaube ich) mit Ihnen kennen
605 2495 825 2618 lerste.
612 2503 2253 2694 Ueber mich selbst ist nichts Interessantes, wenigstens nicht
605 2632 2437 2787 Gutes zu melden. Ich bin nicht krank. Haben Sie für die Freude Dank
612 2762 2077 2887 womit Sie bei jeder neuen Arbeit auch an mich denken.
605 2860 1606 2983 Ich bin Ihr unveränderlicher Freund
1562 2907 1961 3051 Georg Brandes.
4383 397 5390 585 Kopenhagen, 18.12.1910. Havnegade)
3676 406 3862 575 1
4684 526 4969 637 11.4.1911.
3957 583 4459 700 Verehrter Freund.
3747 688 4542 803 Verehrter Herr und Freund.
3502 740 5387 877 Wenn ich Sie lese, tut es mir leid, dass ich so weit von Ihnen wohne
3509 879 5343 967 und so selten Gelegenheit habe, mit Ihnen einige Worte zu wechseln.
3497 950 5426 1065 Medardus habe ich sehr genau gelesen, laut vorgelesem, um es recht zu
3509 1038 5431 1156 würdigen. Sie haben dort ein reiches Bild aufgerollt. Mit Ueberraschung
3497 1146 5358 1237 und Freude erfuhr ich aus einer Zeitungsnotiz, dass das Stück trotz
3489 1219 5390 1335 seiner epischen Anlage erfolgreich aufgeführt worden ist. Die - im
3512 1313 5385 1423 Goetheschen Sinn über Kleist - fesselnde "Verwirrung des Gefühls" in
3509 1408 5370 1506 Medardus ist so recht Ihre Domäne. Sehr fein ist die schwache Andeu-
3514 1491 5302 1604 tung einer geistigen Verwandtschaft zwischen Helene und Napoleon.
3514 1567 5387 1685 Die ganze Wieneratmosphäre vor 100 Jahren haben Sie geben wollen. Und
3514 1668 5412 1778 wenn ich nicht irre, lag es Ihnen besonders am Herzen, zu zeigen, auf
3507 1756 5397 1890 welchem Hintergrund von Spiessbürgerlichkeit und lässiger Frivolität,
3521 1854 5444 1964 die in Wien zu Hause waren, und auf welchem Hintergrund von unnationa.
3512 1949 5436 2074 lem Wesen und Gehorsam dem Eroberer gegenüber, die in Leutschland her-
3514 1996 5451 2133 vortraten, der Heroismus einiger Wenigen sich geltend macht. Eine nach-
3509 2128 5461 2241 sichtige Menschenverachtung durchdringt das Schauspiel, und findet u.a.
3526 2223 3984 2343 in mir ein Echo.
3524 2307 5316 2434 Ich möchte immer gerne wissen, wie es Ihnen geht und wie er Beer-
3521 2397 5348 2530 Hofmann geht, den ich (vor 16 Jahren, glaube ich) mit Ihnen kennen
3521 2505 3742 2605 lernte.
3526 2490 5480 2699 Ueber mich selbst ist nichts Interessantes, wenigstens nicht besonders
3526 2654 5412 2792 Gutes zu melden. Ich bin nicht krank. Haben Sie für die Freude Dank,
3526 2777 4991 2882 womit Sie bei jeder neuen Arbeit auch an mich denken.
3521 2860 4518 2970 Ich bin Ihr unveränderlicher Freund
4481 2936 4888 3054 Georg Brandes.
