5846 3608
687 422 861 585 '    " -"
1032 441 1292 598 1. ƒ1.
1414 449 2262 585 Kapenhagen (genügende Adresse)
1637 546 2106 712 18.7 (18.9.18.)
1086 573 1260 677 2 "
523 692 1319 875 Verehrter und lieber Freund.
489 833 2358 947 gen Besuch je seine Wohnung gesehen. Dann plötzlich in den fünf¬
511 930 2344 1032 sechs letzten Lebensjahren schloss er sich mit einer Innigkeit an
518 1019 2401 1118 mich xx, dass ich eine Art Hauptperson in seiner Gedankenwelt wurde,
518 1091 2420 1208 er vidmete mir öffentlich seine Bücher, schrieb öfters über mich.
511 1208 2418 1304 natürlich meistens irrtümlich - aber mit dem besten Villen.
523 1282 2401 1384 xxx Es war sehr, sehr traurig, die Abnahme seiner Kräfte zu
518 1364 2440 1461 verfolgen. Man litt fast mit ihm. Sie, wie auch unser gemeinsamer Frauen
541 1468 2455 1567 Und doch ertrinkt dies Einzelne in dem allgemeinen Jammer
506 1538 2470 1664 der Menschheit. Glauben Sie nicht auch, dass diese Kugel, Erde genannt,
506 1654 2416 1738 in dem Weltall den Record bestialischer Stupidität geschlagen hat? Es
518 1731 2413 1845 scheint mir unmöglich, dass ein anderer globus von dümmeren und ekel-
506 1810 1639 1944 hafteren Wesen bewohnt sein kann.
744 1890 2378 2001 Ab und zu werde ich von Oesterreichern aufgesucht, aber
506 1984 2383 2128 es ist zuletzt unerträglich, von seinen Landsleuten als Gebrauchsge-
506 2076 2425 2190 genstand, von Fremden als Sehenswürdigkeit aufgesucht zu werden. Wenn
506 2182 2398 2279 vierzig Briefe und 12 Bände pro Tag mit der Post kommen, und wenn es
518 2262 2396 2373 alle drei Minuten an der Türe schellt, so ist es unmöglich, nicht zu
1800 2339 2425 2450 e Zuflucht zu irgend ein
523 2368 1691 2478 wüthen. In Wien weilen, Sie haben wohl eher
523 2435 2443 2547 ner Villa Sie irren sich völlig, wenn Sie glauben, dass ich hier für
511 2530 2460 2636 einen Vertreter dänischen Geistesleben gelte. Die Zeit ist längst vorü-
511 2631 2455 2728 ber. Ich habe mich von allem äusseren Leben zurückhezogen, um zu arbei-
511 2691 2443 2817 ten, und betrachte es als meine einzige Aufgabe, der nordischen Jugend
511 2815 2458 2902 gegenüber, sie mir vom Halse zu halten. Ich überlasse anderen die Freu-
506 2904 2430 2988 den des öffentlichen Vortrags und des Beifalkiatschens.
518 2951 2455 3085 die wieder Ihre Frau Gemahlin war mir in Vie 1913 eine liebe Virtin.
518 3078 2510 3189 Ich sage ihr meinen Dank. Hoffe, dass Sie Freude an den Kindern haben. Ich
506 3152 2440 3269 habe ein paar kleine Enkel, 10 und 5 Jahre, die selten hier sind, aber
784 3231 2450 3365 für die bedauernswerten Städte Wien und Budapest, Fatersburg
518 3259 791 3403 sehr lieb.
784 3328 1131 3410 Ihr Freund
1406 3326 1808 3412 Georg Brandes.
4352 446 5181 590 Kopenhagen(genügende Adresse)
4571 543 5049 665 13. Juni 20.
3457 744 4261 846 Verehrter und lieber Freund.
3606 804 5322 925 Kennen Sie die unverständlichen inneren Hindernisse, die es
3457 908 5280 1009 uns unmöglich machen, einen Brief zu schreiben? Es gibt täglich so
3474 999 5364 1099 viel zu tun, dass wenn ein Augenblick der geistigen Frische sich ein-
3462 1086 5369 1193 findet, man es als Pflicht und Notwendigkeit fühlt, diesen Augenblick
3457 1176 5352 1282 für die Arbeit zu verwenden. Und dann liegt es vielleicht daran, dass
3460 1262 5347 1381 man tausend Dinge sich zu sagen hätte, und nicht weiss, was herauszu-
3474 1342 5409 1461 greifen für einen elenden Brief. Sie, wie auch unser gemeinsamer Freund
3457 1446 5347 1545 Beer-Hofmann, sind mir in einem Menschenalter treu geblieben, und ich
3474 1543 5285 1642 gebe Ihnen nicht ein Lebenszeichen, nicht  einmal wenn Sie mir Ihre
3457 1642 5364 1719 Werke schenken. Das Lächerliche dabei und das Unglaubliche ist, dass
3457 1711 5357 1820 ich immer und immer wieder an Sie dachte und mir sagte: An Schnitzler
3470 1815 5285 1910 will ich schreiben, und kam nicht dazu.
3517 1902 5394 1984 Ich glaube, dass wir, als Peter starb, ein paar Briefe wechsel-
3470 1979 5330 2086 ten, aber es ist lange her. Er starb Ende Juli 18. Gesehen haben wir
3457 2081 5277 2177 uns nicht sei Dezember 12, und was ist nicht in der Welt geschehen
4419 2175 5310 2252 allende Bewegung des Judenhassas i
3474 2165 3936 2274 seit jener Zeit!
3690 2244 5325 2351 Ich weiss ja, augenblicklich Nichts über Sie, nicht einmal,
3462 2339 5401 2438 ob Sie in Wien weilen, Sie haben wohl eher Ihre Zuflucht zu irgend ei-
3462 2428 5277 2562 ner Villa genommen; aber der Brief wird Sie hoffentlich finden.
3618 2510 5215 2624 In irgend einer Zeitung sah ich mit Freunden, dass Die
3447 2597 5275 2735 Schwestern einen grossen Bühnenerfolg gehabt haben. Ich finde das
3462 2686 5359 2810 Stück sehr fein, sehr unterhaltend und echt, bin leise erstaunt, dass
3462 2795 5394 2899 Sie in so trauriger Zeit sich den Mut und die Spannkraft bewahrt haben,
3474 2874 5354 3003 ein Lustspiel zu schreiben. Ich kann nicht glauben, dass was ich über
3462 2993 5389 3100 die niederschlagenden Zustände in Oesterreich erfahren habe, übertrie-
3457 3080 5409 3167 ben sei. Die Wandlung von dem Zustand vor dem Krieg zu dem jetzigen ist
3457 3155 5347 3259 für uns alle, auch für die früheren Neutralen, furchtbar, doch an al-
3474 3246 5379 3375 lermeisten für die bedauernswerten Städte Wien und Budapest, Petersburg
