5784 3593
951 351 1123 472 2 -
1471 341 1999 457 Schloss Strzebowitz
1469 430 2171 590 (30.4.1900)
548 533 2356 688 in Wien. Ich habe Sie sehr lieb und freue mich, dass wir Freunde
590 661 2294 744 gelesen. Er ist so wahr und tief. Ein ganz klein wenig zu rohe.
538 722 2341 874 Ich las jetzt in Bett einige Bücher: Drames de familie, die
499 840 2370 958 Bürget mir schickte, trotzdem er so katholisch geworden ist; die zwei
636 936 2392 1044 in Erzählungen, die in unseren nordischen Blättern übel besprochen
560 1037 727 1108 G.C.F.P
437 1037 2378 1137 werden, gefielen mir sehr, wenn auch nicht die moralisierende Schreib-
474 1130 634 1204 Picht.
474 1120 2346 1233 weise, doch Stoff und Ausführung. Dann las ich einen deutschen Roman,
445 1223 2238 1331 der mir geschickt wurde und der mir gut scheint, Wilhelm Hegeler,
452 1302 2405 1432 Horer Horstmann, eine sehr tüchtige Leistung. Mit Interesse las ich
430 1358 590 1471 Inge
440 1393 2412 1496 Balzacs Briefe A L'Etrangere d.h.ans eine zukünftige Frau in der ersten
1626 1491 2233 1587 den für mich übrig ha.
474 1488 1560 1643 vollständigen Ausgabe.
553 1572 2390 1687 Es war amüsant, den Ton in Lanckoronskis Rund um die Welt mit dem
464 1665 700 1732 berends als
432 1670 2360 1764 in unseres Freundes Goldmanns zu vergleichen. Goldmann hat mehr Geist
449 1761 2380 1884 und Herz, der Graf hat viel mehr gesehen und (erstaunlicht) er hat da-
452 1847 1668 1985 rin ein gutes lyrisches Gedicht geschrieben.
577 1928 2326 2071 Es ist trist, so oft und lange krank zu sein. Ich bin ganz aus-
457 2036 2360 2125 ser stande, irgend eine ordentliche Arbeit vorzunehmen, meine tägliche
462 2120 2336 2255 Arbeit besteht allein darin, die Ausgabe meiner sämtlichen Schriften
464 2208 1385 2324 zu verbessern und zu korrigieren.
941 2319 1260 2446 Ihr Freund
1216 2383 1626 2498 Georg Brandes.
4379 366 4905 457 Schloss Strzebowitz
4171 420 4613 602 Schlesien
4603 449 4947 528 * Oesterreich
4601 491 4905 594 10. Mai 1901
3304 553 5247 685 Liebster! Ich habe Ihren Brief und ich habe den Roman mit der grössten
3311 680 5188 759 Freude gelesen. Er ist so wahr und tief. Ein ganz klein wenig zu rohe
3316 739 5234 870 haben Sie doch vielleicht den Virtuosen gemacht. Man hat den Eindruck,
3316 855 5168 960 habe eine sinnliche Enttäuschung erfahren, die Dame hat ja freilich
3311 911 4989 1061 nicht vor der Umarmung Toilette machen können. Wie es bei der
3316 1044 5173 1140 heisst tub be or not tub be, that is the question. Oder er hat viel-
3316 1130 5119 1231 leicht, wie's gut geht, so viele Frauen an den Hals, dass er nicht
3311 1213 5119 1317 mehr verträgt. Jedenfalls das Buch ist gut. Die Nebenhandlung, die
3311 1297 4637 1415 Geschichte der schönen Frau, sehr fein geführt.
4689 1309 5084 1420 Mittag essen,
3316 1398 5121 1506 Ich glaube, dass ich am 16. von hier über Wien nach Abbazia reise.
3316 1491 5131 1589 Wenn Sie in Wien dann sind und ein paar Stunden für mich übrig ha-
3311 1587 5200 1695 ben, möchte ich schon Mittags um 3,48 nach Wien kommen und bis 8 Uhr
3316 1673 4375 1768 Abends bleiben. Sonst reise ich durch.
3304 1683 4836 1874 Bitte, liebster Freund und Poet, um eine Zeile Antwort.
4217 1857 4632 2019 Georg Brandes.
