5784 3576
933 426 1518 595 E. E. G.
1596 502 2290 632 gepethagen, ld. Jän. 1897
1179 617 1708 805 der Herr Schnitzler.
1458 785 2225 898 Kopenhagen, 6.Oktober 1896
1982 855 2198 963 sich, das
928 878 1596 1046 Lieber Herr Schnitzler;
730 958 2491 1139 Könnten Sie mir nicht ein Bischen zu Hülfe kommen. Mir wird ein
597 1049 2449 1222 Numero der Zeit geschickt, worin als von mir eingesandt ein Bruch-
612 1179 2383 1297 stück meines alten Buches über Polen sich findet. Es ist vor 10
610 1222 2546 1402 Jahren herausgegeben, und die Zeitangaben passen darauf; nun steht es
612 1320 2627 1478 da als von heute stammend. Wenn ich doch wenigstens eine Korrektur dieser
610 1412 2514 1575 Sachen sähe! Es wimmelt von Missverständnissen. Die Fehler sind der¬
627 1480 2556 1673 art, dass das dänische Wort Roedsel (horror, horreur, Schrecken) über-
625 1578 2516 1749 setzt ist Räthsel. Ich erfahre, dass kürzlich in Berlin ein Buch mit
625 1693 2609 1846 meinem Namen versehen erschiehen ist. Aus dem Reiche des Absolutismus (1)
637 1774 2576 1947 Welcher Titel. Es sind wohl meine „Eindrücke aus Russland“. Es ist mir
640 1846 2589 2037 nicht geschickt worden. Es ist der 9te nicht autorisierte Band von mir
637 2020 1079 2135 in einem Jahre.
1059 2045 1478 2210 Ihr ergebener
1400 2127 1821 2290 Georg Brandes.
2331 2805 2607 2900 Wir werden
2278 2885 2619 3005 und es gibt
1836 3076 2381 3206 eiden kleinen Müschen
1091 3098 1505 3211 werden. Als ich
642 3103 968 3201 sehr gelob
3643 429 3899 552 V. F. P.
4518 492 5186 600 Kopenhagen, 16. Jän.1897
3896 697 4609 833 Liebster Herr Schnitzler
4265 818 4518 891 ersten das
3500 866 5351 1009 Sie wissen: Alles was Sie schreiben interessiert mich, deshalb war
3502 956 5449 1101 ich auf Ihr Stück gespannt und natürlich es hat meine Erwartungen nicht
3505 1029 5444 1187 getäuscht. Es interessiert lebhaft, es spannt und hält in Atem bis zum
3515 1172 3891 1282 letzten Wort.
3658 1214 5464 1365 Es mag sein wie Sie sagen, dass es etwas trocken wirkt, d.h.etwas
3502 1310 5492 1422 knapp, thesenartig, wenn es auch nicht so gefühlt ist. Ich verstehe Sie
3517 1405 5464 1548 recht wohl wenn Sie sagen, dass die weibliche Hauptfigur einen "Sprung"
3520 1490 5507 1631 bekam. Der Ausdruck war mir neu, aber die Sache ist mir bekannt. Das ist
3527 1581 5492 1721 sogar auch mir einmal geschehen und es macht immerhin einen unangenehmen
3525 1663 5374 1806 Eindruck, kann auch der Produktion schädlich sein. Ibsen sagte mir
3512 1731 5524 1897 einmal: Ich kenne zuletzt die Personen, die ich darstellen werden, so ge-
3530 1839 5477 1992 nau, dass ich bei meinem Mann sogar die zwei Knöpfe sehe hinten an sei-
3527 1924 5354 2052 nem Rock, die er selbst nicht sieht... So lange haben Sie sich mit
3527 2035 5426 2163 diesen Personen nicht beschäftigt, dass Sie diese zwei Knöpfe gesehen
3527 2112 5479 2253 haben. Deshalb sind die Gestalten vielleicht nicht rund, nicht stereos-
3542 2208 5482 2348 kopisch genug. Die Liebe zwischen Paul und Anna ist zu knapp behandelt,
3545 2306 5431 2436 nicht individuell genug, nur indiciert. Auch scheint es mir gewisser-
3542 2388 5444 2496 massen ein Fehler, dass die vielen so schön und lebendig gezeichneten
3550 2459 5469 2579 Nebenpersonen - meisterhaft sind sie, und mit so viel Kenntnis und Er-
3550 2561 5519 2659 fahrung hervorgebracht - dass diese also ganz und gar nicht in die Hand-
3542 2637 5130 2757 lung eingreifen. Das ist mangelhafte Technik, nicht wahr?
3550 2722 5462 2845 Alle diese Einwendungen mache ich um mein Renommée als Kritiker nicht
3555 2820 5527 2948 ganz preiszugeben, denn mein Vergnügen ist nur Sie zu loben. Wir werden
3550 2890 5512 3016 alle dümmer, wenn man uns lobt, aber wir werden es ohnehin, und es gibt
3550 2995 5507 3116 keine angenehmere Weise, dümmer zu werden. Deshalb liebe ich selbst so
3550 3076 5527 3229 sehr gelobt zu werden. Als ich noch meine beiden kleinen Mädchen hatte
