5850 3594
1478 386 1826 484 Kopenhagen (im
1047 410 1258 546 2 -
712 395 987 527 1½ „ —„
1478 381 2176 568 (6.10.11)
719 594 1337 736 Mein verehrter Freund.
635 683 2360 822 Ihr Schauspiel und Ihr Brief haben mich beide tief bewegt. Der
2099 776 2420 875 on allerlei
599 800 2425 963 Ich weiss jedoch, dass andrer Geist in Wien als in Edinburgh ist,
592 899 2432 1066 und Sie sind mir der eigentliche Vertreter dieses Geistes.-Ø Ihr
1615 994 1881 1071 kurk eines!
577 992 1450 1112 in alter Freundschaft ergebner
1452 1062 1859 1189 Georg Brandes.
587 1162 2444 1340 Ich habe leider Ihre Adresse vergessen, was den Brief verspäten wird.
563 1263 1399 1399 wirkliche Individualitäten, von
1898 1318 2384 1438 schen. Die Rebeufl.
577 1351 1500 1462 schaften und Eigenheiten, die ein
561 1387 2480 1560 guren wie Nauter, oder die amivant Karikierten, wie schon und Serkmits,
561 1534 2394 1665 sind nicht weniger unvergesslich, als die tiefeinnig studierten und
573 1615 2370 1713 rätselvollen wie Friedrich, Genia und die eine ganze Beale, Kram.
566 1687 2382 1807 Ich würde nichts darüber schreiben können, das ebenen missurügte an
577 1788 2367 1907 die Wirkung, und nichts, das irgend etwas erkiärte, denn alles er-
573 1876 1196 2003 klärt sich von selbst.
702 1946 2070 2090 Sie lieben es, die Nebentriebe und Nebenpassionen
570 2049 2372 2202 die Sprünge und Saitensprüge des Gefehiglebens, alles Getheilte,
577 2125 2367 2257 das von dem Hauptstamm sich ablöst, auszubreiten. Die Weit, so gar
585 2236 2461 2358 hen, ist auf eine spezielle Weise traurig. Meiner Gefühlert xxx wäre
577 2329 2408 2439 um das Bild zu supplieren, auch das Erhebende, das ab und zu, wenn
585 2418 2437 2523 auch sehr selten uns begegnet, ich meine: das, was das Leben ertrag
587 2514 2411 2624 lich machte, mit in Rechenschaft zu ziehen. Ich bist xxx ich, xxx
589 2595 2365 2705 Canzen possimistischer als Sie, aber xxxnach empfinde ich einige
582 2679 2396 2794 Ruhepunkte, und man muss das, soll man sich nicht täten. Man muss
594 2787 2425 2911 iemand vertrauen können; in der hier vorgeführten sehr reichen und
592 2840 2300 2995 schillernden Welt, ist aber jedes Vertrauen xxx die ar¬
606 2962 1615 3132 sich von ihren Neigungen und Bänden 1
4409 376 4898 491 Kopenhagen (nicht
4886 383 5209 532 Havnegade)
4409 458 4898 558 19. Oktober 1911.
3645 592 5382 716 Mein verehrter Freund. Sie sich um das mir unbekannte Frl.Prozor
3554 709 5284 822 Ihr Schauspiel und Ihr Brief haben mich beide tief bewegt. Der
3489 820 5370 911 Brief, weil er so herzlich war und weil ich, seit lange von allerlei
3494 879 5368 1011 Unglück und Missgeschick verfolgt, für Herzlichkeit sehr empfänglich
3484 985 5408 1093 bin, das Schauspiel, weil es mir das Werk eines Meisters scheint, voll-
3496 1064 5372 1179 reif. sonders - es ist lange her - in 1888, als ich den alten Gomperts
3563 1143 5301 1268 Diese Menschen, die Sie dort darstellen, stehen uns nur Augen als
3520 1248 5363 1371 wirkliche individualitäten, voll und rund und originell, mit Eigen-
3503 1363 5332 1450 schaften und Eigenheiten, die ein Ensemble ausmachen. Die Nebenfi-
3508 1411 5416 1546 guren wie Natter, oder die amüsant Karikierten, wie Hhon und Serknitz,
3513 1524 5384 1641 sind nicht weniger unvergreich, als die tiefeinnig studierten und
3508 1601 5348 1723 rätselvollen wie Friedrich, Genia und die eine ganze Seele, Erna.
3506 1706 5382 1816 Ich würde nichts darüber schreiben können, das etwas hinzufügte an
3520 1800 5408 1900 die Wirkung, und nichts, das irgend etwas erklärte, denn alles er-
3508 1869 5399 1994 klärt sich von selbst.
3544 1958 5372 2070 Sie lieben es, die Nebentriebe und Nebenpassionen zu verfolgen,
3518 2063 5317 2195 die Sprüngen und Seitensprünge des Gefohlslebens, alles Getheilte,
3518 2157 5377 2274 das von dem Hauptstamm sich ablöst, auszubreiten. Die Velt, so gese-
3520 2255 5437 2351 hen, ist auf eine spezielle Weise traurig. Meiner Gefühlert nach wäre,
3527 2356 5344 2439 um das Bild zu supplieren, auch das Erhebende, das ab und zu, wenn
3530 2430 5377 2545 auch sehr selten uns begegnet, ich meine: das, was das Leben ertrag-
3525 2518 5396 2645 lich machte, mit in Rechenschaft zu ziehen. Ich bin, glaub ich, im
3539 2607 5449 2720 Ganzen persistischer als Sie, aber dennoch empfinde ich einige
3539 2679 5447 2801 Ruhepunkte, und man muss das, soll man sich nicht töten. Man muss z.B.
3539 2756 5449 2897 jemand vertrauen können; in der hier vorgeführten sehr reichen und
3539 2878 5396 2981 schillernden Welt, ist aber jedes Vertrauen unmöglich; alle arbeiten
3530 2959 4879 3130 sich von ihren Neigungen und Bänden los.
4685 3026 5092 3156 Georg Brandes.
