5775 3594
1525 418 1876 541 ... ̃.
559 425 951 563 V. P. I.
1448 514 2187 638 Kopenhagen, 7. Jänner 1899.
774 670 1910 764 Lieber Dr.Schnitzler, sehr guter Freund.
559 751 2451 877 Haben Sie Denk für Ihre Zeilen. Was habe ich nicht alles erlebt seit
452 850 2345 956 ich Sie sah. Jetzt liege ich wieder zu Bett; die Venenentzündung ist
457 942 867 1058 zurückgekehrt.
549 1003 2318 1127 Ich blieb ein halbes Jahr in Italien, kam zurück, gab hier zwei
457 1097 2419 1216 Bücher aus, einen Band meiner Gedichte (staunen Sie?) und ein Buch über
462 1199 2360 1322 einen verstorbenen Freund, das hier einen sehr grossen Erfolg gehabt
465 1297 2395 1409 hat, in 8 Tagen ausverkauft. Reiste wieder aus, wurde zwei Mal zurück-
452 1372 2358 1510 gerufen durch Depeschen, weil meine Mutter krank war. Das letzte Mal
465 1453 2377 1577 war ich in Polen, wo ich wegen meines Buches über Polen (das deutsche
474 1552 2434 1673 ist polnisch übersetzt worden) eingeladen und komisch vergöttert wurde.
598 1648 2335 1764 Zurück in einem Zug aus Lemberg. sah meine Mutter 14 Tage dann
474 1747 2303 1861 selbst krank, konnte meine Mutter nicht sehen in der letzten Woche
474 1836 2422 1952 ihres Lebens und nicht an ihrer Beerdigung da sein. Ich habe nie einen
472 1895 2162 2078 einzigen Tag in Kopenhagen versäumt meine Mutter zu besuchen.
615 2012 2333 2145 Und jetzt liege ich in Streit mit den Deutschen wegen der Aus-
487 2101 2281 2222 treibung der Dänen aus Schlesweg. Gibt es etwas widerlicheres als
484 2190 1438 2301 Preussen? Nicht Frankreich einmal.
618 2249 2340 2375 Mit ruhiger geniessender Freude las ich das Vermächtnis. Es ist
494 2343 2476 2466 ein völlig originales Ding, sehr diskret und vornehm, tief pessimistisch
499 2449 2316 2565 und humen. (Kennen Sie zufällig eine kleine Erzählung von Huysmans
507 2531 2325 2652 Un dilèma, die behandelt ein ähnliches Thema, nur viel gröber oder
494 2612 2325 2728 richtiger ganz anders, aber es ist da ein bischen Verwandtschaft).
655 2708 2375 2849 Es ist nur schade, dass das Stück so ganz und gar traurig ist,
499 2815 2298 2906 dann wird es nicht so viel Bühnenerfolge haben können, wie ich es
507 2884 2405 2998 wünschte. Der Vater ist wunderbar gezeichnet. Und überhaupt, ich habe
499 2975 2328 3087 Ihr Talent so lieb. Etwas freut mich schon, weil es von Ihnen ist.
655 3062 2392 3190 Warum lässt doch unser Freund Beer Hofmann nie von sich hören?
3400 423 4078 568 1)1  ̃ 1    1s  ƒ 1  1  11.
4298 430 4950 601 1 1/2 1/4 1/9 1 1 1/1 1
5227 437 5380 568 112
3919 521 4129 650 - 2 -
4760 536 5031 647 (7.I.99)
3398 890 5007 1031 Ist er ein bischen faul? Er ist doch ein so feiner Mensch.
3502 1003 5259 1100 Denken Sie, was es heisst für einen Mann von meinem Temperament
3413 1095 5271 1191 still zu liegen, Geduld haben zu sollen und wieder, nachdem ich Ein
3282 1174 4137 1288 Mal ein halbes Jahr so verlor.
3514 1270 4154 1379 Behalten Sie mich lieb.
4125 1357 4530 1475 Ihr ergebener
4478 1458 4900 1601 Georg Brandes.
