5866 3576
2437 353 2659 526 59
715 399 980 561 Brandes.
1614 409 2510 602 Kopenhagen, 21. Juni 1925.
720 551 1268 688 Mein lieber Freund.
786 634 2613 788 Sie waren diesmal wieder sehr gütig gegen mich in Wien. Ich
720 764 2608 867 ging nach Salzburg, verlor aber dort vier Wochen mit Bronchitis, bin
715 862 2681 940 hier, und kann über die Gesundheit nicht klagen, obwohl der Sommer hier
715 945 1435 1055 kalt und unheimlich ist.
769 1016 2520 1139 Ich hätte Ihnen sehr gerne mein kleines Buch Hellas ge-
691 1095 2623 1224 schickt, aber leider durch allerlei Verlegerschwierigkeiten lässt die
703 1219 2145 1305 deutsche Uebersetzung auf sich warten.
972 1298 2542 1406 Es war schön, Sie und Ihr Haus wiederzusehen. Es tut mir
708 1396 2596 1464 leid zu merken, dass Ihre Stimmung nicht heiter war. Sie waren nicht
703 1481 2662 1587 deshalb weniger liebenswürdig, aber ich gönnte Ihnen mehr Lebensfreude.
886 1575 2647 1668 Man hat ja seitdem ein älteres Schauspiel von Ihnen im Burg¬
715 1655 2574 1756 theater aufgeführt; ich hoffe, dass die Poesie des Stückes zu ihrem
703 1751 2637 1834 Recht kam. Es muss doch ein angenehmes Gefühl sein, auf viele Menschen
691 1827 2593 1942 zugleich zu wirken. Sie sind diesem Genuss gegenüber wohl etwas ver¬
688 1925 2101 2035 wöhnt und blasiert, aber nicht desto weniger 1
749 1986 2669 2121 Ich wurde eingeladen, die Festlichkeiten wegen des 200 jähri-
666 2103 2615 2194 gen Bestehens der Akademie der Wissenschaften in Leningrad (!) mitzu-
673 2199 2608 2299 machen; sie strecken sich in Petersburg und Moskau von 6.-16.Septem-
661 2265 2583 2361 ber, aber ich wollte als Gast nicht heucheln, und Entzücken über den
678 2368 2598 2441 jetzigen Zustand in Russland wäre meinerseits Heuchelei. Reden müsste
673 2461 2561 2579 ich ja, und das schreckte mich. Sonst hätte ich gern die zwei Städte
678 2554 2485 2640 unter den veränderten Umständen wiedergesehen.
950 2620 2495 2745 Sie waren sehr lieb so wohl gegen meine Begleiterin wie
691 2721 1009 2833 gegen mich.
911 2789 2537 2887 Leider reist jetzt Frau Rung mit ihrem Gatten und ihrer
678 2882 2647 2995 Cousine auf 6 Wochen nach Italien. Ich kann ohne sie meine Korrespondenz
678 2963 1183 3093 nicht bewältigen.
918 3000 2581 3161 Sie wissen kaum, wie dankbar ich mich im Innersten für Ihre
725 3127 2116 3308 vieljährige Freundschaft fühle. Ihr Georg Brandes.
5314 338 5566 536 G0 59
3578 397 4180 558 Brandes.
4261 419 5417 590 Kopenhagen 12. Juli 1925.
3592 553 3818 698 Freund!
3661 617 5451 791 Haben Sie herzlichen Dank für herxliche Worte. Unter Ihrem Uebeln
3568 749 5444 884 scheint einem 83 Greis das Ohrleiden das einzig ernste. Glücklicher-
3580 855 5429 962 weise ist es nicht schlimmer, als dass Sie sich gastfreundlich mit
3580 945 5444 1048 den Leuten unterhalten können, und theatralischen Erfolg erleben. Ich
3560 989 5473 1141 las kürzlich sehr gerne aufs Neue Beatrices Schleier und fand darin
3568 1126 5417 1242 Tiefen, eine Einsicht in die Frauenseele, die ich nie gehabt habe
3580 1215 5368 1335 und nie erwerben könnte. Bin dazu geschaffen von complizierteren
3573 1310 5377 1415 Frauen an das Nase herngeführt zu werden und nur die einfachen zu
3563 1393 5358 1508 verstehen.- Sie sind und bleiben für mich der Angelpunk Wiens. Da
3556 1474 5419 1589 Sie mit vielen Menschen und mit dem Theater zu tun haben, kennen Sie
3543 1577 5480 1653 nicht mein Los, die Einsamkeit. Alle fast sind gestorben, die mir nahe
3553 1663 5444 1768 standen, alle die wenigen, in die ich Vertrauen haben konnte. Und ich
3543 1761 5404 1861 mache keine neuen Bekanntschaften, habe zu viele Täuschungen erlit-
3541 1792 5419 1949 ten. Unter uns - bitte sagen Sie es Niemand - die sogenannte Mensch-
3548 1888 5417 2052 heit ist eine abscheuliche Bande. Es gibt ja glücklicherweise einige
3551 2023 5390 2123 Ausnahmen.- Kopenhagen ist im Sommer eine Wüste, aber ich mag nicht
3548 2103 5461 2214 seisen, arbeite stetig, aber es ist "die Arbeit des schlechten
3534 2182 5407 2302 Kopfes", wie mein alter Schuldirektor sagte, wenn ich meine Irrtümer
3534 2277 5360 2397 mit meinem Fleiss entschuldigen wollte.- Sie haben doch wenigstens
3534 2378 5240 2456 Erfolge aufzuweisen, in meinem Fach gibt es keine Erfolge; ich
3536 2454 5461 2552 verkaufe 1500 oder 2000 Exemplare in meinem Patria und die Uebersetzun-
3524 2515 5390 2681 gen bringen nichts ein. Doch genug geheult und seien Sie innigst be-
3519 2625 3720 2711 dankt
3813 2782 4219 2916 Georg Brandes.
