5784 3593
1508 404 1780 503 shespitalschäft.
1251 396 1426 513 III
1473 461 2076 596 Budapest, Hotel Royal
1471 528 1852 690 3.April 1900
1800 586 2089 700 April 1900
815 683 1301 865 Vorschrter Freund
852 828 2398 965 lebster Freund Schnitzler.
456 935 2278 1062 So gerne ich Sie auf der Reise treffen möchte, es wird mir
469 1049 2303 1137 nicht möglich. Ich habe nach längerem Sträuben die Einladung der
469 1152 2363 1259 hiesigen Minister (Handels-und Ackerbau-Minister) angenommen, Donners-
469 1234 2338 1324 tag bis Sonntag auf Staatskosten Ungarn zu bereisen und mir die Pro-
469 1311 2363 1431 vinzen zeigen zu lassen. Ob das amüsant wird, weiss ich nicht, zweif-
469 1388 2375 1510 le, aber ich kann mir die Gelegenheit nicht entgehen lassen, etwas zu
469 1500 2246 1613 lernen, das sich mir sonst nicht darbietet.
456 1575 2321 1675 Wir sehen uns vielleicht noch auf meiner Rückreise durch Wien.
446 1667 1992 1775 Ihr ergebener Freund
2131 1662 2323 1767 G.H.F.P.D.
1500 1745 1884 1859 Georg B.
454 1762 1391 1894 mich weder rechts noch links drabe.
683 1825 2378 1972 Dies ist der dritte Frühling, den ich nicht sehe (27,99,1900).
690 1949 2348 2059 Die deutschen Blätter haben Dutzende von Schmähartikein gegen
456 2029 2296 2151 mich enthalten, weil ich in dem Klub in Budapest, aufgefordert, eine
456 2096 2340 2228 französische Einleitung zu machen (was mir lächerlich vorkam) einfach
464 2193 2390 2326 sagte: Die Sprache, deren ich mich bediene ist nicht die Ihre und nicht
446 2306 2291 2395 die meine, nicht Ihre Lieblingssprache und nicht die meine durch es
446 2370 2398 2490 ist die, worin wir uns am leichtesten verstehen.“ Das wird ein hämischen
456 2458 2350 2587 Angriff auf Deutschland und die deutsche Kultur genannt. Und zwar von
456 2540 2308 2662 anonymen Bengeln, die nicht mehr Anteil an die deutsche Kultur haben
439 2647 2365 2749 als ein alter Stiefel. Die Verachtung, die ich Er die Journalisten he¬
446 2739 2316 2844 ge, ist mach und nach so gross, dass ich förmlich einen bitteren Ge-
456 2836 1829 2951 schmack im Munde davon habe, wenn ich daran denke.
695 2899 2368 3066 Ich bin Ihnen und Beer-Hofmann wie gewöhnlich vielen Dank für
464 3016 852 3126 Wien schuldig.
695 3043 2358 3238 Sie beide und Gomperze Haus und Lanckoren Wieren dies mal
4185 364 4885 558 Kommunehospitalel
4564 476 4918 591 Kopenhagen
3554 553 5025 698 men. Ich habe Sie sehr lieb und freue m 30. April 1900 Fr.
3340 673 3517 783 sind.
3756 738 4113 877 Verehrter Freu
4910 725 5097 870 18. die
3430 758 3771 877 Ich las ist
4262 745 4477 872 Büchert
3323 840 5289 952 Sie wundern sich vielleicht, gar nicht von mir gehört zu haben,
3310 952 5292 1057 da wir doch verabredet hatten, uns zu treffen und uns jedenfalls in
3318 1044 5249 1142 Wien zu sehen. Aber eben wie ich eine Reise auf Kosten des ungarischen
3318 1132 5252 1234 Staats durch die ungarischen Provinzen antreten sollte, kam meine alte
3298 1229 5192 1319 Krankheit, die Venenentzündung, wieder, ich lag erst xxx 3-4 Tage im
3298 1284 5299 1398 Hotel, reiste dann nach Kopenhagen und habe also den ganzen Monat ver-
3310 1411 5289 1493 loren. Ich habe mich ins Hospital eingelegt um sorgfältige Pflege zu
3310 1486 5167 1593 haben, die Entzündung schien schon zweimal erloschen, kam aber dann
3308 1555 5252 1680 wieder. Ich liege also vorläufig in die ser gelinden Tortur, das Bein
3318 1675 5237 1770 hoch und in der Schiene, auf dem Rücken immer in derselben Lage, ohne
3310 1740 5272 1882 mich weder rechts noch links drehen zu können.
3352 1842 5259 1967 Dies ist der dritte Frühling, den ich nicht sehe (97,99,1900).
3335 1937 5254 2029 Die deutschen Blätter haben Dutzende von Schmähartikeln gegen
3310 2036 5234 2129 mich enthalten, weil ich in dem Klub in Budapest, aufgefordert, eine
3323 2119 5222 2223 französische Einleitung zu machen (was mir lächerlich vorkam) einfach
3327 2213 5277 2311 sagte: Die Sprache, deren ich mich bediene ist nicht die Ihre und nicht
3323 2308 5194 2403 die meine, nicht Ihre Lieblingssprache und nicht die meine das
3323 2400 5287 2507 ist die, worin wir uns am leichtesten verstehen.“ Das wird ein hämischen
3318 2485 5227 2575 Angriff auf Deutschland und die deutsche Kultur genannt. Und zwar von
3327 2577 5197 2672 anonymen Bengeln, die nicht mehr Anteil an die deutsche Kultur haben
3327 2655 5252 2777 als ein alter Stiefel. Die Verachtung, die ich Er die Journalisten he-
3318 2724 5199 2876 ge, ist nach und nach so gross, dass ich förmlich einen bitteren Ge-
3323 2839 4718 2991 schmack im Munde davon habe, wenn ich daran denke.
3552 2934 5262 3076 Ich bin Ihnen und Beer-Hofmann wie gewöhnlich vielen Dank für
3325 3043 3731 3163 Wien schuldig.
3567 3048 5237 3268 Sie beide und Gomperze Haus und Lanckorenskis waren dies mal
