5796 3577
1895 345 2211 480 (13.12.1915)
1242 358 1533 539 40) „
605 431 886 561 1. ̃ 1.1.
1704 443 2505 580 Kopenhagen, 13. Dezember 1915
997 568 1489 669 Verehrter Freund.
806 642 2437 766 Es war mir eine angenehme Ueberraschung, so bald von Ihnen
620 759 2449 860 zu hören. Ich erwartete das nicht. Ich bin leider bettlägerig. Sie
615 864 2579 943 wissen als Arzt, wie langwierig dies verdammte Uebel ist, gegen welches
615 923 2478 1048 das Serum erst zehn Jahre nach meinem Tode gefunden wird. Warme Um¬
615 1016 2478 1161 schläge imponieren den Bazillen nicht, und ich kann ihnen das nicht
620 1117 918 1246 verdenken.
595 1161 2449 1300 Peter Nansen soll besser sein. Es ist nur eine Bronchitis, die ein
620 1298 1408 1393 schwaches Fieber verursacht.
769 1386 2569 1489 Sie haben ja völlig und unbestrittenes Recht, wenn Sie behaupten,
620 1467 2554 1565 als Dramatiker nicht mit irgend einer ihrer Persönlichkeiten identisch
615 1560 2449 1668 zu sein. Aber die Schlosszene scheint mir jedoch den Totaleindruck
620 1646 2483 1766 zusammenfassen zu sollen. Ueber die Feierlichkeiten denke ich natür-
615 1758 2405 1841 lich wie Sie. Da ich die 20 Jahre älter bin gewiss mit noch grös-
612 1841 1342 1937 serem Widerwillen als Sie.
793 1939 2395 2015 Was Sie über die Kritiker sagen, erstaunt mich nicht; ich
607 2028 2424 2130 kenne nichts widerlicheres und dümmres. Lassalle sagt: "Zwei Arten
615 2106 2454 2209 von Menschen sind mir vor allem verhasst: Journalisten und Juden -
615 2206 2461 2290 und ich bin beides.“ - Ich hasse die Dritiker und verachte sie, be-
615 2304 1403 2378 sonders die moralisierenden.
757 2378 2407 2473 Einen Punkt muss ich beantworten, eine schwache Anspielung.
602 2485 2429 2559 Sie sagen, ich wisse wohl jetzt mehr über den Krieg als im Anfang.
602 2566 2383 2659 Einst schrieben Sie mir ebenfalls, ich solle doch nicht glauben,
615 2645 1403 2757 in Wien herrsche Hungersnot.
793 2725 1702 2845 Ich vergass damals zu antworten.
793 2821 2419 2941 Irgend ein erhärmlicher Wicht von Journalist, der in einem
602 2914 2417 3007 dänischen Blatt irgend einen der gewöhnlichen idiotischen Artikel
620 3017 2412 3093 von einem sogenannt russischen Korrespondenten gelesen hatte, be-
602 3120 2441 3198 kam den Einfall, im Anfang des Krieges, mich deshalb anzugreifen,
4795 365 5135 487 (13.12.1915)
4038 382 4251 526 - 2 -
5057 438 5488 602 ### 1a disser
3575 504 4396 615 Verehrter Freund! Es hat mich
5319 573 5488 659 litiges
5079 561 5243 656 reind¬
4219 561 4927 669 gedacht haben. Ich habe Ihn
3526 634 5314 774 mich dafür verantwortlich zu machen. Darin soll gestanden haben,
3538 757 4126 818 in Wien hungere man.
3646 793 5309 943 Ich hatte den Artikel nie gelesen, nie gesehen, viel weniger
3538 918 5343 1036 geschrieben oder angehommen. Nun ging diese Idiotie wie ein Lauf-
3538 1009 5370 1126 feuer durch die deutsche und österreichische Presse, mit imbecilen
3538 1117 4246 1222 Schimpfworten gegen mich.
3688 1190 5346 1295 Sie scheinen daran geglaubt zu haben. So sind wir alle.
3534 1281 5436 1393 Sie viele tausend Mal wir erfahr en haben, dass das Gedruckte nur Lüge
3538 1388 4633 1484 war, immer wieder glauben wir an etwas.
3683 1459 5409 1548 Mein junger Schwiegersohn ist noch nicht verwundet, aber leidet
3534 1540 5434 1658 grässlich an Leere, fühlt es, alsverliere er den Verstand, werde alt
3538 1648 4898 1751 und grauu Es ist immer besser als Wunden und Tod.
3712 1717 4729 1859 Ich bin von ganzem Herzen Ihr Freund
4675 1812 5089 1895 Georg Brandes.
4036 1849 4209 1966 Ihr ganz
4552 1881 4721 2059 org Br.
4555 3198 4743 3401 standes.
