5788 3592
1161 307 1313 443 45
1442 382 2107 481 Kopenhagen 5.Januar 22,
2252 392 2455 544 .3.32
559 440 1381 583 Verehrter lieber Freund.
665 549 2419 636 Es war mir eine Freude, von Ihnen zu hören, eine noch grössere,
559 634 2482 733 dass Sie jenes schon alte Buch, das ich seit 1915 nie wieder angesehen
559 735 2428 822 habe, mit Befriedigung gelesen. Welcher Fluch für mich, eine Sprache
571 793 2329 914 zu schreiben, die Niemand versteht. Ich möchte Ihnen so gern die
576 900 2373 1013 späteren Bücher, Voltaire, Cäsar, Michelangelo zugeschickt haben.
559 999 2363 1108 Auch was ich in der letzten Zeit über Homer geschrieben.
525 1088 2409 1188 Ich weiss nicht, ob Ihre Zei ungen davon gesprochen, dass
564 1144 2416 1277 (weil es am 3. November 50 Jahre her war, dass ich meine ersten Vor-
571 1263 2470 1362 träge an der Kopenhagener Universität hielt) hier grosse Feier waren,
576 1342 2457 1446 Fackelzug, der Studenten und anderes. Es würde mich vor 40 Jahren sehr
573 1466 980 1555 gefreut haben.
755 1538 2436 1621 Am 15. Januar soll ich vor der Aufführung von Tartuffe von der
559 1635 2407 1705 Bühne des Dagmaren Theaters über Molière reden. Am 19.wieder an die
564 1722 2266 1802 russischen Schauspieler französisch reden.
535 1807 2424 1894 Dann verschwinde ich Ende dieses Monats für einige Zeit. Ich
571 1889 2317 1991 will mich wahrlich nicht zu meinem 80. Geburtstag Glück wünschen
571 1983 1998 2080 lassen. Die Lächerlichkeit wäre zugross.
784 2041 2356 2155 Ich las hier einmal im Herbst in einer Zeitung ein Inter-
559 2172 2399 2247 view eines mir unbekannten dänischen Journalisten mit Ihnen, worin
571 2247 2421 2337 Sie sehr freundliche Worte über mich sagten, ich glaube die freund-
588 2307 2194 2424 lichsten, die in jenem Blatte je über mich gestanden haben.
847 2433 2346 2518 Ich bleibe Ihnen immer verpflichtet und verbunden. Der
571 2501 2445 2590 Genuss, den ich durch das Lesen Ihrer Werke gehabt habe, ist hundert
583 2603 2411 2699 Mal grösser als das mögliche Vergnügen, das Sie durch meine nur be-
583 2687 1599 2789 lehrenden Bücher gehabt haben können.
863 2748 2489 2869 Ich sahdurch dies Interview, wie viel Unannehmlichkeiten Sie
585 2861 2474 2970 durch das alte, nur scherzhafte und witzige, Reigen gehabt haben. Der
600 2951 2392 3065 jetzt überall glühende Antisemitsmus und die Tugendholderei geben
580 3040 2392 3169 im Verein solche Resultate. Als ob die Menschen durch die Umstände
3993 329 4172 443 14
4477 351 4654 440 Mai 19
4702 389 5268 527 Dr. Meisene Klinik 52
4030 416 4557 542 Kopenhagen. Alléga
3241 409 4129 559 1 1/4 1 1/2 -
4617 467 4946 571 (5.1.22.)
4838 626 5060 735 seit ein
3398 617 4629 750 Lieber Schnitzler,- Wegen eines Unwohlseins
3389 718 5299 822 dieser Zeit nicht genug litten, gehen sie mit zehnfachen Eifer darauf
3386 798 5254 909 los, sich gegenseitig das Leben noch sauerer zu machen.
3519 902 5321 1011 Ich habe immer Wien in meinen Gedanken, immer mit Mitleid, Trauer
3406 982 5270 1108 und Dankbarkeit. Können Sie verstehen, das unser Freund Beer-Hofmann
3398 1079 5324 1185 sich mit solcher Leidenschaft an das Judenthum krampft. Es hat mich im
3398 1154 5309 1280 Grunde nie interessiert; nur wenn die Juden verfolgt wurden, und wenn
3398 1270 5285 1354 sie es werden, habe ich für sie heisses Mitgefühl, wie für alle unge-
3398 1335 5275 1451 recht Unterdrückten. Ich kenne nicht einen hebräischen Buchstaben.-Es
3403 1463 4390 1550 scheint mir auch von ihm so gewollt.
3614 1495 5321 1621 Ich denke mir, Sie haben sich in den späteren Jahren mit Casa-
3396 1628 5251 1715 nova beschäftigt am meisten um sich nicht mit dem Gegenwärtigen
3406 1693 5280 1802 herumzuschlagen. Wenn der Einzelne seine Ohnmacht fühlt, nützt es ja
3406 1773 5345 1916 nichts mitzureden. Deshalb schweige ich selbst, xx wo ich viel zu sagen
3398 1887 5251 2005 hätte. Ich habe nicht Frithiof Nansens praktische Begabung so wenig
3398 1988 4951 2078 wie sein Ensehen. Er ist durch den Krieg sehr gewachsen.
3635 2051 5208 2155 Ich bitte Sie Ihrer Frau Gemahlin meine Huldigung, Ihren
3389 2167 4482 2269 Kindern meine Sympathie zu überbringen.
4175 2247 4489 2356 Ihr Freund
4450 2324 4886 2455 Georg Brandes.
