5733 3594
1182 267 2135 452 28 Kopenhagen, 18.12.1910.
2173 393 2456 581 Märnege
994 432 1495 593 Verehrter Freund.
1824 534 2124 668 11.4.1911.
542 629 2422 776 Wenn ich Sie lese, tut es mir leid, dass ich so weit von Ihnen wohne
542 742 2386 866 und so selten Gelegenheit habe, mit Ihnen einige Worte zu wechseln.
550 822 2471 974 Medardus habe ich sehr genau gelesen, laut vorgelesem, um es recht zu
545 912 2471 1071 würdigen. Sie haben dort ein reiches Bild aufgerollt. Mit Ueberraschung
552 986 2407 1148 und Freude erfuhr ich aus einer Zeitungsnotiz, dass das Stück trotz
557 1081 2451 1259 seiner epischen Anlage erfolgreich aufgeführt worden ist. Die - im
557 1171 2466 1338 Goetheschen Sinn über Kleist - fesselnde "Verwirrung des Gefühls" in
557 1259 2425 1431 Medardus ist so recht Ihre Domäne. Sehr fein ist die schwache Andeu-
557 1336 2420 1521 tung einer geistigen Verwandtschaft zwischen Helene und Napoleon.
563 1426 2448 1616 Die ganze Wieneratmosphäre vor 100 Jahren haben Sie geben wollen. Und
1220 1528 2474 1634 es Ihnen besonders am Herzen, zu zeigen, auf
565 1598 1130 1701 wenn ich nicht irre,
568 1613 2479 1780 welchem Hintergrund von Spiessbürgerlichkeit und lässiger Frivolität,
1241 1706 2497 1811 men, und auf welchem Hintergrund von unnationa-
578 1772 1069 1888 die in Wien zu Haus
568 1796 2492 1970 lem Wesen und Gehorsam dem Eroberer gegenüber, die in Deutschland her-
581 1891 2517 2052 vortraten, der Heroismus einiger Wenigen sich geltend macht. Eine nach-
588 1957 2538 2142 sichtige Menschenverachtung durchdringt das Schauspiel, und findet u.a.
581 2122 1040 2232 in mir ein Echo.
586 2106 2384 2314 Ich möchte immer gerne wissen, wie es Ihnen geht und wie er Beer-
586 2227 2427 2415 Hofmann geht, den ich (vor 16 Jahren, glaube ich) mit Ihnen kennen
588 2402 804 2507 lernte.
599 2379 2551 2594 Ueber mich selbst ist nichts Interessantes, wenigstens nicht besonders
599 2481 2476 2689 Gutes zu melden. Ich bin nicht krank. Haben Sie für die Freude Dank,
591 2602 2065 2782 womit Sie bei jeder neuen Arbeit auch an mich denken.
604 2718 1590 2877 Ich bin Ihr unveränderlicher Freund
1541 2725 1975 2928 Georg Brandes.
4768 283 5037 380 (6.10.11)
4547 421 4762 503 G.H.F.P
4372 403 4554 506 décret des
4223 424 4380 570 29
4369 478 4554 586 H.C.F.P
4547 421 5459 588 Kopenhagen (nicht Havnegade)
4732 555 5035 642 11.4.1911.
3753 686 4611 796 Verehrter Herr und Freund.
3709 768 5289 943 Heute schickte ich Ihnen eine Bagatelle, die ich über Ihr
3581 879 5307 1015 hier aufgeführtes Ballet geschrieben habe und legte eine andere
3581 997 5289 1128 Bagatelle anbei. In deutscher Sprache habe ich sonst Nichts.In
3568 1063 5366 1189 Deutschland habe ich nicht einmal mehr einen Verleger. Ich gab in
3578 1169 5389 1272 diesen Tagen eine Broschüre heraus, aber Sie lesen ja leider nicht
3573 1261 5474 1364 Dänisch. Ihr grosser Brief machte mir Freude. Wie schön dass es Ihnen
3571 1333 5338 1474 endlich gut geht. Nur die Schwerhörigkeit gefällt mir gar nicht.
3535 1423 5412 1559 Es ist lumpig von den höheren Mächten, mit Solchem sich schadlos zu
3553 1526 4693 1629 halten.bindung mit der N.fr. Presse stehe
4832 1552 5312 1657 leht immer als al-
3447 1572 5513 1713 Mir geht es nicht eben strahlend, aber ich bin nicht krank.Adres-
3447 1688 5384 1821 se von jetzt bis weiteres Hotel Lukretia, Boulevard Raspail,Paris.
3717 1772 4896 1906 Ich drücke Ihre Hand in alter Freundschaft
3491 1878 3876 1993 als Sie allein.
4441 1880 4822 1975 Ihr ergebener
4976 1888 5415 2022 Wien gewiss sich
3447 1963 4585 2078 Meine Bitte ist also: fordern Sie, lieber
3445 1996 5281 2176 chmmächtiger Meister, irgend einen Journalisten auf, das Fri.rrezor
3458 2135 5271 2240 (in der Truppe von Susanne Depfés) zu interwiewen und für sie ein
3463 2235 4151 2353 wenig Stimmung zu machen.
3463 2325 3902 2445 Dies ma corvée.
3465 2335 5407 2528 Aber ich mag nicht dieslangweilige Zeug abschicken ohne Ihnen aufs Haus
3470 2481 5420 2610 zu sagen, wie lieb ich Sie trotz der Entfernung und meines Alters habe,
3458 2582 4385 2713 und wie gerne ich Sie wiedersähe.
3460 2610 5423 2779 Ich habe in Italien, Frankreich und Dänemark in diesem Frühjahr 3 Mona-
3473 2756 5474 2862 te durch Venenentzündung verloren. Ich war jetzt in Schottland, weil die
3476 2810 5405 2951 Universität St. Andreas mich à l'occasion seines 500 jährigen Bestehens
3473 2890 5446 3049 zum Ehrendoktor ernannt hatte. So sah ich allerlei Malerisches im Schott
3476 3054 3660 3180 land.
