5828 3576
1492 412 1752 585 18.3.1900
1056 533 2076 672 Telegräne Hotel Krantz an Mehlmarkt
1818 611 2083 691 Sonntag.
2143 902 2294 975 malich
1001 911 1724 1020 Lieber Dr. Schnitzler!
746 968 2301 1084 Warmsehe ich Sie denn gar nicht dies Mal? Ich habe mich
528 1065 2306 1238 jeden Tag nach Ihnen gesehnt und sehe nur gleichgültige Gesich-
1127 1304 1541 1451 Georg Brandes.
625 1420 1016 1553 Montag abend?
3930 402 5270 594 Budapest, Hotel Royal
3646 414 3868 563 in
3944 547 4233 677 Telegramm
4321 542 4747 679 3. April 1933
4662 713 4958 838 März 1900
4283 694 4591 840 Ragusa
3712 822 4456 926 Liebster Freund Schnitaler.
3591 857 5192 980 Wie lange bleiben Sie Liebster in Abbazia? Fürchte nämlich
3603 975 5164 1077 hier zu lange aufgehalten zu werden.
4583 1044 5171 1165 Brandes.
4380 1061 4550 1165 G.C.A.
3509 1072 3885 1184 t möglich. Ich
3407 1158 5296 1231 hiesigen Minister (Handels- und Ackerbau-Minister) angenommen, Donners¬
3395 1226 5253 1321 tag bis Sonntag auf Staatskosten Ungarn zu bereisen und mir die Pro-
3388 1297 5284 1428 vinzen zeigen zu lassen. Ob das amäsant wird, weiss ich nicht, zweif-
3386 1394 5291 1508 le, aber ich kann mir die Gelegenheit nicht entgehen lassen, etwas zu
3388 1487 4610 1624 lernen, das sich mir sonst nicht darbietet.
3494 1553 5235 1709 Wir sehen uns vielleicht noch auf meiner Rückreise durch Wien.
4011 1660 4617 1787 Ihr ergebener Freund
4560 1733 4806 1861 Georg B.
