<?xml version="1.0" encoding="UTF-8" standalone="yes"?>
<PcGts xmlns="http://schema.primaresearch.org/PAGE/gts/pagecontent/2013-07-15" xmlns:xsi="http://www.w3.org/2001/XMLSchema-instance" xsi:schemaLocation="http://schema.primaresearch.org/PAGE/gts/pagecontent/2013-07-15 http://schema.primaresearch.org/PAGE/gts/pagecontent/2013-07-15/pagecontent.xsd">
    <Metadata>
        <Creator>prov=READ-COOP:name=TrHtr:version=2.1.0:model_id=51170:date=14_08_2023_18:02</Creator>
        <Created>2023-05-10T14:43:29.714+02:00</Created>
        <LastChange>2023-08-14T18:02:35.582+02:00</LastChange>
        <TranskribusMetadata docId="1428648" pageId="55423995" pageNr="4" tsid="132819893" status="IN_PROGRESS" userId="64420" imgUrl="https://files.transkribus.eu/Get?id=HUDDFIEFFEKPNBGRIMVEOPIK&amp;fileType=view" xmlUrl="https://files.transkribus.eu/Get?id=GQXPEHZZFZZDULSONTACVPIZ" imageId="44698073"/>
    </Metadata>
    <Page imageFilename="1428648_0004.jpg" imageWidth="3496" imageHeight="4152">
        <ReadingOrder>
            <OrderedGroup id="ro_1711814953187" caption="Regions reading order">
                <RegionRefIndexed index="0" regionRef="tr_1"/>
                <RegionRefIndexed index="1" regionRef="tr_2"/>
            </OrderedGroup>
        </ReadingOrder>
        <TextRegion id="tr_1" custom="readingOrder {index:0;}">
            <Coords points="668,448 3226,448 3226,1881 668,1881"/>
            <TextLine id="tr_1_tl_1" custom="readingOrder {index:0;}">
                <Coords points="3025,543 3054,546 3077,533 3100,510 3116,507 3116,409 3071,409 3048,432 3021,432"/>
                <Baseline points="3038,498 3083,498 3122,501"/>
                <TextEquiv>
                    <Unicode>2</Unicode>
                </TextEquiv>
            </TextLine>
            <TextLine id="tr_1_tl_2" custom="readingOrder {index:1;}">
                <Coords points="647,880 3074,818 3110,690 651,746"/>
                <Baseline points="668,814 701,814 746,814 790,814 835,814 880,814 925,811 970,811 1014,808 1059,808 1104,805 1149,805 1193,805 1238,805 1283,802 1328,802 1373,802 1417,799 1462,799 1507,796 1552,796 1596,796 1641,793 1686,793 1731,796 1776,793 1820,793 1865,790 1910,790 1955,788 1999,788 2044,785 2089,788 2134,785 2178,785 2223,782 2268,779 2313,779 2358,776 2402,776 2447,773 2492,773 2537,770 2581,770 2626,767 2671,767 2716,767 2761,767 2805,764 2850,764 2895,761 2940,761 2984,758 3029,758 3074,758 3119,758"/>
                <TextEquiv>
                    <Unicode>Woche abends anklopfen konnte, um mit tausend Küssen</Unicode>
                </TextEquiv>
            </TextLine>
            <TextLine id="tr_1_tl_3" custom="readingOrder {index:2;}">
                <Coords points="657,968 2423,1007 3028,938 3031,818 661,886"/>
                <Baseline points="674,952 707,949 752,949 796,952 841,949 886,949 931,946 976,946 1020,943 1065,943 1110,943 1155,943 1199,940 1244,940 1289,940 1334,937 1379,937 1423,934 1468,934 1513,934 1558,931 1602,931 1647,931 1692,928 1737,928 1781,925 1826,925 1871,922 1916,922 1961,922 2005,922 2050,922 2095,919 2140,916 2184,916 2229,913 2274,913 2319,913 2364,913 2408,910 2453,907 2498,904 2543,901 2587,901 2632,901 2677,898 2722,898 2767,898 2811,898 2856,898 2901,895 2946,895 2990,892 3035,892"/>
                <TextEquiv>
                    <Unicode>von wilden, süssen Lippen empfangen zu werden. Und</Unicode>
                </TextEquiv>
            </TextLine>
            <TextLine id="tr_1_tl_4" custom="readingOrder {index:3;}">
                <Coords points="667,1148 1154,1099 1514,1207 3142,1102 3142,988 2956,952 670,1010"/>
                <Baseline points="686,1101 689,1101 734,1101 779,1101 823,1101 868,1101 913,1101 958,1098 1002,1095 1047,1095 1092,1095 1137,1092 1182,1092 1226,1092 1271,1092 1316,1089 1361,1089 1405,1086 1450,1083 1495,1083 1540,1080 1584,1080 1629,1080 1674,1080 1719,1080 1764,1077 1808,1077 1853,1074 1898,1074 1943,1071 1987,1071 2032,1071 2077,1071 2122,1068 2167,1068 2211,1068 2256,1068 2301,1062 2346,1062 2390,1062 2435,1062 2480,1059 2525,1056 2570,1056 2614,1056 2659,1053 2704,1050 2749,1050 2793,1047 2838,1047 2883,1047 2928,1047 2972,1047 3017,1044 3062,1044 3107,1041 3152,1038"/>
                <TextEquiv>
                    <Unicode>dann dachte er an den Gatten, der tagelang unsichtbar</Unicode>
                </TextEquiv>
            </TextLine>
            <TextLine id="tr_1_tl_5" custom="readingOrder {index:4;}">
                <Coords points="661,1308 3162,1292 3169,1112 664,1171"/>
                <Baseline points="680,1265 713,1262 758,1259 802,1259 847,1259 892,1259 937,1256 982,1256 1026,1256 1071,1253 1116,1250 1161,1250 1205,1250 1250,1247 1295,1247 1340,1247 1384,1247 1429,1247 1474,1244 1519,1244 1564,1241 1608,1238 1653,1238 1698,1238 1743,1235 1787,1235 1832,1232 1877,1232 1922,1229 1967,1226 2011,1226 2056,1226 2101,1226 2146,1223 2190,1223 2235,1220 2280,1220 2325,1220 2370,1220 2414,1220 2459,1217 2504,1214 2549,1214 2593,1211 2638,1211 2683,1205 2728,1205 2772,1202 2817,1202 2862,1199 2907,1199 2952,1199 2996,1196 3041,1196 3086,1196 3131,1196 3175,1193"/>
                <TextEquiv>
                    <Unicode>war und sonntags, wenn man doch einmal „XXX draussen</Unicode>
                </TextEquiv>
            </TextLine>
            <TextLine id="tr_1_tl_6" custom="readingOrder {index:5;}">
                <Coords points="661,1426 1485,1498 2904,1442 3084,1406 3087,1279 664,1344"/>
                <Baseline points="677,1411 719,1411 764,1411 808,1411 853,1411 898,1408 943,1405 988,1405 1032,1402 1077,1402 1122,1402 1167,1402 1211,1399 1256,1399 1301,1396 1346,1396 1390,1393 1435,1393 1480,1393 1525,1393 1570,1390 1614,1390 1659,1390 1704,1387 1749,1384 1793,1384 1838,1382 1883,1382 1928,1379 1973,1379 2017,1376 2062,1376 2107,1376 2152,1373 2196,1370 2241,1370 2286,1370 2331,1370 2375,1370 2420,1370 2465,1367 2510,1367 2555,1364 2599,1367 2644,1364 2689,1358 2734,1355 2778,1355 2823,1352 2868,1352 2913,1352 2958,1349 3002,1349 3047,1349 3092,1349"/>
                <TextEquiv>
                    <Unicode>mit ihm zusammentraf, sich nach Tisch auf den Divan</Unicode>
                </TextEquiv>
            </TextLine>
            <TextLine id="tr_1_tl_7" custom="readingOrder {index:6;}">
                <Coords points="670,1592 2031,1678 2374,1557 3123,1560 3126,1439 674,1511"/>
                <Baseline points="692,1567 716,1567 761,1567 805,1567 850,1567 895,1567 940,1564 985,1561 1029,1564 1074,1561 1119,1561 1164,1558 1208,1555 1253,1555 1298,1552 1343,1552 1387,1549 1432,1549 1477,1549 1522,1546 1567,1546 1611,1546 1656,1543 1701,1543 1746,1540 1790,1540 1835,1540 1880,1537 1925,1537 1970,1537 2014,1534 2059,1534 2104,1531 2149,1528 2193,1528 2238,1525 2283,1525 2328,1525 2372,1525 2417,1525 2462,1522 2507,1522 2552,1522 2596,1519 2641,1516 2686,1513 2731,1513 2775,1513 2820,1510 2865,1507 2910,1507 2955,1507 2999,1504 3044,1504 3089,1504 3134,1507"/>
                <TextEquiv>
                    <Unicode>legte, mit halbgeschlossenen Augen Zigaretten drehte</Unicode>
                </TextEquiv>
            </TextLine>
            <TextLine id="tr_1_tl_8" custom="readingOrder {index:7;}">
                <Coords points="667,1733 804,1763 938,1736 991,1763 1066,1727 1184,1717 1256,1753 1259,1645 1122,1638 1010,1664 850,1651 791,1671 670,1651"/>
                <Baseline points="686,1719 728,1716 773,1719 817,1719 862,1716 907,1716 952,1713 996,1710 1041,1710 1086,1707 1131,1707 1176,1707 1220,1707 1265,1710"/>
                <TextEquiv>
                    <Unicode>und rauchte.</Unicode>
                </TextEquiv>
            </TextLine>
            <TextLine id="tr_1_tl_9" custom="readingOrder {index:8;}">
                <Coords points="670,1890 2773,1906 3162,1874 3221,1749 1514,1795 1347,1697 670,1805"/>
                <Baseline points="689,1871 719,1871 764,1868 808,1868 853,1868 898,1868 943,1865 988,1862 1032,1862 1077,1859 1122,1859 1167,1859 1211,1856 1256,1856 1301,1853 1346,1853 1390,1853 1435,1850 1480,1850 1525,1847 1570,1847 1614,1847 1659,1847 1704,1844 1749,1844 1793,1844 1838,1844 1883,1841 1928,1841 1973,1838 2017,1835 2062,1835 2107,1835 2152,1832 2196,1829 2241,1826 2286,1826 2331,1826 2375,1826 2420,1826 2465,1826 2510,1823 2555,1820 2599,1820 2644,1820 2689,1820 2734,1817 2778,1817 2823,1814 2868,1814 2913,1811 2958,1811 3002,1811 3047,1808 3092,1805 3137,1805 3181,1805 3226,1799"/>
                <TextEquiv>
                    <Unicode>Emil liebte ihn beinahe, diesen ernsten gereiften Mann</Unicode>
                </TextEquiv>
            </TextLine>
        </TextRegion>
        <TextRegion id="tr_2" custom="readingOrder {index:1;}">
            <Coords points="680,1911 3319,1911 3319,3767 680,3767"/>
            <TextLine id="tr_2_tl_1" custom="readingOrder {index:0;}">
                <Coords points="670,2086 2717,2063 3106,2005 3110,1903 674,1952"/>
                <Baseline points="689,2029 695,2032 740,2032 785,2029 829,2029 874,2029 919,2026 964,2023 1008,2023 1053,2023 1098,2023 1143,2020 1187,2017 1232,2017 1277,2017 1322,2014 1367,2014 1411,2014 1456,2011 1501,2011 1546,2011 1590,2008 1635,2005 1680,2002 1725,1999 1770,1999 1814,1996 1859,1996 1904,1993 1949,1990 1993,1990 2038,1990 2083,1987 2128,1987 2173,1984 2217,1984 2262,1984 2307,1981 2352,1981 2396,1981 2441,1978 2486,1978 2531,1978 2575,1978 2620,1976 2665,1973 2710,1973 2755,1970 2799,1970 2844,1967 2889,1967 2934,1964 2978,1964 3023,1964 3068,1961 3113,1964"/>
                <TextEquiv>
                    <Unicode>mit dem grauen Kopf- und Barthaartund ein Gefühl von</Unicode>
                </TextEquiv>
            </TextLine>
            <TextLine id="tr_2_tl_2" custom="readingOrder {index:1;}">
                <Coords points="657,2214 3283,2201 3286,2040 661,2129"/>
                <Baseline points="680,2187 698,2187 743,2184 788,2184 832,2184 877,2184 922,2181 967,2181 1011,2178 1056,2175 1101,2175 1146,2175 1190,2173 1235,2173 1280,2173 1325,2173 1370,2170 1414,2170 1459,2167 1504,2164 1549,2164 1593,2164 1638,2161 1683,2158 1728,2158 1773,2158 1817,2155 1862,2155 1907,2155 1952,2152 1996,2152 2041,2149 2086,2149 2131,2146 2175,2146 2220,2146 2265,2143 2310,2143 2355,2140 2399,2140 2444,2140 2489,2137 2534,2137 2578,2134 2623,2134 2668,2134 2713,2134 2758,2131 2802,2131 2847,2131 2892,2131 2937,2125 2981,2125 3026,2125 3071,2125 3116,2122 3161,2119 3205,2113 3250,2113 3295,2113"/>
                <TextEquiv>
                    <Unicode>Hochachtung und Mitleid beschlich ihn, wenn er die hohe</Unicode>
                </TextEquiv>
            </TextLine>
            <TextLine id="tr_2_tl_3" custom="readingOrder {index:2;}">
                <Coords points="674,2384 1239,2328 1396,2426 2178,2407 3061,2318 3064,2214 677,2282"/>
                <Baseline points="692,2346 737,2343 782,2340 826,2337 871,2337 916,2334 961,2331 1005,2328 1050,2328 1095,2328 1140,2325 1185,2325 1229,2325 1274,2325 1319,2325 1364,2322 1408,2319 1453,2322 1498,2319 1543,2316 1587,2316 1632,2313 1677,2316 1722,2310 1767,2310 1811,2307 1856,2307 1901,2307 1946,2304 1990,2304 2035,2301 2080,2301 2125,2298 2170,2295 2214,2295 2259,2295 2304,2295 2349,2292 2393,2292 2438,2292 2483,2292 2528,2289 2572,2289 2617,2286 2662,2286 2707,2283 2752,2280 2796,2277 2841,2277 2886,2277 2931,2277 2975,2274 3020,2271 3065,2271"/>
                <TextEquiv>
                    <Unicode>Stirne dieses ahnungslosen Betrogenen sah. Und nun</Unicode>
                </TextEquiv>
            </TextLine>
            <TextLine id="tr_2_tl_4" custom="readingOrder {index:3;}">
                <Coords points="697,2508 2832,2518 3172,2449 3175,2371 700,2426"/>
                <Baseline points="716,2498 719,2495 764,2495 808,2492 853,2489 898,2489 943,2486 988,2486 1032,2483 1077,2483 1122,2483 1167,2480 1211,2480 1256,2477 1301,2477 1346,2474 1390,2474 1435,2474 1480,2471 1525,2471 1570,2471 1614,2468 1659,2465 1704,2465 1749,2465 1793,2462 1838,2462 1883,2459 1928,2456 1973,2456 2017,2456 2062,2456 2107,2453 2152,2450 2196,2450 2241,2450 2286,2450 2331,2450 2375,2447 2420,2447 2465,2447 2510,2444 2555,2444 2599,2441 2644,2441 2689,2438 2734,2435 2778,2435 2823,2432 2868,2429 2913,2429 2958,2429 3002,2429 3047,2429 3092,2426 3137,2426 3181,2423"/>
                <TextEquiv>
                    <Unicode>dachte er jenes letzten Zusammenseins. Annette und er</Unicode>
                </TextEquiv>
            </TextLine>
            <TextLine id="tr_2_tl_5" custom="readingOrder {index:4;}">
                <Coords points="690,2659 2721,2681 2917,2642 2920,2518 690,2609"/>
                <Baseline points="707,2656 731,2656 776,2653 820,2653 865,2650 910,2647 955,2647 999,2647 1044,2644 1089,2641 1134,2641 1179,2641 1223,2638 1268,2638 1313,2635 1358,2632 1402,2632 1447,2632 1492,2629 1537,2629 1581,2629 1626,2626 1671,2623 1716,2623 1761,2620 1805,2620 1850,2617 1895,2617 1940,2617 1984,2617 2029,2614 2074,2611 2119,2611 2164,2611 2208,2611 2253,2611 2298,2611 2343,2608 2387,2605 2432,2605 2477,2605 2522,2602 2567,2602 2611,2599 2656,2596 2701,2596 2746,2596 2790,2593 2835,2590 2880,2590 2925,2590"/>
                <TextEquiv>
                    <Unicode>sassen neben dem kleinen Tischchen, auf dem der</Unicode>
                </TextEquiv>
            </TextLine>
            <TextLine id="tr_2_tl_6" custom="readingOrder {index:5;}">
                <Coords points="697,2819 1311,2897 3277,2812 3316,2672 700,2740"/>
                <Baseline points="716,2811 722,2811 767,2808 811,2808 856,2808 901,2805 946,2805 990,2799 1035,2799 1080,2799 1125,2799 1170,2799 1214,2799 1259,2796 1304,2796 1349,2793 1393,2790 1438,2787 1483,2787 1528,2781 1573,2781 1617,2781 1662,2781 1707,2778 1752,2778 1796,2778 1841,2775 1886,2775 1931,2772 1976,2772 2020,2769 2065,2767 2110,2769 2155,2767 2199,2767 2244,2767 2289,2767 2334,2767 2378,2767 2423,2767 2468,2761 2513,2758 2558,2758 2602,2755 2647,2752 2692,2752 2737,2752 2781,2752 2826,2752 2871,2749 2916,2749 2961,2746 3005,2743 3050,2740 3095,2740 3140,2740 3184,2737 3229,2734 3274,2734 3319,2737"/>
                <TextEquiv>
                    <Unicode>schwarze Kaffee stand und ihre Augen glühten in die sei.</Unicode>
                </TextEquiv>
            </TextLine>
            <TextLine id="tr_2_tl_7" custom="readingOrder {index:6;}">
                <Coords points="690,2969 1661,3031 3002,2956 3116,2923 3120,2770 2603,2855 693,2871"/>
                <Baseline points="707,2964 752,2964 796,2964 841,2961 886,2961 931,2958 976,2958 1020,2955 1065,2952 1110,2952 1155,2949 1199,2949 1244,2949 1289,2949 1334,2946 1379,2943 1423,2943 1468,2940 1513,2937 1558,2934 1602,2934 1647,2931 1692,2931 1737,2931 1781,2931 1826,2928 1871,2925 1916,2925 1961,2925 2005,2925 2050,2922 2095,2919 2140,2919 2184,2919 2229,2919 2274,2916 2319,2916 2364,2916 2408,2916 2453,2913 2498,2913 2543,2910 2587,2907 2632,2907 2677,2907 2722,2907 2767,2907 2811,2904 2856,2901 2901,2901 2946,2898 2990,2895 3035,2895 3080,2892 3125,2889"/>
                <TextEquiv>
                    <Unicode>nen, während sie aus der Schale schlürfte. Da fiel</Unicode>
                </TextEquiv>
            </TextLine>
            <TextLine id="tr_2_tl_8" custom="readingOrder {index:7;}">
                <Coords points="703,3129 2475,3146 3044,3100 3048,2972 706,3021"/>
                <Baseline points="725,3113 770,3113 814,3110 859,3110 904,3110 949,3107 993,3107 1038,3104 1083,3101 1128,3101 1173,3098 1217,3098 1262,3095 1307,3095 1352,3095 1396,3092 1441,3092 1486,3089 1531,3089 1576,3089 1620,3086 1665,3083 1710,3083 1755,3080 1799,3080 1844,3080 1889,3080 1934,3077 1978,3074 2023,3074 2068,3074 2113,3071 2158,3068 2202,3068 2247,3068 2292,3065 2337,3065 2381,3062 2426,3062 2471,3062 2516,3059 2561,3059 2605,3059 2650,3059 2695,3053 2740,3053 2784,3050 2829,3050 2874,3050 2919,3050 2964,3050 3008,3053 3053,3053"/>
                <TextEquiv>
                    <Unicode>dem Gemahl die Zigarette aus der Hand. Er schlief.</Unicode>
                </TextEquiv>
            </TextLine>
            <TextLine id="tr_2_tl_9" custom="readingOrder {index:8;}">
                <Coords points="690,3290 2946,3286 3201,3205 3205,3116 693,3208"/>
                <Baseline points="707,3271 752,3268 796,3268 841,3265 886,3265 931,3259 976,3259 1020,3256 1065,3256 1110,3253 1155,3253 1199,3250 1244,3250 1289,3247 1334,3247 1379,3244 1423,3241 1468,3241 1513,3238 1558,3238 1602,3238 1647,3235 1692,3235 1737,3232 1781,3232 1826,3232 1871,3229 1916,3229 1961,3229 2005,3229 2050,3229 2095,3226 2140,3226 2184,3223 2229,3220 2274,3217 2319,3217 2364,3217 2408,3214 2453,3211 2498,3208 2543,3205 2587,3205 2632,3202 2677,3199 2722,3199 2767,3196 2811,3196 2856,3196 2901,3196 2946,3196 2990,3196 3035,3193 3080,3190 3125,3190 3169,3187 3214,3187"/>
                <TextEquiv>
                    <Unicode>Annette lächelte und stand auf. Auf den Zehenspitzen</Unicode>
                </TextEquiv>
            </TextLine>
            <TextLine id="tr_2_tl_10" custom="readingOrder {index:9;}">
                <Coords points="700,3424 3035,3414 3257,3384 3260,3267 703,3313"/>
                <Baseline points="719,3417 758,3417 802,3417 847,3417 892,3414 937,3411 982,3411 1026,3408 1071,3405 1116,3405 1161,3402 1205,3402 1250,3399 1295,3399 1340,3396 1384,3396 1429,3393 1474,3390 1519,3390 1564,3390 1608,3387 1653,3387 1698,3384 1743,3381 1787,3381 1832,3381 1877,3378 1922,3378 1967,3375 2011,3375 2056,3375 2101,3375 2146,3372 2190,3372 2235,3369 2280,3369 2325,3366 2370,3366 2414,3366 2459,3363 2504,3363 2549,3361 2593,3358 2638,3355 2683,3355 2728,3352 2772,3352 2817,3352 2862,3352 2907,3349 2952,3349 2996,3349 3041,3349 3086,3346 3131,3343 3175,3343 3220,3340 3265,3337"/>
                <TextEquiv>
                    <Unicode>eilte sie zur Tür, die in den Garten führte und winkte</Unicode>
                </TextEquiv>
            </TextLine>
            <TextLine id="tr_2_tl_11" custom="readingOrder {index:10;}">
                <Coords points="700,3607 1220,3584 1560,3682 3250,3581 3254,3450 703,3496"/>
                <Baseline points="719,3584 752,3581 796,3578 841,3581 886,3581 931,3578 976,3575 1020,3575 1065,3572 1110,3572 1155,3572 1199,3566 1244,3566 1289,3566 1334,3563 1379,3563 1423,3560 1468,3558 1513,3558 1558,3555 1602,3552 1647,3549 1692,3549 1737,3549 1781,3549 1826,3546 1871,3546 1916,3543 1961,3543 2005,3543 2050,3540 2095,3540 2140,3537 2184,3534 2229,3534 2274,3531 2319,3528 2364,3528 2408,3528 2453,3528 2498,3528 2543,3522 2587,3522 2632,3519 2677,3516 2722,3516 2767,3516 2811,3513 2856,3513 2901,3513 2946,3513 2990,3513 3035,3513 3080,3510 3125,3510 3169,3507 3214,3504 3259,3504"/>
                <TextEquiv>
                    <Unicode>Emil. Er folgte ihr langsam, während sie voranloef. Er</Unicode>
                </TextEquiv>
            </TextLine>
            <TextLine id="tr_2_tl_12" custom="readingOrder {index:11;}">
                <Coords points="716,3796 2763,3734 3074,3702 3142,3594 1563,3682 723,3604"/>
                <Baseline points="734,3757 770,3757 814,3755 859,3752 904,3749 949,3746 993,3743 1038,3740 1083,3740 1128,3737 1173,3734 1217,3731 1262,3731 1307,3728 1352,3728 1396,3725 1441,3722 1486,3722 1531,3719 1576,3719 1620,3719 1665,3716 1710,3713 1755,3713 1799,3713 1844,3713 1889,3707 1934,3707 1978,3704 2023,3704 2068,3701 2113,3701 2158,3698 2202,3698 2247,3695 2292,3689 2337,3689 2381,3686 2426,3686 2471,3686 2516,3683 2561,3680 2605,3680 2650,3680 2695,3674 2740,3674 2784,3671 2829,3671 2874,3671 2919,3668 2964,3665 3008,3665 3053,3665 3098,3662 3143,3659"/>
                <TextEquiv>
                    <Unicode>fand sie zwischen xxxet grossen Bäumen auf der Hänge</Unicode>
                </TextEquiv>
            </TextLine>
        </TextRegion>
    </Page>
</PcGts>
