3576 4104
740 541 3094 785 "Wir werden keinen nötig haben," erwiderte ihm der
724 753 2066 942 Witwer, indem er sich erhöb.
721 932 3199 1098 Jetzt erst gewahrte Emil grosse Schwetsstropfen, die
730 1060 3036 1249 jenem von der Stirne ins Barthaar
730 1243 3196 1399 rannen. Während er den Hut wieder aufsetzte bemerkte
737 1387 3196 1531 er noch: "Meine Wohnung ist Ihnen bekannt. Verständi
737 1502 3154 1688 sen Sie gefälligst Ihre Herrn Sekundanten, dass die
724 1681 3238 1857 meinen um acht Uhr abends in meiner Wohnung ihres Be
727 1825 2155 2021 siches gewärtig sein werden. “
717 1944 3132 2178 Auch Emil stand auf. Der andre grüsste und ging ge
727 2165 3135 2319 messenen Schrittes auf die andre Seite der Strasse.
717 2283 3289 2508 Emil, der mit einer leichten Verbeugung dankte, setzte
737 2472 3299 2658 sich wieder und griff mechanisch nach der Tüsse schwar¬
727 2588 3049 2809 zen Kaffees, der noch unberührt vor ihm stand. Er
746 2741 3183 2933 trank und wunderte sich, dass er noch ganz warm war.
711 2892 3055 3084 Dann wollte er seine Zigarre frisch anzünden, sie
743 3042 3100 3228 brannte noch. Er fühlte wie sein Herz klopfte, wie
733 3215 3186 3382 seine Beine zu zittern begannen und er schämte sich.
724 3366 3167 3548 Nun wollte er fort, seine Sekundanten suchen. Leut -
727 3545 2917 3715 nant Fechner von den Achter-Husaren und Doktor
