3432 4072
2766 486 2901 662 11
533 737 2986 903 Fahrzeug zu finden war. Es war schauerlich. Das Blut
536 935 2870 1104 auf seinem Hemde trochnete ein und ich musste den
521 1032 2879 1248 Kopf immer halten, damit er nicht vornüber sänke.'
521 1233 3039 1396 Alle schwiegen und waren ernst. Es kam ihnen vor, als
530 1361 3039 1546 ob die Gasflammen trüber brannten und der Cognac kein
527 1527 2892 1694 Feuertrunk wäre, wie sonst. Auch das Pferdebahnge
536 1709 2735 1875 klingel auf der Strasse klang müde und traurig.
1411 2449 1863 2600 En de.
