3448 4120
2608 474 2747 639 so
483 762 2799 973 sen. Er zahlte seinen Kaffee und stand auf. „Wenn
470 921 3000 1090 Leutnant Fechner kommt, möge er auf mich warten, auch
477 1064 2913 1298 Doktor Willner. Dann warf er seine Zigarre weg, die
500 1226 3049 1443 ihm nicht mehr schmeckte und ging auf die Strasse. Die
506 1353 3013 1576 Steine waren hart, die Füsse schmerzten ihn. In einem
503 1508 2880 1722 Ficker fuhr eine Schauspielerin an ihm vorüber, er
513 1667 3124 1943 musste einen Moment stehen bleiben und sah dem hübschen
522 1800 3088 2047 Wetbe voll und starr ins Gesicht. Er hätte aufschreien
522 1992 2598 2203 mögen. Jetzt erst dachte er an Annette......
1408 2112 2945 2345 Am nächsten Tage stand nur einer
535 2274 3130 2550 von Annettens Männern an ihrem Grabe. Der rechtmässige!
529 2472 3078 2679 Der andre lag mit durchschossener Brust auf der Bahre.
542 2572 2936 2822 Auf der Stelle war er tot hingesunken, in das hohe
558 2747 3023 3000 weiche Gras und der Leutnant von den Achter -Husaren
561 2910 2031 3172 hatte ihm die Augen zugedrückt.
587 3033 3085 3257 "Mein Lebtag werde ich daran denken," erhählte der am
568 3205 2942 3419 Abend seinen Kameraden im Kaffeehaus, "wie ich mit
587 3370 3088 3578 dem Toten in einem Fiaker mit herabgezogenen Rouleaux
577 3471 2848 3779 nach Wien zurückfahren musste, weil kein anderes
