3512 4152
2822 255 2925 508 3
676 488 3087 779 matte liegen, mit schwellenden Lippen, feuchten Au
711 698 3071 908 gen, mit verlangendem Abm! Sie küsste ihn und biss
718 818 3313 1060 ihn in die Wange. Er musste fast schreten. Doch erinner¬
714 989 3190 1222 te er sich an den Schläfer im Zimmer. Sie schien sei
714 1164 3184 1409 ne Gedanken zu erraten. "Der wacht nicht auf," sagte
721 1312 3294 1548 sie, lachte und nahm Emils Kopf in die Hände und hauch
734 1497 2424 1687 te ihren warmen Atem über sein Haar.
782 1632 3252 1833 ......doch wie, das alles geschah ja vor eben drei Ta
2230 1749 2483 1843 seitdem
747 1762 3190 2020 gen, wie kommt es denn, dass ich nicht draussen war,
756 1914 3071 2137 dachte Emil. Warum hat sie mir nicht geschrieben?
756 2075 3262 2295 Vielleicht finde ich einen Brief, wenn ich nach Hause
769 2224 3094 2444 komme. Einen jener Briefe, auf dem nur zwei Worte
782 2366 3103 2641 stehen. "Heute Abend." Und dann werde ich mich in
785 2505 3187 2773 das Coupé setzen und hinausfahren. Sie wird mir ent
789 2680 3187 2929 gegenkommen und wir werden den Waldweg einschlagen.
789 2874 3074 3084 Sie wird mir vielleicht wie neulich, den letzten
792 2993 3142 3216 Brief zeigen, den ich ihr geschrieben, den sie am
795 3148 3142 3407 Busen verwahrt, den sie zerknittert, geküsstn ans
795 3362 1859 3546 Herz gepresst hat...
821 3472 3155 3714 So dachte Emtl und sah zugleich, ohne sich dessen
