3496 4152
663 733 937 921 G.C.F.P.
1310 679 1788 1020 ERBSCHAFT
663 873 1170 1061 von Wllden:
1893 829 2053 1135 von
669 1036 889 1214 S.A.R.S.
2282 1068 3162 1300 Arthur Schnitzler.
673 1198 803 1310 G.C.F.P.
679 1275 829 1517 on t
666 1466 956 1629 I am so,
1377 1562 3168 1693 Es war einer jener inbrünstigen Augen
803 1575 985 1772 de M.
733 1680 3296 1903 blicke, in denen ihr die Empfindung seines Glückes mit
736 1855 3261 2040 unwiderstehlicher Süssigkeit überkam. Er sass vor dem
730 2034 3235 2209 Kaffee Imperial, an einem der kleinen Tische,
749 2180 3293 2349 die man aus den dunstigen Zimmern auf die offene Stras
768 2317 3086 2515 se hinaus gebracht hatte, wo die Strahlen der Som
749 2480 3223 2697 mernachmittagssonne singend lagen. Er rauchte andäch
759 2649 2642 2840 tig seine Haannah und dachte an Anette.
755 2802 3302 2999 An Annette! An ihre grossen, braunen Augen und an ihr
771 2936 3312 3130 schwarzes Haar, das sie im Sommer in Flechten trug. Er
784 3086 3197 3277 dachte an das Landhaus, das sie bewohnte, ganz nahe
724 3213 3245 3481 von Wien und doch einfach abgeschlossen, eine Villa,
781 3395 3210 3602 an deren Türe er ein oder zwet- auch dreimal in der
