3560 4120
2875 391 2970 569 6
740 521 3237 731 sonnige Strasse, - er sah irgend einen weissen Glanz,
756 727 3033 927 der ihm in den Augen wehe tat - und der Mann im
762 854 3259 1051 schwarzen Traueransug sass regungslos mitten in die -
772 1045 3284 1207 sem Glanze. Emil sah auch den Flor am Hute des Mannes,
762 1178 3227 1359 und zu seinem eigenen Erstaunen, schoss ihm der pein
756 1321 3221 1544 liche Gedanke durch den Kopf, dass auch er sich ei
765 1493 3148 1677 nen solchen Flor um den Hut schlingen müsste. Spre
772 1633 2287 1858 chen aber konnte er keine Silbe.
762 1810 3310 1969 Der andre fuhr fort: "Ich danke Ihnen, mein Herr, dass
772 1957 3243 2166 Sie es überflüssig finden mir etwas zu erwidern. Sie
775 2103 3132 2287 ersparen uns eine längere Unterhaltung. Ich brau
772 2255 3284 2468 che Ihnen auch weiter nicht die letzten Gründe meines
772 2392 3249 2605 Kennens auseinanderzusetzter." Er hielt ein und nahm
797 2560 3167 2767 den Hut ab, worauf er sich mit der Hand über Stirn
797 2735 1506 2944 und Augen fuhr.
794 2859 3167 3062 "Ich stehe Ihen jederzeit zur Verfügung," brachte
788 3027 2875 3233 Emil tonlos, doch verständlich genug hervor.
816 3179 3287 3386 "Ich erwartete nichts anderes," entgegnete der Witwe.
819 3319 3300 3532 "Nur muss ich, so peinlich das auch sein mag, auf ei
797 3478 3094 3758 nige Eile in der Austragung dieser Angelegenheit
