3576 4136
2982 396 3079 573 7
813 583 3160 835 dringen. Morgen Mittag findet das. Leichenbegängnis
801 782 1642 947 Annettens statt. "
813 882 3135 1106 "Also übermorgen früh," meinte Emil., wobei sein
807 1056 3094 1243 Gesicht einen ausserordentlich verbindlichen Aus¬
813 1206 3250 1387 druck annahm», da einige Herrn von den Nebentischen
807 1359 2222 1564 zu den xxxen herüberschauten.
829 1527 3313 1705 "Das wäre zu spät," erwiderte ihm der Mann. "Ich muss
820 1630 3297 1832 Ihnen bemerken, dass es mein ethisches Gefühl belei -
823 1826 3132 1991 digen würde, wenn zur Zeit, da man meine..... die
820 1960 3238 2153 Tote in die Erde senkt, noch ihre beiden Männer die
813 2122 3281 2303 Möglichkeit hätten an ihrem Grabe zu weinen.... wenn
823 2266 3288 2481 überhaupt noch beide unter den Lebenden weilten. Sie
845 2449 1530 2643 sehen das ein?"
841 2615 3313 2777 "Vollkommen," erwiderte Emil, dem es unterdessen ge-
1212 2733 1349 2830 was
832 2736 2537 2951 lungen keine Haltung wiederzufinden.
854 2879 3294 3066 "Morgen früh also, wenn es Ihnen beliebt." Er wollte
841 3063 3297 3244 aufstehen und sagte: "Wir können wohl das übrige von
860 3256 3294 3412 diesem Augenblicke an den andern Herren überlassen.
845 3372 3350 3559 Und was den Arzt anbelangt, so werde ich selbst...."
