3464 4136
657 577 3058 788 recht bewusst zu werden einen hochgewachsenen Mann,
673 719 3030 924 in dunkler Kleidung von der andern Seite der Stras
679 875 2996 1098 se auf das Kaffeehaus zukommen. Geradewegs zu dem
673 980 3166 1206 Tische, an welchem Emil sass, nahm er den Schritt. Es
685 1194 2946 1371 war Annettens Mann! Schon zweci- oder dreimal des
673 1340 3135 1526 Sommers war er nachmittags ins "Kaffee Imperial" ge
682 1470 3154 1709 kommen, hatte eine Zeitung gelesen und war wieder ge
698 1634 3061 1833 gangen. Jetzt setzte er sich nach einem höflichen
698 1793 3138 2000 und eiskalten Grusse an Emils Tisch, indem er sagte:
710 1982 2220 2168 "Ich dachte Sie hier zu finden."
698 2096 3123 2314 Emil fühlte eine leichte Beklommenheit, die er hin
704 2258 3169 2456 wegzuscherzen trachtete. Er betrachtete lächelnd den
719 2416 3117 2630 schwarzen Anzug des Mannes und bemerkte: "So düster
716 2583 2053 2760 an einem schönen Sommertag?"
704 2710 3073 2921 Der Herr achtete nicht auf die Worte und sagte nur
723 2881 2434 3092 kurz: "Ich habe Ihre Briefe gelesen.
732 2993 3114 3247 In Emil stieg eine schauerliche Ahnung auf, er lä-
744 3191 3098 3380 chelte aber wieder und entgegnete: "Ich habe Ihnen
744 3340 1793 3579 doch nie geschrieben?"
735 3461 3117 3722 Im selben Augenblicke kam ihm diese Antwort albern
