3576 4120
2874 459 2970 627 9
680 607 3284 818 Willner hatte er dazu auserlesen. Es fiel ihm ein, dass
683 815 3227 957 er dem Kellner noch nicht gezahlt habe. Morgen, dach -
686 950 3016 1125 te er einen Moment lang. Da fuhr es ihm plötzlich
686 1089 3062 1267 durch den Korf, dass es vielleicht kein morgen füh
683 1270 3112 1422 ihn gäbe. Es war ihm, als könnte er sich von seinem
676 1386 3198 1597 Sessel nicht erheben. Er sah ihn sich gegenüberstehen
676 1571 3320 1716 mit der Pistole in der Hand. Wer wird den ersten Schuss
676 1709 3158 1921 haben? Unwillkürlich schwebte ihm ein Bild aus einem
680 1874 3135 2020 Witzblatte vor, wo Zwet Duellanten abgebildet varen,
683 2010 3132 2188 die beide mit Pistolen, beide zugleich getroffen, der
670 2142 3181 2340 Länge nach auf den Boden hinfallen. Er versuchte sich
683 2323 3132 2528 auf den Wots zu bestnnen, der unter dem Bilde stand.
660 2445 3300 2620 Doch es gelang ihr nicht. Jene zwet Leute erhoben sich
683 2610 3336 2808 am Nebentische und gingen in den Kaffeehaussaal, während
676 2775 3056 2960 einer sagte: "Also eine Partie Carambole. Ich gebe
660 2980 1360 3118 Dir zehn vor.”
660 3043 3115 3264 Kann man heute Billard spielen, dachte Emil. Es kam
670 3257 3181 3406 Ihm sonderbar vor. Jetzt erschien der Kelnner,.offen
680 3416 3128 3607 bar hatte Emil ihn gerufen, ohne etwas davon zu wis
