3496 4120
2761 393 2862 546 5
366 546 471 723 Pr.
631 566 3131 815 und elend vor. Der andre aber, ruhig wie bisher, fuhr
638 752 2247 939 fort: "Ihre Briefe an meine Frau.
622 860 3095 1112 Emtl zuckte zusammen. Er wollte etwas reden und nahm
635 1037 3082 1240 die Miene des Beleidigten an. Zugleich traf ihn aber
641 1214 2980 1387 der Blick des andern, fürchterlich ernst, bannend.
625 1315 3225 1534 Emil brachte nur ein Wort mit gepresster Stimme hervor:
638 1524 1204 1730 "Wieso......'
635 1629 3268 1845 "Wieso ich sie gelesen haben?" setzte sein Nachbar fort.
651 1793 2489 2028 "Nun sehr einfach. Ich habe sie geerbt.
2574 1894 2679 2139 G.P.
622 1973 1596 2169 Emil starrte ihn an.
641 2077 2974 2342 Ganz ruhig aber sprach jener weiter: "Annette ist
654 2257 3101 2473 gestern gestorben. Der Arzt sagt ein Herzschlag, was
648 2408 3026 2620 für uns beide, glaube ich, gleichgültig ist. Als sie
644 2558 3114 2781 zusammensank löste man ihre Kleider, ihr Mieder, man
651 2781 3206 2954 fand Briefe. Sie begreifen, dass ich einiges Interesse
658 2875 3114 3085 daran fand meine Erbschaft sogleich anzutreten. Nach
651 3062 3153 3275 zwei Minuten wusste ich, dass Sie Annettens Geliebter
654 3248 1011 3422 waren."
651 3350 3026 3556 Vor Emil versank alles: Der schöne Sommertag, die
2875 3517 2977 3628 31
2381 3497 2833 3690 Angelegen
775 3585 1109 3752 2.4.90 Et
