5944 4536
1047 839 2594 1058 Lebende und Leblop, das sie umgelt, mit
1069 956 2668 1170 gewaltiger Plastik, die doch nie auf¬
1078 1049 2663 1266 höet, das einfachte und selbstverständlichste
1072 1161 2686 1380 ding der Welt zu scheinen, hingestellt und
1072 1235 2712 1438 umrissen ist; daß auf allen den 181 sei¬
1081 1364 2726 1529 ten das Buchs kein Wort zu viel und da¬
1094 1462 2652 1668 her unnütz zu sein scheint, war mir, als
1098 1540 2686 1759 Merkzeichen einer kleſtischen Arbeit gilt¬
1110 1643 2715 1837 das muß und wird jeder Kunstverständige,
1110 1753 2628 1920 wenn er auch meine Wegebliebe zum
1125 1842 2717 2054 felden nicht teilt, aus wollem Herzen be¬
1136 1949 2661 2152 zeugen. Ich bin schon außerordentlich
1132 2045 2724 2237 auf Theen jungen Casenova in symen
1150 2132 2750 2299 beging, den wir wohl schon längst
1143 2228 2795 2398 kennen geleent hören, wenn die go¬
1156 2346 2788 2520 litische Umwälzung nicht gekommen
1161 2438 2681 2599 wäre. Bis er erscheint, will ich mir
1143 2525 2797 2717 noch einmal, und nun mit müsse und
1170 2630 2712 2808 unabhängig von fortsetzungen, den
1174 2737 2815 2900 gealtenden Sünder vernehmen und den
1183 2811 2804 3030 Theun Werke lernen, wie man klar
1188 2916 2750 3105 und faebig und spannend und einfach
1181 3016 2820 3213 und doch geistreich erzählen kann: daß
1181 3110 2811 3282 ich dies nicht kann und niemals können
1199 3201 2831 3396 werde, ist etwas, was mich manchmal
1210 3322 2815 3492 niedergeschlagen, immer aber vor dem
1208 3389 2815 3583 der es kann, ehrfürchtig und bescheiden
3005 196 3192 355 1/1
5476 556 5644 712 22.8
5434 665 5646 833 G.C.F.P.
4726 723 4891 824 G.C.F.P.
2887 801 3221 906 macht. -
2960 779 4659 989 die Bike, die ich in meinem letzten Briefe
5465 813 5691 969 G.C.F.
2884 889 4532 1069 an Sie stellte – Sie möchten sich über
5467 944 5679 1078 G:C:F:S:
2887 989 4682 1194 das Geschick meiner zwei Stücke gelegent¬
2918 1116 4639 1266 lich erkundigen - ist durch die Traurigen
2909 1177 4711 1382 Freigensche der letzten Wochen gegenstände¬
2925 1281 4639 1469 los geworden; Sie werden einsehen, daß
2925 1371 4695 1583 auch wirklich das Pech verfolgt – ich glau¬
2936 1451 4655 1652 be sogar, daß das Theater, das wirk¬
2945 1554 4592 1753 lich einmal eines meiner Stücke zur
2958 1650 4635 1860 Aufführung bringen wollte, zumindest
2954 1710 4708 1898 am Tage der Festaufführung in Flammen
2958 1846 4610 2029 aufgehen oder Konkurs ansagen wurde.
2976 1936 4704 2116 Wenn ich also Teubel diese - das einzige
2969 2011 4682 2181 Instrument, für das meine musikalische
2958 2101 4673 2308 Anlage zureicht -, so ist diese Beschäfti¬
2976 2201 4708 2398 gung nicht so gang unberechtigt, zumal
2969 2308 4668 2487 ab, trotz mancher hübschen neuen Gesetze,
2987 2395 4720 2574 nicht viel sigeickliches rugsum gibt, das
5476 2471 5693 2610 sse.S
2996 2514 4635 2704 aufseitem oder trösten könnte, die
3000 2603 4646 2791 Verhältnisse haben er mit sich gebracht,
5496 2630 5711 2777 & 28°.9
4809 2534 5349 2759 peut empere.
3003 2719 4711 2907 daß ich, der noch vor kurzem aus dem
5496 2757 5738 2878 877°.84
3016 2782 4724 2985 Kaatsdunst mich wegsehnte, um die mir
4900 2835 5749 3021 of 1788 soe'ee
3023 2898 4711 3108 noch etwa verbliebene Kraft sein ver¬
3018 3003 4706 3159 warten zu können, nunmehr, beim An¬
4840 2994 5744 3157 200 T###cepljat 320:2
3034 3065 4711 3293 blick so vieler Belißen, froh sein muß
3030 3197 4713 3389 ein Festes Amt zu bekleiden und nicht,
3050 3259 4753 3463 wie so mancher meines Alters, auf Stel¬
