5960 4441
868 1025 2577 1211 an Wirkung ein wenig einbühken. Vielleicht
879 1140 2556 1300 in ich. Jedenfalls teile ich ihre Ansicht, daß
870 1223 2664 1397 die sofort voegenommene Feststellung der Wen¬
901 1307 2544 1462 tität das Juda mit dem Judes, da sie dies
891 1392 2659 1547 Veständnis des Publikums fördiert, der Bühnen
905 1458 2622 1632 wirksamkeit des ganzen Stückes von Nutzen
922 1587 2565 1740 ist. Ob die Änderung bei einer späteren
924 1658 2659 1815 Duchausgabe beizubehalten wäre, ist eine
917 1745 2539 1897 weitere Frage, deren Beantwortung
945 1832 2605 1994 leider in abgehbarer Zeit nicht deinglich
943 1947 1557 2062 werden dürfte.
1037 1992 2586 2166 die zweite Jene (in Ostia) und die höchste
948 2069 2544 2243 (Die Versammlungsspene) habe ich tüchtig
940 2168 2539 2337 zusammengesteichen, indem ich alles das
952 2281 2579 2422 er sich auf die Differenzen zwischen
950 2361 2549 2504 den seienheißen und dem paulinischen
964 2429 2619 2570 Christentum begieht, alle Steeitem um
983 2502 2598 2636 Revier und Beschneidung und dergl.
978 2584 2673 2760 einfach aliminiente. etc. dadurch würde ei¬
964 2673 2633 2831 nem Lesen gemiß große Unklärheit
983 2779 2629 2908 geschaffen, aber das Thieterpublikum
980 2850 2683 2988 dürfte darüber hinwegsehen; in jedem
992 2946 2650 3099 Falle wird auf diese Weise sind mir
1006 2991 2720 3137 vieles, was langweilt, auf dem Wege
1004 3073 2718 3247 geschafft und eine größere Kongentra¬
988 3191 2697 3346 tion des Interesses erzielt, sondern auch
3007 193 3188 334 " " "
3983 237 4338 369 1
5368 571 5577 710 ssg. '8
4517 604 4717 736 D.O.F.P.
4117 607 4397 738 G.H.F.P.
5382 703 5570 828 G.C.P
2899 893 4742 1049 was nicht zu verachten ist – der schwachte Zeu¬
2918 1009 4616 1166 Juranstoß beseitigt. Damit ist zugleich
2920 1079 4782 1227 Die Möglichkeit starker Kürzung der Simon¬
5398 1093 5582 1234 820:5
2920 1180 4670 1303 Herman - Szeno (Gasthaut) gegeben. Nur
2941 1256 4797 1420 zu einer Verstümmlung der Hermon-Chloe
2934 1328 4754 1510 – Späne, die mir sehr an's Herz gewachsen
2944 1441 4712 1592 ist, habe ich den Umb nicht gefunden. Diese
2944 1519 4837 1660 Schlächtereibeit möchte ich, falls sie umumgang¬
2946 1613 4782 1775 lich nötig ist, dem Dramatingen überlassen,
2963 1698 4724 1867 der ja doch böse wäre, wenn ihm nichts
2965 1796 3802 1952 zu tun übrig bliebe.
3132 1879 4869 1989 Was die von Ihnen berührten Modemismen
2960 1963 4787 2114 und fremdworte beteisst, so lassen sich manche
2988 2064 4829 2213 gewiß ohne Weiteres vermeiden, und ich habe
2984 2147 4818 2245 keinen Augenblick gezögert, das Wort "in¬
2988 2217 4827 2358 siges“ durch, abgeschmackt zu ersetzen. Andere
2998 2328 4822 2436 aber müssen, meine ich, doch sehen bleiben:
3007 2384 4773 2542 ich wüßte z. Beisp. nicht recht, wie ich den
3007 2476 4884 2591 Satz das Alityr, mit dem die vorlegte Jena
5436 2492 5650 2629 Sse's
3007 2565 4884 2709 schließt: „Ich bin heut indisponiert“ umändern
3028 2624 4860 2796 sollte; er ist halt ein Schauspieler und da muß
5434 2612 5659 2749 828•9
5008 2645 5302 2758 OUywas 13
3026 2727 4867 2871 indisponiert sein“ als terminus technicus fin¬
5448 2763 5683 2880 834.84
3019 2793 4792 2946 genommen werden; auch "multiglizieren"
3017 2871 4797 3045 läßt sich schwer verdeutschen. Daß ich oft
4989 2852 5702 3026 Ilmoit aiienm̄a saec
3019 2986 4858 3118 absichtlich modeine Redewendungen brauche,
5445 3033 5683 3162 S20 22
4978 3031 5391 3146 Bewerpiel
3040 3050 4884 3233 haben Sie ja, hochmeeseter Herr Doktor, be¬
