5943 4360
966 724 2681 891 literarischen Menanstaltung zu bem¬
987 829 2640 1013 gen. Das 3. Bild wird man wohl aus¬
1006 942 2583 1083 legen müssen, aus jeneren Gründen,
1006 1051 2572 1173 und vielleicht ist auch das 4., nur ein
1004 1096 2623 1286 undnamatisches Gleichnis, von der Bühne
1013 1252 2499 1397 herab nicht wirkkam. 1.2.5 nur 6
1013 1333 2480 1493 dürften jedoch ihre Probe bestehen.
1230 1418 2576 1587 „Was „Ippl“ anlangt, so ist es
1015 1512 2636 1677 eine gute Satice auf das kleinstästi¬
1032 1606 2570 1777 sehe Beamtenleben. Die Lösung des
1034 1724 2630 1863 Konfliktes erscheint mir freilich ge¬
1057 1799 2623 1972 mertham und nicht überzeugend, die
1051 1920 2653 2068 Wiederholung der Perbe des Dilerenten.
1057 2008 2617 2151 Stürkes wäre zu vermeisen, weil
1079 2102 2559 2260 hie ein Kischen auf den Gang der
1079 2177 2660 2365 Handlung drückt. Jedenfalls habe ich
1081 2277 2704 2427 es für meine Pflicht gehalten, Herrn
327 2339 523 2416 G.C.F.P.
1081 2376 2719 2536 Direktor Berner für die beiden Ar¬
1085 2467 2715 2636 beiten zu interessieren. Sobald er dazu
1062 2581 2589 2751 kommt, wird er sie auch lesen.“
1194 2681 2687 2856 Nach Inhalt dieses Briefes, des an¬
1079 2773 2687 2929 genehmsten, den ich noch in Theater¬
1092 2895 2677 3053 Dingen bekommen habe, begab ich
1085 2972 2732 3160 mich - heut monnittags - in das Thea¬
1096 3072 2623 3219 der mir suchte Dr Glücksmann auf.
1089 3211 2666 3367 Er äußerte sich sehr liebenswürdig
2820 654 4529 810 über beide Stücke und sagte, es habe
2839 775 4499 923 sie dem Diektor schon längst als
2858 891 4554 989 ueste der von ihm zu lesenden vor¬
2852 961 4465 1113 bereitet, doch sei er immer noch
2867 1042 4497 1218 abgehalten gewesen, die Lektüre
2867 1194 3484 1301 worzunehmen.
2999 1260 4486 1399 daß Dr. Glücksmann gerade das
2878 1339 4527 1504 3. und 4. Bild das Fremden (“die
2884 1444 4522 1600 Euer und „Der Hund“) für unthea¬
2867 1549 4554 1705 teilisch hatt, ist mir nicht nicht be¬
2873 1673 4574 1771 geeiflich, da ich immer gerade die¬
2890 1758 4518 1878 se beiden Heuen für die dramatisch
2878 1826 4497 1938 allein wir khamen gehalten habe,
2897 1916 4554 2057 und auch Sie, hochverehrter Herr Doktor,
2905 2036 4576 2200 haben eine ähnliche Meinung geän¬
2903 2149 3196 2273 Bert.
3033 2232 4614 2382 welche Zeuen aber zur Aufführung
2901 2320 4565 2448 kommen, scheint mir von Sekunda¬
2920 2401 4535 2553 der Wichtigkeit; wenn nur über¬
2937 2540 4629 2647 haupt eine Annahme erfolgte, denn
2914 2606 4574 2734 damit wäre wohl die Möglichkeit
2920 2685 4572 2835 gegeben, einen vieleger zu finden,
2914 2781 4595 2933 und ich sehne mich unbändig danach,
2948 2899 4422 3036 jaht den „Heemden“ gedenkt zu
2935 3029 3177 3162 gehen.
3080 3083 4619 3230 Ich will nun den Weesuch machen
2933 3181 4623 3335 direktor Beinau im Theater anzu¬
5546 100 5798 235 ...
5426 547 5644 681 G.C.
4640 579 4832 681 G.C.P.
5428 690 5657 810 P.S.
4640 699 4960 829 G.C.H.F.K.
4691 818 4858 938 B.T.O.
5469 1034 5661 1188 2:0:10
5469 2444 5689 2596 sse.
5475 2617 5691 2730 238•9
4730 2578 5330 2745 Monsieur, que
5471 2747 5717 2860 844°.64
4704 2741 4905 2901 10.2.00
4730 2837 5721 3004 maassadeur omaassa son
4713 2984 5687 3130 MÖL’S
