5943 4441
702 1015 2514 1177 ken abwichflungsreicher Nadebwälder, in
719 1098 2519 1271 denen es außer vielem Wild, das jetzt
729 1187 2568 1404 für mich leider nicht in Betracht kommt,
739 1298 2480 1468 Beeren und Schwänime gibt und endlich
758 1399 2586 1581 eine Sehr gute, reichliche und nach Wiener
761 1478 2632 1711 Begriffen äußerst wohlfeile Friedenskost;
773 1588 2559 1788 dann man verfügt hier noch über Nah¬
783 1726 2482 1899 rungsmittel, deren Existenz in Wien
783 1835 2623 2024 längst zur Tage geworden ist, vor al¬
788 1928 2660 2110 lein reichlich über Mehl, Büter und Milch.
790 2032 2544 2229 dieser Phewman ist zum Teil darauf
813 2120 2709 2349 zurückzuführen, daß man Sommergrüße
810 2233 2581 2423 mit wenigen Ausnahmen rücksichts los
810 2366 2783 2524 geweist und sich hamsternersuchen gegen¬
815 2475 2664 2669 über sehr spröde zeigt; weshalb man
810 2571 2689 2731 mit mir eine Ausnahme gemacht hat.
808 2672 2593 2854 weiß ich eigentlich nicht recht, aber
822 2768 2716 2965 es geschah - nach ursprünglicher Abwei¬
813 2849 2738 3054 sung - um ich bin dem Schicksal dafür
825 2945 2724 3164 sehr dankbar. Ich glaube bereits die gün¬
820 3078 2669 3280 tigen Wirkungen der unspersamen
4524 182 4782 310 V. P.
3588 219 3750 364 1:1
5314 525 5531 709 sses
4492 618 4686 739 G.C.F.P.
3258 635 3425 761 Brou
5339 682 5541 850 G.C.P.
2783 842 4711 1024 Verköstigung nicht nur auf meinen körzeeli¬
5427 835 5600 968 G.C.F.
2797 958 4669 1157 chen, sondern auch auf meinen geistigen
2820 1027 4738 1271 Zustand wahrzunehmen, eine gewisse Fähig¬
5312 1084 5558 1189 820:3:
2822 1135 4706 1372 keit, Freier und ungemeiten Gedanken¬
2817 1266 4671 1482 gangen nachzugehen, ohne schoegen zu
2815 1374 4578 1549 müssen, daß sie plötzlich – wie er in
2824 1460 4753 1665 Wien so oft geschach – in die Sackgabe der
2839 1534 4790 1741 Nahrungsfrage einlaufen, dies Kriegsthema
2847 1674 4760 1844 das Essens schien mir in Gespräch aus denken
2844 1766 4738 1980 schon so unvermeidlich wie der Kopf Reals
2837 1879 4787 2081 I. in den Promemorien des armen Dick
2852 2036 3770 2187 uw. David Copperfield
2849 2088 4740 2298 meine Lebensweise hier ist von äußerster
2864 2187 4733 2435 Einfachheit: ich gehe nach dem frühstück
2876 2300 4686 2472 in den Wald, laufe und liege dein bis
2884 2376 4676 2620 zum Mikagessen; bis zur Hause sitze
2874 2482 4854 2692 oder liege ich in oder beim Hause; dann
5388 2460 5597 2615 sse.S
2893 2598 4802 2817 gehe ich wieder in den Wald und ver¬
5400 2632 5624 2773 838.9
4873 2650 5260 2753 L. Ouiwaja
2896 2701 4723 2893 lasse ihn erst, um zum Nachtmahl zu
5398 2756 5647 2879 xx
2921 2790 4723 3002 gehen; nach dem Nachtmahl spazien ich
2911 2893 4728 3098 ein wenig auf den Feldern umher
4935 2884 5661 3029 cpt of „luaa soe '88
2908 2970 4814 3196 und sitze dann mit Bauern und Schul¬
4927 3017 5629 3167 Bewerger S20.22
3723 3366 3999 3514 G.C.F.K.
