5906 4457
588 1052 2483 1224 darin vernehmbar sein. Journalisten und Weiber
619 1144 2380 1309 wollen voll genommen werden, in Liebe
603 1236 2467 1455 und Haß, in Krieg und Frieden. Sie aber
621 1323 2493 1558 haben sie nicht voll genommen, und Sie ha¬
638 1466 2401 1619 ben ein weiterer Weetungen begangen.
650 1511 2471 1706 Sie haben hinter das Dogina ein feage¬
643 1626 2453 1829 zeichen gesetzt, auf dem der Wesent Holz
647 1723 2389 1902 des Journalisten nicht: "daß "Gesinnung
643 1850 2382 1984 den Mann mache (nig platform u my
668 1928 2519 2076 Castle). Minna man hinge, daß in einigen
678 2001 2431 2187 Sätzen ihrer Leuchter Aufpielungen auf
668 2104 2441 2255 die Totschweigepolitik des „Teometers“
668 2189 2455 2387 von Jericho erblickt werden konnten,
685 2278 2533 2486 so ist der Zorn derer von der „Gegen¬
685 2424 2523 2556 wart noch erklärlicher; und die „fle¬
685 2500 2519 2676 gante Welt, die Ihnen vieles noch nicht
697 2631 2387 2780 verziehen hat, geht eben mit. Sie
687 2728 2544 2902 haben sich alle, alle doch solidarisch er¬
708 2796 2490 2966 klärt: sie bleiben - im Grunde, was
690 2961 1132 3083 sie sind. -
918 3020 2453 3187 Mit den herzlichsten Grüßen und
5369 558 5531 720 22.8
5359 697 5543 847 P.S.
5362 829 5581 991 G.C.F.
2970 939 4265 1120 Impfehlungen Ihr ergebener
5287 1073 5548 1231 320:9
3773 1085 4719 1278 Robert Adam
5388 2511 5604 2620 sse 'S
5397 2629 5623 2792 838.9
5101 2627 5261 2777 - T3
5404 2770 5644 2886 844.84
5136 2855 5668 3032 „JUaa SOP’. eP
5101 2994 5649 3156 3/4/37 320.2
