5943 4296
473 339 723 433 P.H.F.P
128 348 284 449 G.H.F.P.
497 415 702 564 G.C.F.P.
1373 790 1541 931 Monsieur
412 1300 2767 1471 Kühe beurteilen; um aber zu einer Bilder Hammlung,
412 1410 2865 1559 die viele Säle füllt, klar Vollung zu nehmen,
430 1529 2777 1663 bedarf’s wiederholten Begehung und vergleichen.
424 1605 2746 1754 den Hin- und Gewandeln. Und Ihr Buch ist eine
442 1715 2743 1855 in klarer Systematik zusammengefaßte Amenau¬
449 1815 2664 1944 derreihung der wesentlichen Zegebnisse eines
467 1904 2655 2041 langen und reichen Dichterlebens, dem nichts
452 1999 2752 2139 Menschenerhebliches fremd blieb, der Abriß theer
449 2124 2667 2240 Lebensphilosophie, und zwischen den Abschniken
467 2194 2746 2319 theer Apferieren wissen sich Ausblicke, nen¬
473 2310 2740 2414 lockend zu verbinander Gedankenarbeit. Wenn
473 2377 2627 2523 der Aghorismut, der in der Literatur der ist
479 2481 2774 2612 war die Bleistiftskippe in der bildenden Kunst
473 2584 2713 2710 die-verlichte Art der Schrifttums ist, weil er
491 2645 2725 2804 entgegen allen andern Arten, vom lyrischen
488 2777 2648 2908 Gedicht bis zum philosophischen Wälger, keiner
491 2847 2618 3018 Lüge und keiner Mecke kaum gebt,
5419 549 5623 690 1882 13
3234 519 4882 714 Ce sponté, parler que je donnerai
5410 656 5642 809 G.C.P.
4552 683 5270 839 recembre, etc.
3243 659 4034 851 CazrencÄ aaa MoneA
4177 787 4437 976 xx
3219 796 4031 979 DATES DES ACTES
2987 1108 5199 1339 Da sich alles gohieren läßt, Gefühl wie herlebnis,
3024 1272 5294 1477 Grundlichkeit wie Gemalt, nur nicht der Ge¬
3015 1339 5218 1523 danke gelbst und heim form, und niegend
3027 1462 5245 1651 wie bei ihm jeder kleine Satz den ganzen
3039 1571 5306 1715 Autor zeigt: eine verehrungs = und liebens¬
3048 1666 5202 1791 würdig erscheint der Autor dieser Sprüche
3060 1754 5321 1910 und Apfonisme, wie lebt heim uns aus unge¬
3067 1852 5242 1999 rer Jugend schon eintraute Erscheinung in je¬
3048 1934 5279 2096 dem dieser klaren worte! Welche solebtheil,
3060 2053 5263 2197 welche Liebe zur Wahrheit und zur Form,
3079 2151 5282 2291 welche Herrschaft der Geister und über alles
3103 2221 4748 2426 Geistige Spricht aus jedem Spruch!
3265 2313 5157 2511 Ich muß mich mit dieser Begründung
3082 2423 5169 2575 bescheiden und mit einer Wiederholung
3109 2508 5300 2664 meines Dankes, der mir Gelegenheit gibt,
3109 2627 5303 2767 thum, hochverehrter Herr Doktor, zur Jah¬
3109 2700 5102 2886 verwende alles Frauwige zu wünschen!
3314 2780 5178 2999 mit den besten Impfehlungen und
3665 3280 4098 3497 G.C.A.
3646 3472 3912 3604 G.C.H.F.P.P
4705 3817 4879 3899 G.C.H.F.P
4687 3878 4967 3973 G.C.H.F.P.
4696 3994 4897 4104 G.C.F.P
