5943 4457
869 1190 2687 1412 der kleinen Münschen ein eingblauer Himmel
886 1366 2643 1545 bei kühlen Frühlingslüften lacht, in ein
886 1504 2672 1646 Land, das wir alle gekannt haben, im
896 1629 2672 1767 Orglie ohne die Uebelsäftigkeit roman¬
896 1784 2534 1883 tischen Ahnens, in dem vielmehr alle
896 1875 2665 2008 konturen und alle Gehalten klag um¬
905 1982 2655 2119 vissen und hell bebsienen sind. Solange
908 2090 2665 2300 Sie dies Mauer Alt-Heller mit Thien
922 2221 2662 2392 Gestalten, Gefüllen und Gedanken, bele¬
924 2356 2592 2518 ben, ist es nicht untergegangen und
929 2484 2609 2626 wir dürfen uns hineinfluchten wie
929 2578 2629 2747 in die feinnerung festen Jugendtage¬
939 2715 2595 2834 wie harmonisch ist dort aber, wie
951 2812 2684 2988 harmonisch gelbst Dir Dissermöne! Und
949 2930 2713 3102 wie fröh macht mich die klarheit thue
3039 1043 4980 1236 Speache, voll und funkelnd une reiser Wein!
3056 1183 4856 1344 Sie wirkte auf mich doppelt mächtig
3024 1308 4890 1501 da ich vom Ärgen über den neologi¬
3075 1419 4895 1586 lesen Nachwunft herkam, der sich entrü¬
3065 1535 4902 1721 stet gegen die Zumutung wehrt, die
3085 1649 4902 1839 Sprache der 19. Jahrhunderts zu sprechen,
3068 1786 4794 1933 und infolgedessen Nähnlich die das 21.
3102 1868 4856 2054 vormögnimmt, feierlich um den Geel
3090 1991 4726 2143 Der Unverständlichkeit bemüht, die
3099 2117 4441 2281 Kikerscher von Wortsalvat.
3283 2223 4835 2404 thier freundlichen Einladung, Sie
3121 2344 4902 2527 einmal aufzusuchen, werde ich natur¬
3116 2472 4905 2660 lich mit größten Freude nachkommen.
3135 2583 4883 2720 vielleicht könnten Sie mir den Th¬
3148 2674 4799 2892 nen genehmen Tag durch Dr Raal
3138 2798 4871 2952 Schäk im Augen Klage mitteilen
3172 2966 3447 3123 lassen.
5494 413 5672 565 G.C.H.P.
5482 531 5675 686 sse 18
5062 644 5718 842 Monsieur
5252 789 5735 970 3 3/4.
5235 920 5696 1098 G.H.F.P.
5173 1072 5718 1231 Ljnti S20:3:
5542 2469 5750 2604 sse as
5547 2619 5735 2737 828ème
5112 2583 5407 2742 11/10: 7
5132 2827 5614 3003 P et «touta si
5149 2976 5499 3126 procepLial
