5943 4266
882 875 2583 1045 steehaft gehandhaet, das ist gemeistert, da ist
890 1028 2647 1153 oft gebrochen, gezerrt, gegeeßt, ist ein uner¬
894 1083 2606 1203 teägliches Geschöpf, eine endlose Melodie, im
902 1172 2712 1315 stätiger Meeresrauschen. (Mir ist dies jetzt wie¬
894 1301 2652 1387 der klar geworden, da ich ein gerade er¬
894 1351 2580 1495 schienenes Buch eines Wetters: „träume auf
902 1451 2726 1547 der Aschodelosinsel, ein philosophisches Terstbüchlein
906 1516 2652 1638 in Wochen von Otto Fürth, lese, ein sehr klar
894 1590 2678 1748 und geißvoll, geschriebener Buch, dessen Blank¬
906 1695 2568 1844 weib, blitz und klank ist und derhalb endlos¬
894 1789 2652 1927 wogt und flutet. was ja im Konkeeten
913 1853 2719 2001 falle vielleicht nicht übel ist, da es zur Ver¬
899 1961 2733 2078 kung der Illustrion, man sei auf einer tiefes,
918 2033 2748 2169 gewiß beitnägt. Der deutsche Verr. par amel¬
906 2116 2609 2279 Cence scheint mir doch der Knittelvers zu
340 2248 591 2346 O.I.S.
916 2233 1119 2360 sam.)
1062 2281 2736 2449 Ich bewundere Thee großartige Chreckteu¬
916 2391 2642 2532 hierung das Casanora-Milieur; jede der
933 2485 2673 2618 Gestalten der Komödie ist auf Casenova ab¬
918 2563 2748 2685 gestellt, dazu geboren, einmal mit ihm zu¬
923 2650 2688 2815 sammenzutreffen, ohne das Abenteuer Capa¬
925 2774 2638 2874 nowa nicht zu denken. Und dabei tragen
925 2860 2748 2958 die meisten einen oder den andern Zug, den
918 2915 2659 3063 Casanova gezeigt hat oder dreinst zeigen
913 3015 2803 3164 wird: wie Gütar einmal etwas wie Cassnova
363 3790 653 3972 G.H.F.P
3286 526 4835 715 Ce spome xxx xxx
3546 660 3831 803 G.C.F.P.
2903 835 4794 990 gewesen ist, wird Tito wohl seinerzeit zu einem
2915 971 4792 1076 werden; und in Santis Sammeln sich jene üblen
2920 1050 4689 1162 tigenschaften, die der alteende Casanova in
2941 1121 4806 1272 grägen Panne-Vituationen hervorkehrt, zu eigner
2939 1222 4637 1332 einer eigenen, aber gutmütig = schätigen
2951 1289 4744 1435 Gestalt. Nur mit dem Andree bin ich, um
2936 1382 4756 1502 aufeichtig zu sein, nicht ganz einverstanden;
2932 1475 4737 1595 ich häte ihn um ein gut teil mehr Bourgeois
2939 1559 4756 1698 gewünscht; daß er das Mädel, mit dem er
2939 1652 4704 1798 durchgeht, hewaten will, daß er nur ein¬
2956 1774 4759 1860 mel spiebt und daß er darob trotz der Ge¬
2956 1834 4763 1961 wenns Neue empfindet, macht dem John ehe¬
2956 1920 4761 2028 baren Bürger alle Ihre; aber ich meine, er
2956 2011 4773 2133 müßte die Dukaten noch mit viel schnee¬
2951 2109 4799 2217 rem Herzen hergeben und nicht 1850, sondern
2948 2176 4749 2329 swegen wir 950. Auch im Problema-Steid ist
2951 2279 4656 2420 er mir zu freisinnig, zu großzügig, ja
2939 2360 4773 2508 amoralisch; mag dies auch gemiß dem Zeit¬
2963 2461 4792 2599 alten entsprechen, so entgeht doch, scheint mir,
2956 2561 4677 2681 dem Drame dadurch ein scharfer Konteast
2968 2633 4809 2800 hingegen sind die zwei, nein drei Casanowa¬
2944 2748 4869 2831 damen herrlich, Flaminia wie Anina und Theresa¬
2951 2826 4773 2927 daß die große Szene zwischen Flammia und
2956 2903 4821 3030 Anina in zweiten Akte bei der Aufführung
2956 2984 4878 3149 Amas - für moralisch-Ingeräumte-Bedenk¬
5471 79 5710 249 P.S.
5493 395 5667 550 G.H.F.P.
5435 545 5665 682 sse's
5438 677 5670 799 G.C.F.P.
5457 792 5698 942 G.H.V.G.
5459 937 5660 1062 G.H.F.
5447 1074 5670 1210 820:3:
5481 2348 5682 2468 G.C.F.P.
5447 2451 5682 2592 sse 18
5438 2606 5684 2736 & 28.9
4964 2573 5325 2728 OUJWETB.
5452 2726 5701 2860 xx
4974 2812 5706 3013 pp of "TU8a soe 'ee
4981 2984 5402 3121 The000th of May
5459 3008 5684 3130 s20:3:
5490 3097 5653 3247 G.F.P.
5500 3613 5720 3785 G.C.F.P.
