3576 4216
1758 458 1851 598 -3
560 937 2617 1079 Die Geistesverfassung ist der gegebene Zustand - wir
566 1094 2541 1230 sprechen ja heute in der Medizin besser von Stoff-
566 1250 2553 1419 wechsellage. Und es gibt eine für jedes Individuum
572 1416 2753 1541 charakteristische konstitutionell nutzbare Stoffwechsel-
566 1526 2739 1712 lage und eine konditionelle - die dem Alter, der Nation
569 1691 2745 1877 entspricht. Die jeweilige Stoffwechsellage wird auf die
566 1854 2666 1984 Seelenverfassung Einfluss haben - nicht aber auf die
566 1982 2898 2164 Geistesversung. Ob und in wie weit die Geistesverfassung
566 2193 2202 2318 aber wieder physiologisches Substrat hat?
1076 2289 2707 2495 Verehrtester Meister. Verzeihen Sie, wenn
566 2449 2660 2623 ich mir den Mut nehme überhaupt soviel Ihnen übr Ihr
566 2617 2727 2771 Werk zu erzählen. Es hat aber meiner Meinung nach prin-
566 2788 2640 2930 zipielle Bedeutung. Vor allem was Sie ganz allgemein
563 2933 2698 3128 über die Typen sagen - dass dies ein Idealbegriff ist,
1419 3403 2130 3574 Geistesverfassung
583 3383 1131 3577 (x) Seelenlage
