3528 4216
731 453 1101 646 de Vous
2133 643 3038 741 Wien, am 21. März 1927.
1353 1243 2382 1353 Hochverehrter Herr Doktor!
751 1567 2765 1652 die liebenswürdige Uebersendung Ihres Werkes hat mir
743 1731 2740 1806 die grösste Freude bereitet, nicht nur die an Ihrem
741 1857 2799 1976 Werke selbst, sondern auch durch die Erkenntnis, dass
743 2025 2696 2109 Sie, den ich von allen lebenden deutschen Dichtern
743 2189 2701 2256 am höchsten schätze, meine kleine und nun im Akten-
743 2346 2722 2418 staub schon ganz und gar vertrocknete Existenz noch
731 2490 2786 2588 nicht ganz vergessen haben. Ich weiss also gar nicht,
736 2639 1757 2724 wie ich Ihnen danken soll.
731 2789 2796 2879 Ich habe Ihr Werk, sobald ich nach Ueberwindung eines
725 2961 2755 3041 aufgetürmten Aktenberges zu ihm gelangen konnte, mit
723 3102 2714 3190 Eifer und Lust studiert (nicht bloss gelesen) und
720 3275 2660 3365 möchte, wenn Sie es gestatten, einige Bemerkungen,
720 3432 2277 3506 die sich mir aufdrängen, kurz skizieren.
