3512 4184
644 601 2686 885 punkte, den der positive oder negative.“ Geist  der
647 831 2723 1055 "Welt " gegenüber einnimmt. Es kann ein überirdischer
635 979 2726 1217 bezw. unterirdischer Standpunkt sein, von dem aus der
641 1160 2740 1325 Geist die Welt zu sich emporhebt oder herabzieht; ein
641 1325 2669 1495 irdischer Standpunkt von dem aus der Geist der Welt
695 1498 2723 1679 dient" (positiv) oder sie " ausnützt "unterdrückt
664 1605 2819 1793 (negativ); endlich ein neutraler, von dem aus der Geist
658 1758 2819 1951 ohne anderen Zweck als zu seinem Selbstgenügen die Welt
652 1923 2828 2144 positiv oder negativ "betrachtet" oder - wenn er sich
655 2079 2312 2292 in Taten auswirkt - " zwecklos tätig"ist,
930 2235 2751 2428 Der Geist als solcher ist derselbe, obeer sich
661 2371 2717 2558 nun im Worte oder in Taten äussert. Ich glaube, dass
652 2572 2825 2737 der Mensch nicht durch geistige sondern durch sinnliche
664 2726 2941 2876 und körperliche Momente und durch das Temperament bestimmt
669 2833 2751 3069 wird (nämlich innerlich bestimmt wird) rein geistig
661 3040 2734 3242 im Wort und materiell durch Taten zu wirken. Aber na-
667 3191 2791 3372 türlich erhält der Geistes-Typus je nach dem Elemente,
