3560 4232
1587 496 1706 609 -2-
541 921 2542 1085 Jahren im " Leben " eine Novelle, die gleichfalls
541 1085 2684 1258 mit einem nächtlichen Vabanquespiel beginnt. So dachte
558 1236 2669 1403 ich mir die Fortsetzung Ihres "Spieles " analog; ich
558 1414 2630 1536 dachte, dass der Konsul im Verlauf der Begebenheiten
561 1539 2735 1740 eine entscheidende Rolle spielen und dass die Erklärung
561 1734 2698 1890 seiner rätselhaften Existenz den unglücklichen Spieler
570 1865 2845 2009 erlösen werde. Aber die Geschichte biegt so unerwartet um!
561 2003 2820 2162 Dass der Oberleutnant seinen äusserlich banalen Tod nicht
558 2176 2718 2344 um des Kartenspiels willen stirbt, sondern ihn sterben
570 2321 2737 2482 muss Mm des längst vergessenen Spiels mit armen Frauen-
572 2448 2760 2650 herzen willen, ist wunderbar, echt dichterisch:- Lassen
1833 2630 2746 2771 : Fräulein Else, Traum¬
567 2633 1553 2817 Sie mich noch darauf los
575 2800 2820 2987 novelle - was sind das für grossartige Sachen! Ich hoffe,
578 2953 2831 3131 Sie nehmen es mir nicht übel, dass ich mich, wie seit je-
575 3109 2142 3296 her, so bedingungslos zu Ihnen bekenne.
776 3247 2451 3460 Mit den herzlichsten Grüssen Ihr ergebener
2423 3537 3086 3698 Heinrich Teweles
