3512 4200
1687 395 1775 568 -2
648 697 2554 947 glaube, welche Anregung ich in ihr gefunden habe
653 911 2629 1106 und würde mich freuen, wenn Ihnen diese Zeilen die
656 1040 2607 1224 meiner Meinung nach schönste Genugtuung geben wür-
664 1221 2692 1405 den, die ein Recipierender einem Schaffenden bieten
672 1383 2766 1550 kann: Das Bewusstsein - wenigstens zum Teil - richtig
686 1520 1737 1731 verstanden worden zu sein:
914 1630 2730 1836 Das, was wir "Geist" nennen, ist jenes Element,
694 1833 2752 2011 das die Welt der Erscheinungen ordnet, das verbindet
691 1981 2900 2162 und das Verbundene wieder auflöst, und dadurch " schöpft
705 2107 2807 2329 und vernichtet"."Geistesverfassung" ist also die Art
716 2266 2851 2478 sich der Welt der Erscheinungen gegenüber einzustellen
716 2453 2733 2637 und hier gibt es schon zwei Grundcharakter: den po-
727 2596 2788 2774 sitiven, bejahenden, der ordnet, verbindet, schafft;
730 2725 2752 2933 den negativen, verneinenden, der verwirrt, auflöst,
746 2928 1202 3106 vernichtet.
933 3073 2799 3246 Innerhalb dieser beiden Grundcharakter variiert
746 3202 2788 3441 aber die geistige Verfassung noch je nach dem Stand-
