3432 4200
1661 469 1756 644 -6
627 754 2735 951 Ich bin mir aber wol bewusst, dass man mit Prinzipien
632 938 2799 1068 die Fülle des Lebendigen nicht erschöpfen kann und dass
638 1046 2716 1257 diese "Typen aus reiner Vernunft" ganz blass erschei-
630 1223 2724 1359 nen gegen die Typen die Sie als Naturforscher aus dem
635 1334 2735 1531 Leben selbst herausgegriffen und in ihren Beziehungen
638 1506 2760 1714 in so wundervoller Weise dargestellt und erläutert ha-
644 1648 2871 1892 ben, dass sich ganz neue Blicke in die Tiefen des Mensch-
644 1864 1295 2025 lichen eröffnen.
1098 1953 2754 2155 Indem ich meinen innigen Dank für Ihre Ga-
649 2158 2702 2291 be und Ihre freundliche Gesinnung wiederhole bin ich
632 2283 2574 2524 mit dem Ausdrucke tiefer und herzlicher Verehrung
1997 2535 2530 2752 Ihr ergebener
2502 2874 2849 3048 Dr. Loeb,
