3352 4232
1493 371 1600 570 -2-
352 880 2447 1057 mir, dass eine gewisse innere Verwandtschaft zwischen
357 1016 2477 1194 Ihrem oben erwähnten Werke und meinen bescheidenen Ge-
368 1158 2477 1343 danken obwaltet. Ich versuche eine Weltanschauung auf-
368 1341 2376 1485 zubauen, die man als " polare "bezeichnen kann und
379 1501 2414 1670 wenn ich Sie recht verstanden habe, so enthielt Ihre
379 1640 2499 1804 Schrift die Abhandlung einerÖPolaritätserscheinung auf
403 1779 2537 1970 dem wichtigsten Gebiete menschlichen Lebens: dem Geist,
395 1913 2477 2147 der sich selbst „polar“ in " Wort “ und “ Tat” ( Ge¬
403 2090 2439 2270 danken und Wille ) manifestiert. So darf ich hoffen,
414 2256 2602 2414 einiges Interesse bei Ihnen zu finden, zumal die Lektüre
414 2393 2504 2586 der kurzen Abhandlung Ihre Zeit nicht ungebührlich in
411 2602 1259 2752 Anspruch nehmen wird.
708 2709 2526 2886 Ich muss Sie bitten, mir das Manuscript einst-
428 2878 2545 3027 weilen wieder zurückzusenden, bis es mir vergönnt ist,
436 3033 1973 3229 Ihnen ein Druckexemplar zu überreichen.
752 3161 2611 3387 Seien Sie, sehr verehrter Herr Doktor, nochmals
