6632 4296
4885 354 6286 611 Kaiserswerth am Rhein d. 17. 2. 27.
3461 377 4271 709 Elita Eulenburg
4293 1080 5027 1220 Hochgeehrter Herr!
5116 1295 6046 1507 auf das allerherzlichste
3771 1493 5876 1711 danke ich Ihnen - auch im Namen meines Eulenberg - für
3785 1678 5906 1848 das so ausserordentlich anregende Büchlein: "Der Geist
2786 1772 2987 1965 M
3785 1803 5887 1999 im Wort und der Geist in der Tat.“. Ich habe es einst-
3802 1971 6043 2152 weilen für meinen Gatten, der es sich eben auf eine Reise
3793 2079 5915 2317 nach Aegypten mitnimmt, gelesen - mit einem Wohlgefühl,
3796 2275 5962 2467 wie ich es lange nicht mehr bei einer derartigen Morpho-
3807 2392 5943 2604 logie empfunden habe. Das Buch spricht in einer unüber-
3813 2571 6057 2794 trefflich klaren Weise die ethische Schichtung aus, in der
3824 2702 5923 2914 wir zu leben gezwungen sind und aus seiner wohltuenden
3827 2906 5970 3062 Amoralität spricht mit entzückender Stimmfestigkeit ein
3830 2987 5979 3241 Höheres Ethisches! Seien Sie herzlich bedankt verehrter
3838 3149 6049 3394 Meister! Sie haben auch "uns Frauen " mit dieser Schrift
3835 3347 5965 3581 im " moralischen Chaos der Zeit einen Dienst erwiesen.
3838 3553 5789 3726 Denn Leben ist nicht nötig - aber Ordnung machen!
