3576 4200
1629 467 1739 554 -5-
627 824 2448 942 verfassung - ist es lediglich die Reaktionsart
627 982 2522 1109 auf alles Geschehen! Eine Resonnancebereitschaft
627 1124 1715 1294 oder ein Produktives Etwas!
947 1277 2524 1434 Verzeihen Sie, verehrtester Doktor, alle
630 1429 2605 1601 diese Fragen - sie aber drängten sich mir auf und
635 1577 2536 1759 Niemand wird besser zu antworten wissen als eben
637 1806 819 1904 Sie.
790 1867 2074 2039 Nochmals vielen herzlichen Dank.
1041 2047 2507 2239 In tiefster Bewunderung und Verehrung
2081 2209 2696 2376 Ihr ergebenster
2044 2499 2558 2667 Dr. E. Pulay
