6744 4328
5160 365 5959 665 Wien, 4. März 1927
3440 407 4470 736 M & Hartlieb
4401 1022 5454 1313 Hochverehrter Herr Doktor.
4077 1333 5838 1676 Die überaus gütige Uebersendung Ihrer kühnen
3781 1497 5899 1780 und wundervollen Schrift glaube ich als eine Auszeich-
3794 1698 5770 1959 nung betrachten zu dürfen. Ich erlaube mir, meinen
3803 1794 6017 2110 Dank für diese Ueberraschung auszusprechen, und ergreife
3822 1956 5902 2242 die Gelegenheit, um den Ausdruck meiner höchsten Ver-
3844 2146 5473 2399 ehrung zu erneuern, mit dem ich verbleibe
5283 2379 5696 2605 ergebenst
5283 2555 5759 2786 Herlla
