6520 4168
3325 326 4144 636 Friedra Adler
4943 478 6098 656 Prag - Smichow 1. III. 1927
4302 982 5341 1186 Hochverehrter Herr Doktor!
3648 1287 5656 1522 Sie haben mir mit Ihrem liebenswürdigen Glückwunsch
3669 1535 5591 1661 eine ganz besondere Freude gemacht. Sie wissen ja
3677 1690 5656 1847 lange, wieviel Sie mir bedeuten. Sie sind heute für
3679 1829 5689 2005 mich der einzige Dichter, der die unübersteigerliche
3679 1951 5589 2152 Grenzlinie zwischen dem Dichter und dem Literaten
3674 2137 5656 2336 mit solcher Entschiedenheit ziehen darf, wie Sie es
3692 2269 5524 2462 in der mir freundlichst gewidmeten Schrift tun,
4116 2411 5788 2615 Ich habe dieses Werk mit grösstem Interesse
3695 2589 5633 2780 gelesen, aber ich muss gestehen, dass ich es noch
3687 2752 5560 2971 mehrmals tun muss, um den überreichen Gehalt in
3695 2958 4413 3095 mich aufzunehmen.
4157 3026 5819 3225 Die Zusammenfassung in den zwei Diogrammen
3700 3186 5777 3421 hat mich unwillkürlich an Spinoza erinnert, der seine
