6472 4120
4565 307 4724 520 -3-
3598 655 5603 900 den Weg gezeigt haben, das Volk der philosophischen
3598 873 5592 1038 Kärrner, an dem kein Land so reich ist wie Deutsch-
3592 997 5692 1186 land, mit Schotterzufuhren und bequemer Ausharrschung,
3609 1202 5616 1348 mit Anlage von Abzugsgräben und seitlicher Rasenver-
3603 1321 5495 1482 brämung nicht kargen wird. Es bedarf oft nur des
3609 1498 5576 1649 Manifestes eines grossen Dichter, ( aber es bedarf
3622 1601 5711 1803 seiner ), damit eine Welt entstehe. Mir kommen hiebei
3622 1784 5557 1951 die x Seiten des Kommunistischen in den Sinn und
3614 1967 5536 2148 die neue Art von Geschichtswissenschaft, die sich
3622 2124 4617 2302 über ihnen aufgebaut hat.
3622 2218 5536 2415 Wenn ich, der Skeptiker, einen kritisierenden
3614 2401 5783 2606 Kärrnerbeitrag liefern darf, so würde er der " ideellen
3625 2563 5684 2733 unüberschreitbaren Grenzlinie “gelten, die Ihre Dia-
3309 2463 3530 2717 E
3633 2725 5584 2927 gramme zwischen den positiven und negativen Typen
3630 2859 5638 3064 ziehen. Es ist mir klar, dass die Urtypen nicht em-
3638 3037 5670 3247 pirisch konstatierte Haupterscheinungsformen mensch-
3606 3374 4064 3509 x wenigen
