6520 4200
3278 377 4072 689 Prof. Warnold
5132 463 5709 666 W. 11. 2. 27.
4221 1094 4595 1300 V. M. Dr!
3795 1334 5704 1592 Herzlichen Dank für Ihre geistreiche Studie, die,
3660 1569 5681 1737 wie selten eine, zum Weiterdenken anregt und die un-
3658 1706 5729 1955 begrenzten Möglichkeiten mindestens der männl. Psyche
3660 1860 5858 2103 auf wenige grosse Typen zurückführt. Dass den Historiker
3683 2040 5895 2266 Ihre tiefsinnige Erfassung seines innersten Wesens, viel-
3686 2203 5704 2426 mehr der Idealität seines Berufes besonders erfreut,
3695 2369 5269 2595 ja gerührt hat, sei nicht verschwiegen.-
3703 2480 5875 2686 In der " Encyclopedia Britannica " ( 13. Aufl.) habe ich
3718 2597 5898 2832 (die beiden Bände erschienen vor einigen Monaten u. ich
3712 2760 5869 3003 selbst habe sie noch nicht gesehen) Ihr Schaffen sowohl
3723 2946 5918 3163 in einem Artikel "Modern Austrian Literature" als auch
3729 3100 5741 3335 in einem besonderen ( drei andre befassten sich mit
3726 3255 6029 3529 Hofmannsthal, Kraus, Schönherr ) kurz hu würdigen versucht.
