6568 4200
4699 417 4851 505 -2-
3733 866 5502 978 Der von Ihnen unternommene Versuch, die alten
3738 1059 5500 1127 theophrastisch - La - Bougêneschen Bemühungen
3750 1196 5712 1271 von einem höheren Gesichtspunkte aus auf wiederauf¬
3733 1340 5573 1432 zunehmen und in das Wirrsal der uns umdrängenden
3762 1493 5644 1588 (und schliesslich auch in uns selbst häufenden )
3738 1642 5573 1745 menschlichen Charakteren durch Auszeichnung und
3750 1835 5644 1896 vergleichende Gegenüberstellung von Urtypen rein¬
3758 1959 5544 2052 liche Ordnung zu bringen, den Bestand gewisser
3762 2098 5580 2206 Geistesverfassungen, gesondert von Begabung und
3750 2272 5544 2357 Seelenzuständen, hervorzuholen und dadurch der
3755 2413 5690 2508 Charakterisierung von Einzelindividuen die sichere
3758 2586 5551 2667 Grundlage des feststehenden Vergleichstypus zu
3758 2735 5600 2823 schaffen, ist ungeheuer interessant und wie ich
3750 2889 5556 2982 meine, wertvoll; er scheint mir geeignet, eine
3760 3043 5702 3145 noch fehlende Disciplin der Charakterologie einzu¬
3758 3206 5646 3301 leiten, und ich bin sicher, dass nunmehr, da Sie
