<?xml version="1.0" encoding="UTF-8" standalone="yes"?>
<PcGts xmlns="http://schema.primaresearch.org/PAGE/gts/pagecontent/2013-07-15" xmlns:xsi="http://www.w3.org/2001/XMLSchema-instance" xsi:schemaLocation="http://schema.primaresearch.org/PAGE/gts/pagecontent/2013-07-15 http://schema.primaresearch.org/PAGE/gts/pagecontent/2013-07-15/pagecontent.xsd">
    <Metadata>
        <Creator>prov=READ-COOP:name=TrHtr:version=2.1.0:model_id=51170:date=28_07_2023_03:04</Creator>
        <Created>2023-05-10T11:15:51.078+02:00</Created>
        <LastChange>2023-07-28T03:04:45.249+02:00</LastChange>
        <TranskribusMetadata docId="1428139" pageId="55385181" pageNr="107" tsid="131314973" status="IN_PROGRESS" userId="64420" imgUrl="https://files.transkribus.eu/Get?id=BLMUJDKKSWYRITUIHYEZEKXB&amp;fileType=view" xmlUrl="https://files.transkribus.eu/Get?id=HRJUNMBXYWOJESMJTFJSUNPU" imageId="44660080"/>
    </Metadata>
    <Page imageFilename="1428139_0107.jpg" imageWidth="3368" imageHeight="4184">
        <ReadingOrder>
            <OrderedGroup id="ro_1711823314156" caption="Regions reading order">
                <RegionRefIndexed index="0" regionRef="tr_1"/>
                <RegionRefIndexed index="1" regionRef="tr_2"/>
            </OrderedGroup>
        </ReadingOrder>
        <TextRegion id="tr_1" custom="readingOrder {index:0;}">
            <Coords points="241,245 2662,245 2662,1913 241,1913"/>
            <TextLine id="tr_1_tl_1" custom="readingOrder {index:0;}">
                <Coords points="224,326 250,329 256,323 276,323 299,331 323,323 337,337 355,334 355,218 340,218 326,230 297,236 282,250 267,244 262,250 244,238 224,241"/>
                <Baseline points="241,295 286,298 331,295 361,295"/>
                <TextEquiv>
                    <Unicode>"</Unicode>
                </TextEquiv>
            </TextLine>
            <TextLine id="tr_1_tl_2" custom="readingOrder {index:1;}">
                <Coords points="1512,564 1526,564 1550,579 1570,573 1590,587 1605,584 1608,590 1631,593 1634,503 1619,503 1608,491 1590,486 1573,494 1556,512 1526,486 1512,486"/>
                <Baseline points="1527,552 1551,552 1596,552 1641,549"/>
                <TextEquiv>
                    <Unicode>—2—</Unicode>
                </TextEquiv>
            </TextLine>
            <TextLine id="tr_1_tl_3" custom="readingOrder {index:2;}">
                <Coords points="381,1009 1041,1032 1896,925 2236,980 2425,948 2428,861 1881,872 1785,805 919,904 387,846"/>
                <Baseline points="396,975 420,975 465,972 510,972 555,972 599,969 644,969 689,969 734,966 778,963 823,960 868,960 913,957 957,957 1002,957 1047,954 1092,954 1137,951 1181,951 1226,949 1271,946 1316,946 1360,943 1405,940 1450,943 1495,940 1539,937 1584,937 1629,934 1674,934 1718,937 1763,934 1808,931 1853,931 1898,931 1942,928 1987,925 2032,925 2077,922 2121,922 2166,919 2211,919 2256,916 2300,913 2345,913 2390,910 2435,907"/>
                <TextEquiv>
                    <Unicode>auch in jedem Satze dieses Buches Ihre ganze Persön¬</Unicode>
                </TextEquiv>
            </TextLine>
            <TextLine id="tr_1_tl_4" custom="readingOrder {index:3;}">
                <Coords points="381,1157 2495,1116 2500,959 384,1061"/>
                <Baseline points="396,1131 402,1131 447,1128 492,1128 537,1128 581,1125 626,1125 671,1122 716,1122 760,1119 805,1116 850,1116 895,1113 940,1113 984,1110 1029,1110 1074,1110 1119,1107 1163,1107 1208,1104 1253,1104 1298,1101 1342,1098 1387,1098 1432,1095 1477,1095 1521,1095 1566,1092 1611,1092 1656,1089 1701,1086 1745,1086 1790,1083 1835,1083 1880,1083 1924,1080 1969,1080 2014,1080 2059,1077 2103,1077 2148,1077 2193,1071 2238,1071 2282,1071 2327,1068 2372,1068 2417,1065 2462,1062 2506,1059"/>
                <TextEquiv>
                    <Unicode>lichkeit. Bei manchem Worte erinnerte ich mich der un-</Unicode>
                </TextEquiv>
            </TextLine>
            <TextLine id="tr_1_tl_5" custom="readingOrder {index:4;}">
                <Coords points="395,1349 2114,1239 2544,1337 2550,1140 1933,1111 1745,1198 398,1233"/>
                <Baseline points="411,1283 450,1283 495,1283 540,1277 584,1280 629,1280 674,1277 719,1277 763,1274 808,1274 853,1271 898,1268 943,1268 987,1265 1032,1262 1077,1262 1122,1262 1166,1262 1211,1259 1256,1259 1301,1256 1345,1256 1390,1253 1435,1253 1480,1253 1524,1247 1569,1250 1614,1247 1659,1244 1704,1241 1748,1241 1793,1241 1838,1238 1883,1235 1927,1235 1972,1235 2017,1232 2062,1232 2106,1229 2151,1229 2196,1226 2241,1226 2285,1223 2330,1220 2375,1220 2420,1217 2465,1217 2509,1214 2554,1214"/>
                <TextEquiv>
                    <Unicode>vergesslichen Abende, die ich früher oft bei Ihnen ver-</Unicode>
                </TextEquiv>
            </TextLine>
            <TextLine id="tr_1_tl_6" custom="readingOrder {index:5;}">
                <Coords points="390,1477 1564,1468 1832,1401 2367,1448 2390,1332 1939,1271 965,1384 395,1349"/>
                <Baseline points="408,1441 426,1441 471,1438 516,1438 561,1435 605,1435 650,1432 695,1432 740,1432 784,1429 829,1426 874,1426 919,1423 963,1423 1008,1420 1053,1417 1098,1417 1142,1417 1187,1417 1232,1414 1277,1411 1322,1411 1366,1408 1411,1405 1456,1405 1501,1405 1545,1402 1590,1402 1635,1399 1680,1399 1724,1396 1769,1393 1814,1393 1859,1390 1903,1387 1948,1387 1993,1384 2038,1384 2083,1381 2127,1381 2172,1378 2217,1378 2262,1378 2306,1375 2351,1375 2396,1375"/>
                <TextEquiv>
                    <Unicode>bringen durfte, als ich noch nicht abends immer im</Unicode>
                </TextEquiv>
            </TextLine>
            <TextLine id="tr_1_tl_7" custom="readingOrder {index:6;}">
                <Coords points="387,1622 2617,1576 2660,1454 390,1521"/>
                <Baseline points="405,1593 423,1593 468,1593 513,1590 558,1590 602,1590 647,1590 692,1587 737,1587 781,1584 826,1581 871,1578 916,1575 960,1575 1005,1572 1050,1575 1095,1572 1140,1572 1184,1569 1229,1569 1274,1566 1319,1566 1363,1563 1408,1563 1453,1563 1498,1560 1542,1557 1587,1557 1632,1557 1677,1554 1721,1551 1766,1548 1811,1548 1856,1545 1901,1545 1945,1545 1990,1542 2035,1542 2080,1542 2124,1539 2169,1536 2214,1533 2259,1533 2303,1530 2348,1530 2393,1530 2438,1527 2482,1524 2527,1521 2572,1521 2617,1521 2662,1521"/>
                <TextEquiv>
                    <Unicode>Bureau sein musste. Wieviel ich diesen Abenden und diesen</Unicode>
                </TextEquiv>
            </TextLine>
            <TextLine id="tr_1_tl_8" custom="readingOrder {index:7;}">
                <Coords points="401,1774 2352,1750 2468,1710 2468,1628 404,1681"/>
                <Baseline points="420,1748 459,1745 504,1745 549,1745 593,1745 638,1742 683,1742 728,1739 772,1736 817,1736 862,1733 907,1733 951,1730 996,1730 1041,1730 1086,1727 1131,1727 1175,1727 1220,1724 1265,1721 1310,1718 1354,1718 1399,1718 1444,1715 1489,1712 1533,1712 1578,1710 1623,1710 1668,1710 1712,1707 1757,1704 1802,1701 1847,1704 1892,1701 1936,1701 1981,1698 2026,1695 2071,1695 2115,1692 2160,1695 2205,1692 2250,1692 2294,1689 2339,1689 2384,1686 2429,1683 2473,1680"/>
                <TextEquiv>
                    <Unicode>Gesprächen verdanke, das ist mir während der letzten</Unicode>
                </TextEquiv>
            </TextLine>
            <TextLine id="tr_1_tl_9" custom="readingOrder {index:8;}">
                <Coords points="398,1904 2329,1928 2538,1855 2541,1782 401,1823"/>
                <Baseline points="414,1901 441,1903 486,1901 531,1901 575,1901 620,1901 665,1898 710,1895 755,1895 799,1895 844,1892 889,1889 934,1886 978,1883 1023,1883 1068,1880 1113,1883 1157,1880 1202,1880 1247,1877 1292,1877 1336,1877 1381,1874 1426,1874 1471,1868 1516,1868 1560,1865 1605,1865 1650,1862 1695,1862 1739,1859 1784,1856 1829,1856 1874,1856 1918,1853 1963,1853 2008,1853 2053,1850 2097,1850 2142,1847 2187,1847 2232,1844 2277,1844 2321,1841 2366,1838 2411,1838 2456,1835 2500,1835 2545,1835"/>
                <TextEquiv>
                    <Unicode>Jahre oft zum Bewusstsein gekommen, wenn ich in Gefahr</Unicode>
                </TextEquiv>
            </TextLine>
        </TextRegion>
        <TextRegion id="tr_2" custom="readingOrder {index:1;}">
            <Coords points="420,1937 2781,1937 2781,3316 420,3316"/>
            <TextLine id="tr_2_tl_1" custom="readingOrder {index:0;}">
                <Coords points="404,2085 2425,2061 2515,2044 2521,1884 1570,1977 677,1936 407,2012"/>
                <Baseline points="420,2056 462,2056 507,2059 552,2059 596,2056 641,2053 686,2053 731,2050 775,2047 820,2047 865,2044 910,2044 954,2041 999,2038 1044,2038 1089,2035 1134,2035 1178,2032 1223,2032 1268,2029 1313,2026 1357,2026 1402,2026 1447,2023 1492,2023 1536,2023 1581,2020 1626,2020 1671,2017 1715,2014 1760,2014 1805,2014 1850,2014 1895,2011 1939,2008 1984,2008 2029,2005 2074,2005 2118,2002 2163,2002 2208,1999 2253,1999 2297,1996 2342,1996 2387,1993 2432,1990 2476,1987 2521,1990"/>
                <TextEquiv>
                    <Unicode>war, mich in Kleinigkeiten zu zersplittern und an den</Unicode>
                </TextEquiv>
            </TextLine>
            <TextLine id="tr_2_tl_2" custom="readingOrder {index:1;}">
                <Coords points="404,2282 515,2242 596,2265 797,2230 849,2268 1058,2259 1180,2216 1294,2265 1384,2247 1387,2117 1189,2099 901,2152 837,2108 657,2154 410,2152"/>
                <Baseline points="423,2214 450,2214 495,2211 540,2208 584,2211 629,2205 674,2205 719,2202 763,2202 808,2202 853,2199 898,2196 943,2196 987,2193 1032,2193 1077,2190 1122,2190 1166,2187 1211,2184 1256,2184 1301,2184 1345,2184 1390,2181"/>
                <TextEquiv>
                    <Unicode>Augenblick zu verlieren.</Unicode>
                </TextEquiv>
            </TextLine>
            <TextLine id="tr_2_tl_3" custom="readingOrder {index:2;}">
                <Coords points="768,2402 2198,2311 2675,2358 2695,2224 2364,2175 1721,2277 770,2285"/>
                <Baseline points="784,2354 823,2351 868,2348 913,2348 957,2348 1002,2345 1047,2342 1092,2345 1137,2339 1181,2339 1226,2336 1271,2336 1316,2336 1360,2333 1405,2333 1450,2333 1495,2330 1539,2327 1584,2327 1629,2324 1674,2324 1718,2321 1763,2321 1808,2318 1853,2318 1898,2312 1942,2312 1987,2312 2032,2309 2077,2309 2121,2306 2166,2303 2211,2303 2256,2300 2300,2300 2345,2300 2390,2297 2435,2297 2479,2294 2524,2294 2569,2291 2614,2291 2659,2291 2703,2288"/>
                <TextEquiv>
                    <Unicode>Neulich habe ich in einer schweizerischen Zeitung</Unicode>
                </TextEquiv>
            </TextLine>
            <TextLine id="tr_2_tl_4" custom="readingOrder {index:3;}">
                <Coords points="424,2573 1782,2489 2407,2532 2666,2474 2672,2370 427,2448"/>
                <Baseline points="441,2527 483,2521 528,2518 572,2518 617,2515 662,2512 707,2512 752,2509 796,2509 841,2509 886,2506 931,2503 975,2506 1020,2500 1065,2497 1110,2494 1154,2494 1199,2491 1244,2491 1289,2491 1333,2491 1378,2488 1423,2485 1468,2485 1513,2485 1557,2482 1602,2479 1647,2479 1692,2476 1736,2476 1781,2473 1826,2473 1871,2468 1915,2468 1960,2468 2005,2468 2050,2465 2094,2462 2139,2462 2184,2459 2229,2459 2274,2459 2318,2456 2363,2456 2408,2456 2453,2453 2497,2450 2542,2450 2587,2447 2632,2447 2676,2450"/>
                <TextEquiv>
                    <Unicode>gelesen, dass sich Fräulein Lili in Venedig verlobt habe.</Unicode>
                </TextEquiv>
            </TextLine>
            <TextLine id="tr_2_tl_5" custom="readingOrder {index:4;}">
                <Coords points="413,2707 2579,2640 2608,2512 1509,2591 1055,2544 791,2620 419,2570"/>
                <Baseline points="432,2676 462,2676 507,2673 552,2670 596,2670 641,2667 686,2667 731,2667 775,2664 820,2662 865,2659 910,2659 954,2659 999,2659 1044,2656 1089,2653 1134,2653 1178,2650 1223,2650 1268,2647 1313,2647 1357,2647 1402,2647 1447,2644 1492,2641 1536,2641 1581,2641 1626,2638 1671,2635 1715,2632 1760,2632 1805,2629 1850,2626 1895,2623 1939,2623 1984,2620 2029,2620 2074,2620 2118,2617 2163,2617 2208,2614 2253,2614 2297,2614 2342,2614 2387,2611 2432,2605 2476,2605 2521,2605 2566,2602 2611,2605"/>
                <TextEquiv>
                    <Unicode>Da ist es mir zum Bewusstsein gekommen, dass die kleine</Unicode>
                </TextEquiv>
            </TextLine>
            <TextLine id="tr_2_tl_6" custom="readingOrder {index:5;}">
                <Coords points="416,2864 1273,2899 1468,2820 2591,2785 2593,2695 422,2750"/>
                <Baseline points="435,2832 450,2832 495,2826 540,2826 584,2826 629,2826 674,2826 719,2826 763,2823 808,2820 853,2820 898,2817 943,2814 987,2814 1032,2811 1077,2811 1122,2808 1166,2808 1211,2805 1256,2805 1301,2802 1345,2799 1390,2799 1435,2796 1480,2796 1524,2793 1569,2793 1614,2793 1659,2790 1704,2787 1748,2784 1793,2784 1838,2781 1883,2781 1927,2778 1972,2778 2017,2775 2062,2775 2106,2772 2151,2769 2196,2766 2241,2766 2285,2766 2330,2766 2375,2763 2420,2763 2465,2763 2509,2760 2554,2763 2599,2763"/>
                <TextEquiv>
                    <Unicode>Lili, die ich als einen entzückenden Wildfang von zehn,</Unicode>
                </TextEquiv>
            </TextLine>
            <TextLine id="tr_2_tl_7" custom="readingOrder {index:6;}">
                <Coords points="433,3009 1538,2963 1811,3018 2364,2928 2515,2983 2573,2841 436,2913"/>
                <Baseline points="450,2987 471,2987 516,2987 561,2984 605,2981 650,2981 695,2981 740,2978 784,2978 829,2975 874,2975 919,2972 963,2969 1008,2969 1053,2966 1098,2966 1142,2963 1187,2963 1232,2963 1277,2960 1322,2957 1366,2957 1411,2954 1456,2954 1501,2954 1545,2951 1590,2951 1635,2948 1680,2945 1724,2945 1769,2942 1814,2942 1859,2939 1903,2936 1948,2933 1993,2933 2038,2930 2083,2930 2127,2930 2172,2927 2217,2927 2262,2924 2306,2921 2351,2918 2396,2918 2441,2918 2485,2915 2530,2921 2575,2921"/>
                <TextEquiv>
                    <Unicode>elf Jahren in Erinnerung habe, nun auch schon anfängt,</Unicode>
                </TextEquiv>
            </TextLine>
            <TextLine id="tr_2_tl_8" custom="readingOrder {index:7;}">
                <Coords points="442,3222 2756,3117 2759,2980 448,3088"/>
                <Baseline points="462,3151 480,3148 525,3145 570,3145 614,3145 659,3142 704,3139 749,3136 793,3136 838,3136 883,3133 928,3133 972,3130 1017,3130 1062,3127 1107,3124 1151,3124 1196,3121 1241,3121 1286,3121 1331,3118 1375,3118 1420,3115 1465,3112 1510,3112 1554,3112 1599,3109 1644,3106 1689,3103 1733,3100 1778,3100 1823,3097 1868,3097 1912,3094 1957,3094 2002,3091 2047,3088 2092,3085 2136,3085 2181,3085 2226,3082 2271,3082 2315,3079 2360,3076 2405,3076 2450,3073 2494,3073 2539,3073 2584,3070 2629,3070 2673,3067 2718,3070 2763,3067"/>
                <TextEquiv>
                    <Unicode>erwachsen zu werden. Ich erinnere mich noch, wie sie Ihnen,</Unicode>
                </TextEquiv>
            </TextLine>
            <TextLine id="tr_2_tl_9" custom="readingOrder {index:8;}">
                <Coords points="439,3344 1273,3387 1553,3274 2771,3291 2777,3152 442,3219"/>
                <Baseline points="456,3306 498,3306 543,3306 587,3303 632,3303 677,3303 722,3303 766,3300 811,3297 856,3294 901,3294 946,3291 990,3291 1035,3288 1080,3285 1125,3285 1169,3282 1214,3282 1259,3279 1304,3276 1348,3276 1393,3276 1438,3276 1483,3276 1527,3273 1572,3270 1617,3264 1662,3264 1707,3264 1751,3261 1796,3261 1841,3255 1886,3252 1930,3252 1975,3249 2020,3246 2065,3243 2109,3243 2154,3243 2199,3240 2244,3237 2288,3237 2333,3237 2378,3234 2423,3232 2468,3232 2512,3229 2557,3226 2602,3226 2647,3226 2691,3229 2736,3229 2781,3232"/>
                <TextEquiv>
                    <Unicode>sehr verehrter Herr Doktor, immer auf den Schossikletterte,</Unicode>
                </TextEquiv>
            </TextLine>
        </TextRegion>
    </Page>
</PcGts>
