6504 4152
4678 473 4840 595 -2-
463 567 802 759 .Bai.l.
3636 822 5561 1002 weltumschaffenden Gedanken gleichfalls mit mathe-
3653 972 5665 1171 matischen Theorien verknüpft. Auch aus Ihren schein-
3653 1121 5594 1316 bar so kühlen Erörterungen brechen Flammen hervor,
3666 1311 5574 1483 und dass dem so ist, beweist unter anderem so ein
3663 1475 5576 1642 kräftiger, erfrischender Ausdruck, wie "Lausbub
3658 1617 5692 1801 Also nochmals herzlichsten Dank und die Versicherung
3679 1771 4744 1956 der unwandelbaren Verehrung
4612 2049 5455 2272 von Ihrem ergebensten
5209 2328 6011 2560 Dr, Friedrich Adler
