6664 4296
4879 403 5957 689 Wien, am 1. September 1927.
3302 444 3915 738 Olls Beyer
4179 1029 5363 1271 Sehr geehrter Herr Schnitzler,
4824 1334 5802 1522 Ich bin froh dass Sie den
3697 1484 5736 1715 Entschluss fassten diese kleine Brochure der "Geist
3713 1658 5135 1911 im Wort etz. " erscheinen zu lassen.
4830 1816 5856 1966 Wenn ich mir erlaube Ihnen
3724 1960 5774 2216 eine kleine Abänderung ihrer Diogramme zu senden, ge-
3738 2094 5859 2333 schieht dies ausschliesslich in dem Vertrauen, dass Sie
3733 2303 5682 2507 eine Variation Ihres Gedankens interessieren kann.
4851 2404 5938 2589 Wenn Sie mir dafür einen Ge-
3738 2546 5930 2791 fallen erweisen wollen, möchte ich gerne von Ihnen hören
3741 2714 5864 2946 wie hoch der Verlag seine Selbstkosten für Satz, Druck
3757 2880 5908 3134 und Vertrieb einschätzt, das Büchlein ist just die Form
3754 3017 5862 3256 in der ich ein eigenes Lieblingskind gelegentlich ver-
3752 3242 4590 3430 öffentlichen möchte.
4805 3332 5358 3534 Ihr ergebener
5342 3605 5932 3782 Otto A Breyer
