3544 4216
547 1029 2669 1199 denn ganz besonders wie Sie die Persönlichkeit als ein
1157 1230 2552 1350 der determinierenden Teilanlagen er¬
544 1397 2504 1503 fassen und nicht als eine Summe von Eigenschaften.
533 1556 2513 1668 Die Persönlichkeit ist gezeichnet durch eine ganze
544 1690 2702 1849 Erscheinung und dieses in die Erscheinung Treten wieder
544 1829 2529 1988 ist eine Funktion von Geistesverfassung und Seelen-
549 1958 731 2058 lage
558 2005 2669 2111 (ver)fassung also eine Funktion des der Persönlichkeit
547 2178 1436 2304 dominierenden Faktors.
544 2315 2733 2446 Wieso aber empfinden wir eine Persönlichkeit als solche.
547 2488 2652 2602 Worin wurzelt ihr Wesen! In der Leistung ( qualitativ
547 2616 2786 2766 oder quantitativ gefasst ) doch nicht - also worin? Diese
544 2744 2716 2909 Frage die mich so oft und oft beschäftigt - findele ich
544 2950 2713 3084 leider auch in Ihrem Werke nicht beantwortet. Was macht
547 3109 2613 3232 es eben aus - dass wir eine Persönlichkeit als gross
561 3254 2700 3374 empfinden? Doch nicht der Charakter, nicht die Geistes-
