6632 4312
3470 389 4059 700 Juli E. 149
3730 721 5615 922 Darf auch ich Ihnen, verehrter Herr Dokor, sagen,
3730 901 5692 1051 dass Ihre Schrift "Geist im Wort und Geist in der
3740 1070 5738 1199 Tat eine grosse Freude bereitet hat! Es erscheint
3740 1201 5663 1354 mir so ganz wesentlich, den heutigen Menschen die
3759 1370 5655 1526 geistige Realität des Göttlichen und Teuflischen
3759 1544 5741 1676 nahezubringen, die Menschen zu veranlassen, darüber
3754 1660 5722 1802 nachzudenken! Auch zahllose Einzelheiten haben mir
3764 1815 5762 1971 tiefen Eindruck gemacht, zum Beispiel die Bemerkung
3764 1941 5920 2116 von dem höllischen Hauch, den jede positive Geistigkeit
3770 2150 5722 2279 nicht entbehren kann. Und noch sehr vieles andere,
3764 2266 5810 2448 worüber ich in Gedanken lebhaft mit Ihnen diskutiert
3773 2437 5829 2555 habe. Viele i Dank, dass Sie das Büchlein geschrieben
3773 2561 5826 2724 haben. Besonders gespant bin ich, wie es aufgenommen
3775 2762 4290 2952 werden wird!
4228 2864 5794 3078 Aus herrlicher Lunzer Schneesonne viele
3764 3067 4317 3258 schöne Grüsse
4510 3183 5277 3400 Ihre ganz ergebene
5196 3459 5770 3711 Hella Eidlitz
702 3850 861 4113 cette
