3432 4200
1770 460 2567 646 I. Minoritenplatz 3
651 360 974 683 eant
296 389 609 643 G.H.
1781 635 2358 794 20 April 1927.
535 1058 1410 1323 Verehrter Herr Doktor!
627 1358 2675 1606 Vor wenigen Tagen von Paris zurückgekehrt, finde ich
556 1559 2551 1765 Ihre " vorläufigen Bemerkungen zu zwei Diogrammen".
556 1728 2683 1932 Ich danke Ihnen von Herzen für die schmeichelhafte Auf
564 1876 2654 2056 merksamkeit, die Sie mir durch die Uebersendung Ihres
574 2038 2697 2239 Werkes erwiesen haben, eben so wie für die Freude, die
585 2204 2125 2387 mir die lecture desselben bereitet hat,
659 2334 2609 2538 Ich hoffe,dassidieses so fesselnde, anregende und
598 2474 2691 2710 geistreiche Bändchen nun den Auftact zu noch weiteren
606 2638 2723 2850 Werken sein wird, mit denen Sie die deutsche Literatur
603 2792 2720 3033 und speciell unsere österreichische und Wiener Schule,
611 2964 2559 3183 deren ruhmwollster Vertreter Sie seit mehr als 30
617 3128 2665 3337 Jahren sind, berreichern und Ihre zahlreichen Bewun-
635 3308 1524 3485 derer erfreuen werden.
