<?xml version="1.0" encoding="UTF-8" standalone="yes"?>
<PcGts xmlns="http://schema.primaresearch.org/PAGE/gts/pagecontent/2013-07-15" xmlns:xsi="http://www.w3.org/2001/XMLSchema-instance" xsi:schemaLocation="http://schema.primaresearch.org/PAGE/gts/pagecontent/2013-07-15 http://schema.primaresearch.org/PAGE/gts/pagecontent/2013-07-15/pagecontent.xsd">
    <Metadata>
        <Creator>prov=READ-COOP:name=TrHtr:version=2.1.0:model_id=51170:date=28_07_2023_03:04</Creator>
        <Created>2023-05-10T11:15:46.395+02:00</Created>
        <LastChange>2023-07-28T03:04:38.851+02:00</LastChange>
        <TranskribusMetadata docId="1428139" pageId="55385068" pageNr="81" tsid="131314947" status="IN_PROGRESS" userId="64420" imgUrl="https://files.transkribus.eu/Get?id=AQUSCRWGXEANOULBYTBHDCKS&amp;fileType=view" xmlUrl="https://files.transkribus.eu/Get?id=TUNWTZKKUSGDEINGMEJXNXKQ" imageId="44659967"/>
    </Metadata>
    <Page imageFilename="1428139_0081.jpg" imageWidth="3576" imageHeight="4232">
        <ReadingOrder>
            <OrderedGroup id="ro_1711823291563" caption="Regions reading order">
                <RegionRefIndexed index="0" regionRef="tr_1"/>
            </OrderedGroup>
        </ReadingOrder>
        <TextRegion id="tr_1" custom="readingOrder {index:0;}">
            <Coords points="382,531 3205,531 3205,3621 382,3621"/>
            <TextLine id="tr_1_tl_1" custom="readingOrder {index:0;}">
                <Coords points="363,623 426,626 510,670 601,648 745,667 798,633 924,661 924,488 883,492 798,448 761,463 736,438 689,438 648,476 623,457 548,479 448,445 363,467"/>
                <Baseline points="382,587 426,587 471,584 516,584 561,584 605,584 650,584 695,581 740,584 784,584 829,584 874,584 919,590 927,591"/>
                <TextEquiv>
                    <Unicode>Roul Meugin</Unicode>
                </TextEquiv>
            </TextLine>
            <TextLine id="tr_1_tl_2" custom="readingOrder {index:1;}">
                <Coords points="2762,695 2828,692 2874,670 2937,714 3000,661 3047,654 3112,695 3141,673 3197,673 3194,589 3119,592 3094,576 3053,598 3022,579 2975,582 2931,551 2878,554 2821,595 2759,589"/>
                <Baseline points="2778,650 2823,653 2868,653 2912,656 2957,656 3002,659 3047,659 3091,659 3136,659 3181,659 3205,659"/>
                <TextEquiv>
                    <Unicode>3. VI. 27.</Unicode>
                </TextEquiv>
            </TextLine>
            <TextLine id="tr_1_tl_3" custom="readingOrder {index:2;}">
                <Coords points="1155,1152 1534,1152 1678,1218 2042,1159 2189,1190 2186,1033 1898,1058 1703,996 1550,1049 1353,999 1152,1027"/>
                <Baseline points="1172,1101 1217,1104 1262,1104 1307,1104 1351,1104 1396,1104 1441,1104 1486,1107 1531,1107 1575,1104 1620,1107 1665,1107 1710,1107 1754,1107 1799,1107 1844,1104 1889,1107 1933,1107 1978,1107 2023,1110 2068,1113 2113,1113 2157,1116 2196,1122"/>
                <TextEquiv>
                    <Unicode>Hochverehrter Herr Doktor,</Unicode>
                </TextEquiv>
            </TextLine>
            <TextLine id="tr_1_tl_4" custom="readingOrder {index:3;}">
                <Coords points="773,1437 2292,1431 2809,1519 2806,1318 773,1353"/>
                <Baseline points="790,1411 835,1408 880,1408 925,1411 969,1408 1014,1408 1059,1411 1104,1411 1149,1411 1193,1411 1238,1411 1283,1411 1328,1411 1372,1411 1417,1414 1462,1414 1507,1414 1551,1417 1596,1414 1641,1417 1686,1417 1731,1417 1775,1417 1820,1417 1865,1417 1910,1417 1954,1417 1999,1420 2044,1417 2089,1417 2133,1417 2178,1417 2223,1417 2268,1417 2312,1420 2357,1420 2402,1420 2447,1420 2492,1420 2536,1423 2581,1423 2626,1423 2671,1423 2715,1423 2760,1423 2805,1420 2811,1423"/>
                <TextEquiv>
                    <Unicode>als ich Anfangs Mai nach einem längeren Erholungsur-</Unicode>
                </TextEquiv>
            </TextLine>
            <TextLine id="tr_1_tl_5" custom="readingOrder {index:4;}">
                <Coords points="611,1569 2821,1591 2821,1528 2652,1497 611,1472"/>
                <Baseline points="629,1566 674,1563 719,1563 764,1563 808,1566 853,1563 898,1563 943,1566 987,1563 1032,1563 1077,1563 1122,1566 1166,1566 1211,1563 1256,1566 1301,1566 1346,1566 1390,1566 1435,1563 1480,1569 1525,1569 1569,1569 1614,1572 1659,1569 1704,1569 1748,1572 1793,1569 1838,1572 1883,1572 1927,1572 1972,1572 2017,1575 2062,1572 2107,1575 2151,1575 2196,1575 2241,1575 2286,1575 2330,1575 2375,1578 2420,1578 2465,1578 2509,1575 2554,1578 2599,1575 2644,1575 2689,1578 2733,1578 2778,1578 2823,1578 2829,1578"/>
                <TextEquiv>
                    <Unicode>laub in meine hiesige Stellung zurückkehrte, fand ich zu</Unicode>
                </TextEquiv>
            </TextLine>
            <TextLine id="tr_1_tl_6" custom="readingOrder {index:5;}">
                <Coords points="607,1744 2120,1735 2464,1813 2621,1728 2900,1747 2900,1678 2646,1635 607,1647"/>
                <Baseline points="626,1716 671,1716 716,1716 761,1719 805,1719 850,1719 895,1719 940,1719 984,1716 1029,1716 1074,1719 1119,1719 1163,1719 1208,1719 1253,1719 1298,1722 1343,1722 1387,1722 1432,1722 1477,1722 1522,1722 1566,1722 1611,1722 1656,1722 1701,1725 1745,1725 1790,1725 1835,1725 1880,1725 1924,1725 1969,1725 2014,1728 2059,1725 2104,1728 2148,1728 2193,1728 2238,1728 2283,1728 2327,1728 2372,1728 2417,1728 2462,1728 2506,1728 2551,1728 2596,1728 2641,1731 2686,1728 2730,1731 2775,1731 2820,1731 2865,1731 2906,1733"/>
                <TextEquiv>
                    <Unicode>meiner grossen Freude Ihr Buch vor, welches mir S. Fischer</Unicode>
                </TextEquiv>
            </TextLine>
            <TextLine id="tr_1_tl_7" custom="readingOrder {index:6;}">
                <Coords points="604,1891 2972,1957 2972,1813 604,1800"/>
                <Baseline points="623,1868 668,1871 713,1871 758,1871 802,1871 847,1871 892,1871 937,1871 981,1871 1026,1871 1071,1874 1116,1877 1160,1877 1205,1877 1250,1877 1295,1874 1340,1877 1384,1877 1429,1877 1474,1877 1519,1877 1563,1877 1608,1880 1653,1880 1698,1877 1742,1880 1787,1880 1832,1880 1877,1880 1922,1880 1966,1880 2011,1880 2056,1880 2101,1883 2145,1880 2190,1883 2235,1883 2280,1883 2324,1883 2369,1883 2414,1883 2459,1883 2503,1883 2548,1883 2593,1883 2638,1883 2683,1883 2727,1886 2772,1886 2817,1886 2862,1886 2906,1886 2951,1886 2978,1889"/>
                <TextEquiv>
                    <Unicode>in Ihrem Auftrag geschickt hatte. Ich danke Ihnen, verehrter</Unicode>
                </TextEquiv>
            </TextLine>
            <TextLine id="tr_1_tl_8" custom="readingOrder {index:7;}">
                <Coords points="604,2038 3119,2114 3116,1963 3022,1929 2799,1998 604,1960"/>
                <Baseline points="620,2026 665,2023 710,2023 755,2023 799,2023 844,2023 889,2023 934,2026 978,2029 1023,2029 1068,2029 1113,2029 1157,2029 1202,2029 1247,2029 1292,2029 1337,2029 1381,2029 1426,2029 1471,2032 1516,2029 1560,2029 1605,2029 1650,2029 1695,2029 1739,2029 1784,2032 1829,2032 1874,2032 1919,2035 1963,2035 2008,2032 2053,2035 2098,2032 2142,2032 2187,2035 2232,2035 2277,2035 2321,2035 2366,2035 2411,2035 2456,2035 2500,2035 2545,2038 2590,2038 2635,2038 2680,2038 2724,2038 2769,2038 2814,2041 2859,2041 2903,2041 2948,2041 2993,2041 3038,2038 3082,2038 3124,2041"/>
                <TextEquiv>
                    <Unicode>Herr Doktor, aufs herzlichste für dieses liebe Geschenk, das</Unicode>
                </TextEquiv>
            </TextLine>
            <TextLine id="tr_1_tl_9" custom="readingOrder {index:8;}">
                <Coords points="3069,2226 3097,2226 3119,2242 3131,2236 3150,2236 3144,2092 3128,2092 3100,2114 3094,2110 3087,2117 3078,2107 3062,2107"/>
                <Baseline points="3082,2160 3127,2163 3154,2163"/>
                <TextEquiv>
                    <Unicode>G.C.P.</Unicode>
                </TextEquiv>
            </TextLine>
            <TextLine id="tr_1_tl_10" custom="readingOrder {index:9;}">
                <Coords points="604,2195 2997,2229 2959,2123 2292,2089 2010,2157 1447,2085 604,2136"/>
                <Baseline points="620,2175 665,2175 710,2178 755,2178 799,2178 844,2181 889,2181 934,2178 978,2178 1023,2181 1068,2181 1113,2181 1157,2181 1202,2181 1247,2181 1292,2184 1337,2181 1381,2184 1426,2184 1471,2187 1516,2184 1560,2184 1605,2187 1650,2184 1695,2184 1739,2184 1784,2187 1829,2187 1874,2187 1919,2187 1963,2187 2008,2187 2053,2187 2098,2187 2142,2187 2187,2187 2232,2187 2277,2190 2321,2190 2366,2190 2411,2190 2456,2187 2500,2187 2545,2187 2590,2190 2635,2187 2680,2190 2724,2190 2769,2190 2814,2190 2859,2190 2903,2190 2948,2190 2993,2187 3005,2187"/>
                <TextEquiv>
                    <Unicode>mich in gleicher Weise gefreut hat, als Zeichen dass Sie mei-</Unicode>
                </TextEquiv>
            </TextLine>
            <TextLine id="tr_1_tl_11" custom="readingOrder {index:10;}">
                <Coords points="589,2336 2436,2352 2555,2424 3056,2361 2984,2283 1894,2242 589,2289"/>
                <Baseline points="605,2330 650,2333 695,2336 740,2336 784,2330 829,2336 874,2336 919,2336 963,2336 1008,2336 1053,2336 1098,2339 1143,2336 1187,2339 1232,2339 1277,2339 1322,2342 1366,2342 1411,2339 1456,2342 1501,2339 1545,2339 1590,2339 1635,2342 1680,2342 1725,2339 1769,2339 1814,2342 1859,2342 1904,2345 1948,2345 1993,2342 2038,2342 2083,2342 2127,2342 2172,2342 2217,2345 2262,2345 2307,2345 2351,2345 2396,2345 2441,2345 2486,2345 2530,2348 2575,2345 2620,2345 2665,2345 2709,2348 2754,2345 2799,2345 2844,2348 2888,2348 2933,2348 2978,2348 3023,2348 3062,2351"/>
                <TextEquiv>
                    <Unicode>ner gedacht haben, wie um der Lekture der höchst interessanten</Unicode>
                </TextEquiv>
            </TextLine>
            <TextLine id="tr_1_tl_12" custom="readingOrder {index:11;}">
                <Coords points="592,2395 607,2395 611,2399 617,2392 620,2395 636,2392 648,2399 651,2395 673,2392 670,2345 651,2348 639,2342 623,2342 614,2333 611,2336 589,2336"/>
                <Baseline points="608,2381 653,2384 680,2387"/>
                <TextEquiv>
                    <Unicode>F.</Unicode>
                </TextEquiv>
            </TextLine>
            <TextLine id="tr_1_tl_13" custom="readingOrder {index:12;}">
                <Coords points="595,2505 2145,2508 2849,2618 2975,2549 2975,2417 595,2436"/>
                <Baseline points="611,2483 656,2486 701,2489 746,2489 790,2492 835,2492 880,2492 925,2492 969,2492 1014,2489 1059,2492 1104,2492 1149,2492 1193,2495 1238,2495 1283,2495 1328,2495 1372,2495 1417,2495 1462,2495 1507,2495 1551,2495 1596,2498 1641,2495 1686,2495 1731,2495 1775,2495 1820,2495 1865,2495 1910,2495 1954,2498 1999,2498 2044,2498 2089,2498 2133,2498 2178,2498 2223,2500 2268,2500 2312,2500 2357,2500 2402,2500 2447,2500 2492,2500 2536,2500 2581,2503 2626,2503 2671,2503 2715,2503 2760,2503 2805,2503 2850,2503 2894,2503 2939,2503 2981,2509"/>
                <TextEquiv>
                    <Unicode>Schrift wegen, von der Sie mir Teile des Manuskriptes einmal</Unicode>
                </TextEquiv>
            </TextLine>
            <TextLine id="tr_1_tl_14" custom="readingOrder {index:13;}">
                <Coords points="604,2658 670,2687 824,2655 986,2687 1105,2655 1224,2693 1296,2671 1296,2608 1206,2564 1052,2602 971,2586 933,2605 874,2574 817,2593 755,2558 683,2590 604,2586"/>
                <Baseline points="623,2644 668,2644 713,2644 758,2644 802,2647 847,2647 892,2647 937,2647 981,2644 1026,2647 1071,2647 1116,2650 1160,2647 1205,2647 1250,2647 1295,2650 1304,2653"/>
                <TextEquiv>
                    <Unicode>vorgelegt hatten.</Unicode>
                </TextEquiv>
            </TextLine>
            <TextLine id="tr_1_tl_15" custom="readingOrder {index:14;}">
                <Coords points="839,2843 1697,2818 2073,2925 2981,2871 2981,2740 839,2730"/>
                <Baseline points="856,2799 901,2799 946,2799 990,2799 1035,2802 1080,2799 1125,2802 1169,2802 1214,2802 1259,2802 1304,2805 1348,2805 1393,2808 1438,2808 1483,2808 1528,2808 1572,2808 1617,2808 1662,2805 1707,2808 1751,2808 1796,2808 1841,2808 1886,2808 1930,2808 1975,2808 2020,2808 2065,2808 2110,2811 2154,2811 2199,2811 2244,2808 2289,2811 2333,2811 2378,2811 2423,2811 2468,2811 2512,2811 2557,2811 2602,2811 2647,2811 2692,2814 2736,2817 2781,2814 2826,2814 2871,2817 2915,2814 2960,2814 2987,2817"/>
                <TextEquiv>
                    <Unicode>Dass ich bis zu einem Pfingstausflug warten musste, um</Unicode>
                </TextEquiv>
            </TextLine>
            <TextLine id="tr_1_tl_16" custom="readingOrder {index:15;}">
                <Coords points="595,2981 1284,2981 1631,3081 3075,3050 3075,2903 2881,2881 595,2878"/>
                <Baseline points="611,2960 656,2960 701,2957 746,2957 790,2957 835,2960 880,2960 925,2960 969,2960 1014,2960 1059,2960 1104,2963 1149,2963 1193,2963 1238,2966 1283,2966 1328,2966 1372,2966 1417,2966 1462,2966 1507,2966 1551,2966 1596,2966 1641,2969 1686,2969 1731,2969 1775,2969 1820,2969 1865,2969 1910,2969 1954,2969 1999,2969 2044,2969 2089,2969 2133,2969 2178,2969 2223,2969 2268,2972 2312,2972 2357,2972 2402,2969 2447,2969 2492,2969 2536,2972 2581,2972 2626,2972 2671,2972 2715,2972 2760,2975 2805,2972 2850,2972 2894,2975 2939,2972 2984,2972 3029,2975 3074,2975 3082,2972"/>
                <TextEquiv>
                    <Unicode>Ihnen meinen Dank aussprechen zu können, ist eine Folge grosser</Unicode>
                </TextEquiv>
            </TextLine>
            <TextLine id="tr_1_tl_17" custom="readingOrder {index:16;}">
                <Coords points="586,3159 2993,3181 2993,3053 2903,3028 586,3040"/>
                <Baseline points="602,3115 647,3118 692,3118 737,3118 781,3118 826,3121 871,3121 916,3124 961,3124 1005,3124 1050,3121 1095,3124 1140,3124 1184,3124 1229,3124 1274,3124 1319,3124 1363,3124 1408,3127 1453,3127 1498,3127 1542,3124 1587,3127 1632,3127 1677,3127 1722,3127 1766,3127 1811,3130 1856,3130 1901,3127 1945,3127 1990,3127 2035,3127 2080,3127 2124,3124 2169,3127 2214,3124 2259,3127 2304,3127 2348,3124 2393,3127 2438,3124 2483,3127 2527,3127 2572,3127 2617,3127 2662,3127 2706,3127 2751,3130 2796,3130 2841,3130 2885,3130 2930,3133 2975,3136 2999,3142"/>
                <TextEquiv>
                    <Unicode>Ueberbürdung. Ich bin, wie ich glaube Ihnen erzählt zu haben,</Unicode>
                </TextEquiv>
            </TextLine>
            <TextLine id="tr_1_tl_18" custom="readingOrder {index:17;}">
                <Coords points="586,3325 1403,3397 2993,3325 2965,3225 2602,3188 586,3213"/>
                <Baseline points="602,3276 647,3279 692,3276 737,3279 781,3279 826,3279 871,3279 916,3282 961,3279 1005,3279 1050,3282 1095,3282 1140,3282 1184,3282 1229,3282 1274,3282 1319,3282 1363,3279 1408,3282 1453,3285 1498,3282 1542,3285 1587,3285 1632,3285 1677,3285 1722,3288 1766,3285 1811,3285 1856,3285 1901,3285 1945,3282 1990,3282 2035,3285 2080,3282 2124,3282 2169,3282 2214,3285 2259,3285 2304,3285 2348,3285 2393,3285 2438,3282 2483,3282 2527,3282 2572,3282 2617,3282 2662,3285 2706,3285 2751,3285 2796,3285 2841,3285 2885,3282 2930,3282 2975,3282 3002,3288"/>
                <TextEquiv>
                    <Unicode>nunmehr seit 2 Jahren Dozent und Assistent an der Amsterdammer</Unicode>
                </TextEquiv>
            </TextLine>
            <TextLine id="tr_1_tl_19" custom="readingOrder {index:18;}">
                <Coords points="589,3479 2486,3448 2687,3529 3006,3463 3006,3375 589,3385"/>
                <Baseline points="605,3438 650,3441 695,3441 740,3441 784,3438 829,3441 874,3444 919,3444 963,3444 1008,3444 1053,3444 1098,3444 1143,3441 1187,3441 1232,3441 1277,3441 1322,3444 1366,3441 1411,3441 1456,3444 1501,3444 1545,3444 1590,3444 1635,3444 1680,3444 1725,3444 1769,3441 1814,3444 1859,3444 1904,3441 1948,3441 1993,3441 2038,3441 2083,3441 2127,3441 2172,3441 2217,3441 2262,3441 2307,3441 2351,3444 2396,3441 2441,3441 2486,3441 2530,3438 2575,3441 2620,3438 2665,3438 2709,3441 2754,3441 2799,3441 2844,3441 2888,3438 2933,3438 2978,3438 3014,3441"/>
                <TextEquiv>
                    <Unicode>Universität. Meine beruflichen Pflichten sind hier zwar nicht</Unicode>
                </TextEquiv>
            </TextLine>
            <TextLine id="tr_1_tl_20" custom="readingOrder {index:19;}">
                <Coords points="582,3642 1541,3707 2270,3610 2596,3682 2990,3632 2990,3491 582,3545"/>
                <Baseline points="599,3608 626,3608 671,3608 716,3611 761,3611 805,3611 850,3608 895,3608 940,3608 984,3608 1029,3608 1074,3608 1119,3608 1163,3605 1208,3605 1253,3608 1298,3605 1343,3605 1387,3605 1432,3605 1477,3605 1522,3605 1566,3602 1611,3602 1656,3602 1701,3602 1745,3602 1790,3602 1835,3602 1880,3602 1924,3602 1969,3602 2014,3602 2059,3602 2104,3602 2148,3602 2193,3599 2238,3599 2283,3599 2327,3599 2372,3599 2417,3599 2462,3599 2506,3596 2551,3596 2596,3599 2641,3596 2686,3596 2730,3593 2775,3593 2820,3596 2865,3593 2909,3593 2954,3593 2999,3593"/>
                <TextEquiv>
                    <Unicode>sehr gross, aber ich habe während der zwei letzten Jahre sehr</Unicode>
                </TextEquiv>
            </TextLine>
        </TextRegion>
    </Page>
</PcGts>
