3464 4184
331 331 1280 620 Kurt Somerfol
1667 497 2728 718 Zermatt, den 4. Juni 1927.
1066 1111 2110 1339 Hochverehrter Herr Doktor,
699 1392 2629 1616 in Urlaubsruhe habe ich jetzt den "Geist im Wort
502 1628 2621 1790 und den Geist in der Tat " wieder gelesen und ich habe
502 1729 2641 1903 aus diesem schmalen Buche mehr gelernt als aus mancher
516 1917 2722 2071 vielbändigen Bibliothek. Es ist geradezu unheimlich, mit
516 2079 2680 2217 welcher Traffsicherheit manche scheinbar beiläufige Be-
511 2189 2658 2394 merkung ins innerste Wesen des Menschen zielt, und man
522 2360 2756 2542 lernt sich durch dieses Buch, das alle Posen durchschaut,
528 2523 2747 2711 sehr genau kennen, vielleicht genauer, als es so Manchem
536 2686 1451 2876 mitunter lieb sein mag,
876 2812 2888 3000 Als ich dieses Buch las, glaubte ich manchmal, Sie,
530 2997 2787 3168 hochverehrter Herr Doktor, sprechen zu hören. Die wissen-
544 3154 2795 3387 schaftliche Kühle der Darstellung ist nur ein Schein, und
547 3283 2728 3527 wenn man Ihre Bücher zu lesen gewohnt ist, so spürt man
