3416 4168
140 223 1216 446 Dr Secy Toebe R.A.
1644 428 2539 597 Wien, am 6. Juni 1928.
1186 877 2241 1058 Sehr geehrter Herr Doktor!
690 1237 2634 1385 Sie waren so gütig, mir als kostbares Andenken an
461 1341 2750 1525 unsere Reisegemeinschaft " Der Geist im Wort und der Geist
458 1558 2702 1676 in der Tat und “ Buch der Sprüche und Bedenken“ zu sen-
470 1650 2705 1834 den. Ich dankte aufrichtig und behielt mir vor, nach Stu-
473 1822 2708 2006 dium auf die Werke zurückzukommen. Schwer- und Vielarbei-
2860 1902 2943 2066 be
479 1965 2747 2131 ter, der ich bin, komme ich erst jetzt zur teilweisen Ein-
482 2167 1507 2322 lösung meines Vorbehaltes.
788 2295 2735 2432 Ich hoffe, Sie werden es mir nicht verubeln, wenn
482 2411 2782 2601 ich Ihnen also einige kritische Gedanken zu " Der Geist im
482 2604 2815 2741 Wort und der Geist in der Tat "vortrage. Ich glaube, diese
487 2779 2791 2913 Besprechung nicht nur der Freundlichkeit der Zusendung des
487 2931 2880 3077 Werkes, sondern vielmehr der starken geistigen Beeinflussung,
487 3032 2753 3258 die ich durch das Buch erfahren, schuldig zu sein. Es ist
