6696 4344
3353 365 4134 704 Friedrich Hünholtz
5046 525 6000 732 Heidelberg, 31. 1. 1927.
3940 1111 4765 1311 Sehr verehrter Herr!
3665 1428 5868 1574 Haben Sie vielen Dank für die freundliche Uebermittelung
3671 1569 5930 1748 Ihrer Schrift: Der Geist im Wort und der Geist in der Tat.
3685 1703 5764 1905 Sie ist eine Uebersichtskarte des Gebiets das ich oft
3687 1877 5902 2043 durchwandert und bewegt mich auf zwei verschiedene Arten:
3687 2040 5756 2217 sie freut mich, weil sie mit solcher Kennerschaft und
3685 2152 5837 2352 Denkkraft weite wirre Strecken mir ordnet, bestimmt und
3685 2324 5876 2506 vereinfacht, daneben aber bleibt das Unbehagen die Fülle
3693 2467 5803 2702 und Vielheit der konkreten geschichtlichen Gesichte so
3696 2677 5812 2817 abgezogen und vergewaltigt zu fühlen. Die Gefahr jedes
3696 2815 5888 2963 solchen Schemas ist empfindlicher, wenn es Gestalten und
3693 2966 5775 3132 Ereignisse, als wenn es Kräfte und Dinge in Gesetzes-
3713 3087 5826 3295 formeln fassen will, und mir werden Umrisse erst nötig
3710 3244 5896 3469 und wirklich wenn ich zugleich die Anschauungsmassen mit
3710 3440 5088 3626 wahrnehmen kann, denen sie gelten.
