6760 4344
4851 483 5012 688 -2-
3731 929 5801 1150 Ich nehme Ihren Untertitel " vorläufige Bemerkungen
3745 1084 5938 1295 als das Versprechen, dass Sie diese Umrisse einmal aus-
3742 1259 5785 1497 füllen mit Ihrer reichen Lebenskunde und Zeigekraft,
3750 1428 5788 1614 die sich in der Theorie wohl erholen, doch nicht be-
3750 1601 4192 1775 friedigen.
3755 1718 5812 1890 Erst dann könnte ich statt der neutralen Anerkennung
3775 1904 5880 2051 der dialectischen Arbeit auch das entschiedene Ja oder
3769 2051 5329 2210 nein zum substantiellen Ergebnis wagen.
3783 2204 5818 2371 Im III. Abschnitt scheint mir schon jetzt bedenklich
3783 2327 5891 2548 die Gleich- oder Gegensetzung von verschiedenen Stufen
3786 2518 5831 2707 oder Mitteln oder Aspekten desselben Wesens.. (falls
3783 2633 5402 2832 hier nicht nur Terminologie uns trennt.)
3791 2783 5856 3002 Held, Feldherr, Staatsmann, Führer, Dictator, Tyrann,
3794 2963 5801 3144 ob als Geistesverfassungen, Talente, Techniken oder
3802 3138 5771 3305 Berufe verstanden, sind in der Geschichte meist un-
3810 3247 5919 3458 trennbar, Alexander, Caesar, Napolson, also gerade die
3810 3441 5962 3603 sinnfälligsten und sinnbildlichsten umspannen die sämt-
