6632 4296
3652 923 5761 1175 Bedeutung an Menschen beobachtet zu haben, nicht bloss
3655 1100 5655 1313 als Kategorien von menschlichen Typen. " Deduktive
3672 1276 5672 1456 Menschen wären darnach solche, die immer vom Ganzen
3700 1386 5750 1618 ( also dem Grossen, Schönen, Sachlichen usw ) auf das
3677 1571 5770 1795 Einzelne gehen oder meist - nicht gehen, " induktive
3708 1736 5801 1919 das Gegenteil davon, auch insoferne, als sie meist zum
3703 1885 5907 2056 Ganzen gar nicht kommen. Ihr oberstes Princip Gott stelle
3708 2031 5848 2230 ich mir nun allerdings - vielleicht besitzen mich dabei
3711 2146 5902 2384 lediglich lokale Vorstellungen des Diogrammes - als rein
3717 2323 5874 2533 deduktiv vor, wobei ich freilich wieder nicht behaupten
3728 2457 5655 2726 kann, dass Teufel unbedingt induktiv sein müssta,
3919 2617 5767 2839 Wie Sie sehen, verehrter Herr Doktor, sind also
3731 2757 5989 2987 meine Begriffe noch recht ungeordnet; nehmen Sie sie aber,
3745 2928 5837 3175 bitte, dennoch freundlich auf als Zeichen des grossen
3756 3066 5899 3344 und eigenartig befreienden Interesses, das mir Ihr Buch
3747 3344 4266 3506 erweckt hat.
4230 3411 5133 3652 Mit den besten Grüssen
5066 3534 6036 3759 Ihr aufrichtig ergebener
6011 3663 6227 3879 Bauer
