3432 4184
1494 365 1601 532 -2-
460 842 2744 983 die rein geistige Liebe zur beinahe metaphysischen Proble-
451 1000 2664 1175 matik. Ich bin für Sie dieses kleine Büchlein sehr froh,
454 1147 2606 1310 denn die Menschen nehmen den Künstler am liebsten dort,
457 1310 2624 1463 wo er leicht und locker wird, in ihre Wertung auf. Hier
2632 1443 2710 1560 G.P.
457 1489 2584 1621 werden manche über den sachlichen Ernst erstaunen, der
448 1635 2687 1759 in Ihnen die Urmacht ist - ich freilich erstaune nicht,
445 1799 2670 1928 ich weiss ja auch von Ihren verstreuten und leider noch
457 1969 2586 2086 nicht gesammelten Reflexionen über die Kunst, wie sehr
451 2109 2675 2216 Sie die innerliche Mechanik dessen beschäftigt, was nach
457 2299 2624 2391 aussen hin als Selbstverständlich -Wirkendes erscheint.
457 2420 2638 2543 Es wäre mir innige Freude, einmal ausführlich mit Ihnen
457 2584 2486 2707 über diese Probleme sprechen zu dürfen; im tiefsten
457 2698 2546 2859 Grunde sind Sie damit dem Sinn der Zeit nahegekommen,
460 2877 2569 3066 die endlich - endlich  - müde wird der collectiven
468 3072 2604 3196 Typenlehre von den „Rassen“ und „ Nationen  „ wie sie
460 3170 2581 3328 Gobineau in die Welt setzte und die Einordnung in den
468 3371 2776 3509 Individual-typus begehrt. Das haben Sie mit dieser kleinen
