6744 4344
3373 419 4545 719 Dilly Haus (lit Welt)
5440 575 5937 814 1. 2. 1927.
3745 1207 5114 1455 Hochverehrter Herr Dr. Schnitzler!
4028 1504 5723 1701 Der S. Fischer Verlag hat mir ein Exemplar
3771 1646 6087 1897 Ihres neuen charaktereologischen Buches gesandt, in welchem
3780 1825 5865 2039 ein Kärtchen lag,. " Im Auftrag des Verfassers". Ich
3780 1987 5867 2194 darf also vielleicht annehmen, dass Sie hie und da in
3797 2154 5942 2382 der "literarischen Welt" lesen und dass sie nicht gerade
3791 2362 4692 2515 Ihr Missfallen erregt.
4112 2426 6023 2656 Diese mich ehrende Tatsache gibt mir Gelegenheit,
3803 2628 5870 2815 einem schon lang erwogenen Wunsch Ausdruck zu geben.
4158 2717 6003 2948 Ich veröffentliche in der "literarischen Welt
3814 2919 5916 3121 ziemlich regelmässig Jugenddokumente zeitgenössischer
3823 3098 6052 3295 Dichter. Um Ihnen einen Begriff davon zu geben, wie dehn-
3829 3237 6153 3468 bar das Programm dieser Rubrik ist, gestatte ich mir, Ihnen
3823 3404 5963 3618 mit der gleichen Post drei Nummern der " Literarischen
3826 3514 6049 3812 Welt", die diese Rubrik enthalten, einzusenden: nämlich
