3448 4200
207 408 891 641 fr Frd Willd
2003 514 2667 736 Wien, 5. II. 27.
1043 1020 2262 1175 Lieber, verehrter Herr Doktor!
2310 1285 2790 1471 wie erfreut
520 1471 2776 1667 war ich zu sehen, dass Sie einen Ihrer Lieblingsgedanken,
526 1632 2831 1805 den Sie lange gehgt und gepflegt, endlich in gewohnter Mei-
535 1816 2716 1977 sterschaft des Wortes herausgebracht haben. Er ist unge-
526 1931 2552 2135 mein anregend und gibt ein unerbittliches Weltbild.
535 2075 2842 2265 Zum Glück ist man hierzulande so schlampert, dass man sich
546 2265 2742 2448 von Weltbildern, Weltanschauung und anderen " jüdischen"
552 2480 1707 2615 Sachen nicht anfechten lässt.
1523 2526 2345 2724 Herzlich dankend Ihr
2313 2796 2627 3009 Wittels
