3384 4184
231 248 341 423 re
1417 487 1536 631 -3-
358 780 2623 1048 Einmal erzählten Sie mir, Lili habe zu einem Ihrer Dramen
372 952 2547 1212 eine Fortsetzung verfasst. Und ich fühlte mich, lyrisch
375 1133 2586 1321 angehaucht, wie ich damals war, dadurch zu einem Gedicht
764 1338 1389 1502 worin es hiess:
383 1375 733 1541 angeregt
744 1462 1837 1648 Vater meint, dass Lili beim
744 1640 1792 1778 Essen viel geschickter sei
1817 1733 1919 1891 G.C.P.
755 1795 1690 1944 Als bei ihrer Dichterei
766 1953 1769 2122 Sei's in Prosa oder Reim.
425 2026 2646 2282 In diesem kleinen Gedicht, das mir jetzt wieder einfällt,
420 2277 1476 2443 heisst es auch, glaub ich:
789 2406 2023 2584 Acht, neun Jahre, kleines Ding,
803 2547 2003 2741 Dauert's noch, und du bist wie
806 2727 1707 2871 Jene süssen Mädel, die
823 2857 1829 3068 Vaters Jugendwerk umfing.
465 2958 2699 3209 Und jetzt ist die kleines Lili von damals wirklich schon
479 3142 2736 3395 Braut. Hoffentlich darf ich ihr bald einmal mündlich gra-
496 3257 2758 3522 tulieren, ich habe von gemeinsamen Bekannten gehört, dass
