3576 4232
249 349 1199 587 Prof. Das Neubringen
1808 538 2607 703 Wien 23. März 1927.
1219 1000 2105 1162 Hochverehrter Meister!
674 1306 2641 1425 Für die gütige Uebersendung Ihres, mir durch eine
598 1471 2664 1593 Besprechung bekannt gewordenen Buches " Der Geist im
592 1607 2686 1746 Wort und der Geist in der Tat "bitte ich meinen ganz
589 1771 2599 1933 besonderen Dank entgegenzunehmen. Das ist ein Werk,
592 1904 2729 2105 das mich dauernd beschäftigen wird und auch auf meinem
592 2108 2616 2227 Spezialgebiet aufschlussreich wirkt inbezug auf die
592 2222 2647 2400 Pychologie der Forscher und der Forschung. Ich habe
337 2273 524 2406 Von
587 2383 2754 2553 erst darin geblättert und mit Staunen die an die Mathe-
578 2531 2794 2692 matik erinnernde geheimnisvolle symbolik Ihrer Diogramme
581 2689 2692 2876 bewundert, doch wollte ich Ihnen vor der eigentlichen
575 2854 2848 3043 Lektüre für die Ehrung danken, die Sie, verehrter Meister
575 3001 2839 3213 der grosse Dichter, mir, dem kleinen Historiker durch die
578 3162 2097 3358 Widmung des Exemplares erwiesen haben!
995 3358 2797 3542 In alter Verehrung und steigender Bewunderung
2139 3477 2760 3653 Ihr ergebenster
2514 3650 2896 3820 Neuburger
