6632 4296
3402 385 4356 726 P. Jenos Fraenkel
5082 534 6230 693 Riedegg Thun d. 29. 1. 1927.
4180 1168 5151 1342 Verehrtester Herr Doktor,
3800 1461 5716 1605 ich danke Ihnen verbindlichst für die freundliche
3800 1643 5666 1772 Zusendung Ihrer herrlichen Schrift, die klärend,
3800 1817 5706 1936 Begriffe schärfend und vor allem wohltuend wirkt.
3817 1933 5683 2082 Das Unerbittliche im Scheiden, das Weitblickende
3807 2087 5579 2279 im Zusammenfassen von scheinbar Entferntem -
3822 2244 5604 2368 und so viele andere Eigenschaften, die aus der
3810 2396 5631 2545 Personalunion des Dichters und des Psychologen
3834 2535 5763 2696 ( theoretischen Psychologen) fliessen. Ich persön-
3829 2704 5713 2830 lich empfand beim Lesen als beglückend, dass ich
3829 2835 5825 2992 allen Ihren Deffinitionen, Erklärungen und Analysen
3819 3029 5820 3198 zustimmen konnte - ja ihnen geradezu im Stillen zu-
3834 3176 5750 3335 jubelte als wohltuenden Bestätigungen eigener Ge-
3834 3330 5683 3519 danken und eigener Systematisierungsversuche. -
