6632 4296
3346 339 4091 571 Walther Eidl. 5
4906 517 6063 717 Lunz a. See. N. Oe. 7, 2, 27.
4259 1148 5344 1338 Sehr verehrter Herr Doktor,
4034 1437 5784 1595 Mit der Zusendung Ihrer letzten Arbeit haben
3701 1665 5832 1804 Sie mir eine grosse Freude und einen grossen Genuss be-
3704 1792 5851 1944 reitet. Ich bewundere es von ganzem Herzen, wie Sie mit
3704 1941 5772 2122 grösster Helligkeit, Klarheit, Wachheit ( und Unzwei-
3498 2052 5832 2252 deutigkeit ) bis hat an die Grenzen des Metaphysischen
3349 2261 5895 2477 gehen. - Hoffentlich wird es auch eine Klärung bewirken.
4091 2391 5772 2547 Ich wünsche mir sehr, Sie wieder einmal zu
3698 2572 5261 2778 sehen, wenn ich einmal nach Wien komme.
4091 2724 4617 2902 Warmen Dank!
4557 2829 5575 3060 In Aufrichtiger Verehrung
5524 3000 5689 3159 Ihr
5455 3260 6086 3460 Walther Eidlitz
