6536 4120
4623 337 4794 505 -6-
3635 724 5762 919 und Egoismus anschliesst (obwohl man vielleicht sagen
3627 906 5647 1104 könnte, es sei ein Egoismus im höchsten Sinne, wenn
3643 1056 5797 1256 der positive nur für sein Werk lebe, da er dem Schöpfer
3643 1240 5107 1379 nur eine andere Form seines Ich sei).
3643 1355 5642 1545 Alle diese Gegensätze nun sind konträre, und daraus
3656 1545 5716 1665 folgt, dass die auf ihrer Basis einander gegenüberge-
3669 1686 5676 1847 stellten Typen ebenfalls einander konträr gegenüber-
3672 1807 5684 1999 stehen, das heisst Endglieder von Reihen sind, deren
3675 1951 5687 2175 Elemente unendlich kleinen Unterschieden sich stei-
3675 2133 4861 2304 gernd gedacht werden können. -
3680 2256 5700 2437 Ich muss es, um Ihre Geduld nicht zu erschöpfen, bei
3680 2429 5674 2598 diesen Anmerkungen bewenden lassen: obwohl ich Lust
3667 2576 5567 2761 hätte, noch so Manches festzuhalten, was mir bei
3688 2737 5682 2916 der Durchstudierung Ihres Werkes - eines der anre-
3675 2900 5751 3097 gendsten, die ich kenne - an klugen und unklugen Ge-
3693 3095 4511 3279 danken gekommen ist.
3691 3218 5807 3415 Nehmen Sie nochmals, hochverehrter Herr Doktor, meinen
3691 3423 4201 3570 besten Dank!
