6616 4312
3550 328 4275 636 Egu Friedell
5080 506 5824 736 Wien, 4 Juni 1927.
4291 1180 5624 1300 Lieber sehr verehrter Herr Doktor,
3836 1405 5830 1617 Bei unserm vorgestrigen so angenehmen Beisammensein
3827 1578 5847 1766 hatte ich gar keine Gelegenheit, Ihnen meine Bewund
3850 1791 5952 1930 derung für Ihre prachtvolle kleine Schrift " Der Geist
3861 1914 5911 2091 im Wort und der Geist in der Tat "auszudrücken. Hier
3844 2069 6074 2214 ist in knappstem Raum ein ganzes Weltbild, eine komplette
3855 2241 5958 2400 geistige und moralische Zoologie der Menschhait: etwas
3864 2394 5866 2530 Vollkommen Neuartiges und dennoch ungemein zwingend
3855 2528 6066 2691 und selbstverständlich wirkend. Ich bin Ihnen zu ganz be-
3866 2664 5980 2841 sonderem Dank verpflichtet, weil mir Ihr so vollkommen
3866 2819 5944 3025 gelungener Versuch für meine Kulturgeschichte die un-
3869 2980 5727 3166 schätzbarsten Anregungen und Aufklärungen gibt.
4991 3283 5927 3452 In Herzlicher Verehrung
5891 3444 6049 3597 Ihr
5805 3575 6347 3739 Egon Friedell
