<?xml version="1.0" encoding="UTF-8" standalone="yes"?>
<PcGts xmlns="http://schema.primaresearch.org/PAGE/gts/pagecontent/2013-07-15" xmlns:xsi="http://www.w3.org/2001/XMLSchema-instance" xsi:schemaLocation="http://schema.primaresearch.org/PAGE/gts/pagecontent/2013-07-15 http://schema.primaresearch.org/PAGE/gts/pagecontent/2013-07-15/pagecontent.xsd">
    <Metadata>
        <Creator>prov=READ-COOP:name=TrHtr:version=2.1.0:model_id=51170:date=28_07_2023_03:04</Creator>
        <Created>2023-05-10T11:15:52.832+02:00</Created>
        <LastChange>2023-07-28T03:04:48.177+02:00</LastChange>
        <TranskribusMetadata docId="1428139" pageId="55385233" pageNr="117" tsid="131314983" status="IN_PROGRESS" userId="64420" imgUrl="https://files.transkribus.eu/Get?id=DDFDTBQIXXAUAJHEXACISQAH&amp;fileType=view" xmlUrl="https://files.transkribus.eu/Get?id=AGSPILUPDGWKWRZWGBOGYNJE" imageId="44660132"/>
    </Metadata>
    <Page imageFilename="1428139_0117.jpg" imageWidth="3592" imageHeight="4232">
        <ReadingOrder>
            <OrderedGroup id="ro_1711823323918" caption="Regions reading order">
                <RegionRefIndexed index="0" regionRef="tr_1"/>
                <RegionRefIndexed index="1" regionRef="tr_2"/>
            </OrderedGroup>
        </ReadingOrder>
        <TextRegion id="tr_1" custom="readingOrder {index:0;}">
            <Coords points="301,466 2930,466 2930,2030 301,2030"/>
            <TextLine id="tr_1_tl_1" custom="readingOrder {index:0;}">
                <Coords points="284,546 520,531 617,563 919,523 1014,548 1014,342 962,324 850,379 741,373 695,405 505,428 388,396 284,442"/>
                <Baseline points="301,516 346,516 390,519 435,516 480,519 525,522 570,525 614,525 659,525 704,525 749,525 793,525 838,522 883,522 928,522 972,519 1017,519 1020,519"/>
                <TextEquiv>
                    <Unicode>Henric Tewiles</Unicode>
                </TextEquiv>
            </TextLine>
            <TextLine id="tr_1_tl_2" custom="readingOrder {index:1;}">
                <Coords points="2389,706 2527,692 2644,758 2713,749 2751,721 2831,726 2886,695 2923,701 2923,574 2871,597 2745,569 2685,600 2389,594"/>
                <Baseline points="2405,665 2450,665 2495,668 2539,668 2584,665 2629,668 2674,665 2718,665 2763,665 2808,665 2853,665 2897,668 2930,671"/>
                <TextEquiv>
                    <Unicode>12. II. 1927.</Unicode>
                </TextEquiv>
            </TextLine>
            <TextLine id="tr_1_tl_3" custom="readingOrder {index:2;}">
                <Coords points="574,1272 2756,1283 2756,1169 574,1123"/>
                <Baseline points="590,1235 635,1238 680,1238 725,1238 769,1238 814,1238 859,1238 904,1238 949,1238 993,1235 1038,1235 1083,1235 1128,1235 1172,1238 1217,1238 1262,1235 1307,1238 1351,1235 1396,1235 1441,1235 1486,1238 1531,1238 1575,1238 1620,1238 1665,1238 1710,1238 1754,1238 1799,1238 1844,1238 1889,1238 1933,1238 1978,1238 2023,1238 2068,1238 2113,1235 2157,1235 2202,1238 2247,1238 2292,1235 2336,1235 2381,1235 2426,1238 2471,1238 2515,1238 2560,1238 2605,1235 2650,1235 2694,1235 2739,1235 2763,1235"/>
                <TextEquiv>
                    <Unicode>Verehrter Herr Doktor! Ich danke Ihnen für Ihre Schrift.</Unicode>
                </TextEquiv>
            </TextLine>
            <TextLine id="tr_1_tl_4" custom="readingOrder {index:3;}">
                <Coords points="571,1416 2136,1398 2271,1487 2610,1470 2590,1324 571,1329"/>
                <Baseline points="587,1396 602,1396 647,1393 692,1393 737,1393 781,1393 826,1393 871,1393 916,1393 961,1393 1005,1393 1050,1393 1095,1393 1140,1393 1184,1393 1229,1393 1274,1393 1319,1393 1363,1393 1408,1393 1453,1393 1498,1393 1542,1393 1587,1393 1632,1393 1677,1393 1722,1393 1766,1396 1811,1396 1856,1396 1901,1393 1945,1393 1990,1393 2035,1393 2080,1393 2124,1393 2169,1393 2214,1393 2259,1393 2304,1393 2348,1393 2393,1393 2438,1393 2483,1393 2527,1390 2572,1390 2617,1393"/>
                <TextEquiv>
                    <Unicode>Ich habe sie zweimal gelesen, bewundere die Idee und</Unicode>
                </TextEquiv>
            </TextLine>
            <TextLine id="tr_1_tl_5" custom="readingOrder {index:4;}">
                <Coords points="574,1568 2217,1553 2443,1642 2840,1568 2840,1484 574,1487"/>
                <Baseline points="590,1554 605,1551 650,1548 695,1548 740,1548 784,1548 829,1548 874,1548 919,1548 963,1548 1008,1548 1053,1548 1098,1548 1143,1548 1187,1548 1232,1548 1277,1548 1322,1545 1366,1548 1411,1548 1456,1548 1501,1548 1545,1548 1590,1548 1635,1548 1680,1548 1725,1548 1769,1548 1814,1548 1859,1548 1904,1548 1948,1548 1993,1551 2038,1551 2083,1548 2127,1548 2172,1548 2217,1545 2262,1548 2307,1545 2351,1545 2396,1545 2441,1545 2486,1545 2530,1545 2575,1548 2620,1545 2665,1545 2709,1545 2754,1545 2799,1542 2844,1539"/>
                <TextEquiv>
                    <Unicode>die mitleidlose Schärfe ihrer Logik, die ja ein besonderes</Unicode>
                </TextEquiv>
            </TextLine>
            <TextLine id="tr_1_tl_6" custom="readingOrder {index:5;}">
                <Coords points="571,1789 973,1711 2395,1711 2630,1809 2728,1789 2728,1622 571,1631"/>
                <Baseline points="587,1707 632,1707 677,1704 722,1707 767,1704 811,1704 856,1704 901,1704 946,1704 990,1704 1035,1707 1080,1704 1125,1704 1169,1704 1214,1704 1259,1704 1304,1701 1348,1704 1393,1701 1438,1704 1483,1704 1528,1704 1572,1701 1617,1701 1662,1701 1707,1704 1751,1701 1796,1701 1841,1701 1886,1704 1930,1701 1975,1701 2020,1701 2065,1701 2110,1701 2154,1701 2199,1701 2244,1701 2289,1701 2333,1701 2378,1701 2423,1704 2468,1701 2512,1701 2557,1701 2602,1698 2647,1698 2692,1698 2736,1698"/>
                <TextEquiv>
                    <Unicode>Kennzeichen aller Ihrer Werke ist und ihnen das Gewicht</Unicode>
                </TextEquiv>
            </TextLine>
            <TextLine id="tr_1_tl_7" custom="readingOrder {index:6;}">
                <Coords points="569,1872 1665,1858 2041,1935 2191,1855 2719,1858 2690,1797 2225,1772 569,1789"/>
                <Baseline points="584,1862 620,1862 665,1859 710,1862 755,1862 799,1859 844,1859 889,1859 934,1859 978,1862 1023,1859 1068,1859 1113,1859 1157,1859 1202,1859 1247,1856 1292,1856 1337,1856 1381,1856 1426,1856 1471,1856 1516,1856 1560,1856 1605,1856 1650,1856 1695,1856 1739,1856 1784,1856 1829,1856 1874,1853 1919,1856 1963,1856 2008,1853 2053,1853 2098,1856 2142,1853 2187,1853 2232,1850 2277,1853 2321,1856 2366,1856 2411,1856 2456,1853 2500,1856 2545,1853 2590,1853 2635,1853 2680,1850 2724,1853"/>
                <TextEquiv>
                    <Unicode>der Notwendigkeit verleiht. Einigermassen war ich beun-</Unicode>
                </TextEquiv>
            </TextLine>
            <TextLine id="tr_1_tl_8" custom="readingOrder {index:7;}">
                <Coords points="569,2044 2291,2010 2561,2087 2751,2076 2754,1952 569,1947"/>
                <Baseline points="584,2020 611,2017 656,2017 701,2017 746,2017 790,2020 835,2020 880,2020 925,2017 969,2017 1014,2014 1059,2014 1104,2014 1149,2014 1193,2014 1238,2014 1283,2014 1328,2011 1372,2011 1417,2011 1462,2011 1507,2011 1551,2011 1596,2011 1641,2011 1686,2011 1731,2008 1775,2011 1820,2008 1865,2011 1910,2011 1954,2011 1999,2008 2044,2011 2089,2011 2133,2008 2178,2008 2223,2008 2268,2005 2312,2005 2357,2005 2402,2008 2447,2011 2492,2008 2536,2008 2581,2008 2626,2008 2671,2005 2715,2005 2760,1996"/>
                <TextEquiv>
                    <Unicode>ruhigt, denn ich bin nicht ein Dichter, wie Sie, und da-</Unicode>
                </TextEquiv>
            </TextLine>
        </TextRegion>
        <TextRegion id="tr_2" custom="readingOrder {index:1;}">
            <Coords points="576,2110 2880,2110 2880,3439 576,3439"/>
            <TextLine id="tr_2_tl_1" custom="readingOrder {index:0;}">
                <Coords points="566,2199 2679,2191 2682,2102 566,2133"/>
                <Baseline points="581,2175 626,2172 671,2172 716,2175 761,2175 805,2175 850,2172 895,2172 940,2172 984,2169 1029,2172 1074,2169 1119,2169 1163,2169 1208,2169 1253,2169 1298,2169 1343,2172 1387,2169 1432,2169 1477,2169 1522,2169 1566,2166 1611,2166 1656,2166 1701,2166 1745,2166 1790,2166 1835,2166 1880,2166 1924,2166 1969,2166 2014,2166 2059,2163 2104,2163 2148,2163 2193,2163 2238,2166 2283,2163 2327,2163 2372,2163 2417,2163 2462,2163 2506,2160 2551,2160 2596,2163 2641,2163 2686,2163"/>
                <TextEquiv>
                    <Unicode>zum bin ich bei der Prüfung Ihrer Kategorien auf jeder</Unicode>
                </TextEquiv>
            </TextLine>
            <TextLine id="tr_2_tl_2" custom="readingOrder {index:1;}">
                <Coords points="560,2337 2682,2386 2630,2237 560,2286"/>
                <Baseline points="576,2327 584,2327 629,2327 674,2327 719,2330 764,2330 808,2327 853,2327 898,2327 943,2327 987,2324 1032,2327 1077,2324 1122,2324 1166,2324 1211,2324 1256,2324 1301,2324 1346,2327 1390,2324 1435,2324 1480,2324 1525,2324 1569,2321 1614,2321 1659,2321 1704,2321 1748,2321 1793,2321 1838,2318 1883,2318 1927,2318 1972,2318 2017,2321 2062,2318 2107,2318 2151,2318 2196,2321 2241,2318 2286,2315 2330,2315 2375,2315 2420,2315 2465,2315 2509,2315 2554,2312 2599,2315 2644,2315 2689,2315"/>
                <TextEquiv>
                    <Unicode>Stufe gestanden und habe mich als Gott, bis zum Teufel</Unicode>
                </TextEquiv>
            </TextLine>
            <TextLine id="tr_2_tl_3" custom="readingOrder {index:2;}">
                <Coords points="557,2501 2788,2481 2742,2389 560,2420"/>
                <Baseline points="576,2486 602,2486 647,2486 692,2483 737,2486 781,2486 826,2486 871,2486 916,2483 961,2483 1005,2483 1050,2483 1095,2480 1140,2480 1184,2483 1229,2480 1274,2480 1319,2480 1363,2480 1408,2480 1453,2480 1498,2480 1542,2477 1587,2477 1632,2477 1677,2477 1722,2477 1766,2477 1811,2477 1856,2477 1901,2477 1945,2477 1990,2477 2035,2477 2080,2474 2124,2477 2169,2474 2214,2474 2259,2471 2304,2471 2348,2471 2393,2471 2438,2474 2483,2471 2527,2471 2572,2474 2617,2474 2662,2471 2706,2471 2751,2468 2796,2468"/>
                <TextEquiv>
                    <Unicode>hinauf gesehen. Ich bin als Tückehold gelandet. Sehr ein-</Unicode>
                </TextEquiv>
            </TextLine>
            <TextLine id="tr_2_tl_4" custom="readingOrder {index:3;}">
                <Coords points="569,2650 2211,2633 2710,2699 2799,2564 569,2590"/>
                <Baseline points="584,2641 611,2641 656,2641 701,2644 746,2644 790,2644 835,2641 880,2641 925,2641 969,2641 1014,2638 1059,2638 1104,2638 1149,2638 1193,2638 1238,2638 1283,2638 1328,2638 1372,2638 1417,2638 1462,2638 1507,2635 1551,2635 1596,2635 1641,2635 1686,2635 1731,2635 1775,2632 1820,2632 1865,2632 1910,2632 1954,2632 1999,2629 2044,2626 2089,2629 2133,2629 2178,2629 2223,2629 2268,2629 2312,2629 2357,2629 2402,2629 2447,2629 2492,2626 2536,2626 2581,2626 2626,2626 2671,2626 2715,2626 2760,2629 2805,2629"/>
                <TextEquiv>
                    <Unicode>leuchtend ist mir auch die Behandlung der Zwischenstufen,</Unicode>
                </TextEquiv>
            </TextLine>
            <TextLine id="tr_2_tl_5" custom="readingOrder {index:4;}">
                <Coords points="571,2811 864,2863 2070,2794 2418,2888 2728,2831 2731,2696 571,2736"/>
                <Baseline points="587,2796 632,2796 677,2796 722,2796 767,2796 811,2796 856,2793 901,2793 946,2793 990,2793 1035,2793 1080,2793 1125,2790 1169,2790 1214,2790 1259,2790 1304,2790 1348,2790 1393,2790 1438,2790 1483,2790 1528,2787 1572,2790 1617,2790 1662,2790 1707,2790 1751,2790 1796,2790 1841,2787 1886,2787 1930,2787 1975,2787 2020,2787 2065,2787 2110,2784 2154,2784 2199,2784 2244,2784 2289,2784 2333,2784 2378,2784 2423,2784 2468,2781 2512,2784 2557,2784 2602,2781 2647,2781 2692,2781 2736,2781"/>
                <TextEquiv>
                    <Unicode>der fliessenden Seelenzustände,- Bei dieser Gelegenheit</Unicode>
                </TextEquiv>
            </TextLine>
            <TextLine id="tr_2_tl_6" custom="readingOrder {index:5;}">
                <Coords points="569,2983 2041,2952 2288,3018 2432,2940 2877,3006 2877,2891 2561,2845 569,2886"/>
                <Baseline points="584,2951 596,2951 641,2951 686,2951 731,2951 775,2951 820,2951 865,2951 910,2951 955,2951 999,2951 1044,2951 1089,2951 1134,2951 1178,2948 1223,2948 1268,2951 1313,2948 1357,2948 1402,2945 1447,2945 1492,2945 1537,2942 1581,2945 1626,2945 1671,2945 1716,2945 1760,2945 1805,2948 1850,2945 1895,2942 1939,2945 1984,2945 2029,2945 2074,2942 2118,2942 2163,2942 2208,2939 2253,2939 2298,2939 2342,2939 2387,2939 2432,2939 2477,2933 2521,2936 2566,2936 2611,2939 2656,2939 2700,2939 2745,2936 2790,2939 2835,2936 2880,2936"/>
                <TextEquiv>
                    <Unicode>muss ich auch von Ihrem "Spiel im Morgengrauen" sprechen.</Unicode>
                </TextEquiv>
            </TextLine>
            <TextLine id="tr_2_tl_7" custom="readingOrder {index:6;}">
                <Coords points="569,3150 1849,3107 2110,3167 2776,3115 2776,3021 569,3044"/>
                <Baseline points="584,3106 587,3106 632,3103 677,3106 722,3106 767,3109 811,3106 856,3106 901,3106 946,3106 990,3106 1035,3106 1080,3106 1125,3103 1169,3103 1214,3103 1259,3106 1304,3103 1348,3103 1393,3103 1438,3100 1483,3103 1528,3103 1572,3103 1617,3103 1662,3103 1707,3103 1751,3103 1796,3103 1841,3103 1886,3100 1930,3100 1975,3100 2020,3100 2065,3100 2110,3100 2154,3100 2199,3100 2244,3097 2289,3097 2333,3097 2378,3094 2423,3094 2468,3097 2512,3097 2557,3094 2602,3094 2647,3091 2692,3091 2736,3085 2781,3079"/>
                <TextEquiv>
                    <Unicode>Ich las das erste Heft der Berl. Hl. Ztg. in Viganello</Unicode>
                </TextEquiv>
            </TextLine>
            <TextLine id="tr_2_tl_8" custom="readingOrder {index:7;}">
                <Coords points="566,3319 2446,3256 2624,3311 2811,3256 2814,3158 1619,3210 1467,3127 1347,3204 566,3199"/>
                <Baseline points="581,3265 623,3268 668,3265 713,3268 758,3268 802,3268 847,3268 892,3265 937,3265 981,3265 1026,3265 1071,3265 1116,3265 1160,3265 1205,3265 1250,3262 1295,3262 1340,3262 1384,3265 1429,3262 1474,3265 1519,3262 1563,3262 1608,3262 1653,3262 1698,3265 1742,3268 1787,3268 1832,3265 1877,3259 1922,3259 1966,3259 2011,3256 2056,3256 2101,3256 2145,3256 2190,3253 2235,3253 2280,3253 2324,3253 2369,3250 2414,3253 2459,3250 2503,3250 2548,3250 2593,3253 2638,3250 2683,3247 2727,3247 2772,3247 2817,3247"/>
                <TextEquiv>
                    <Unicode>bei meinem Sohn (Fritz Bondy), fuhr dann nach Hause und</Unicode>
                </TextEquiv>
            </TextLine>
            <TextLine id="tr_2_tl_9" custom="readingOrder {index:8;}">
                <Coords points="571,3443 2791,3454 2808,3322 1108,3388 571,3334"/>
                <Baseline points="587,3426 620,3429 665,3429 710,3429 755,3429 799,3426 844,3426 889,3426 934,3426 978,3426 1023,3423 1068,3423 1113,3426 1157,3423 1202,3423 1247,3423 1292,3423 1337,3423 1381,3423 1426,3423 1471,3420 1516,3420 1560,3420 1605,3420 1650,3420 1695,3420 1739,3420 1784,3417 1829,3417 1874,3414 1919,3414 1963,3414 2008,3414 2053,3411 2098,3411 2142,3411 2187,3411 2232,3411 2277,3408 2321,3408 2366,3408 2411,3408 2456,3408 2500,3405 2545,3408 2590,3408 2635,3408 2680,3405 2724,3405 2769,3402 2814,3402"/>
                <TextEquiv>
                    <Unicode>er sandte mir die folgenden Hefte nach. Er hatte vor zwei</Unicode>
                </TextEquiv>
            </TextLine>
        </TextRegion>
    </Page>
</PcGts>
