6600 4296
3612 834 5629 1033 "Ueber das Genie",“ zwischen Gesundheit und Krank-
3597 1033 5554 1169 heit", Zwischen Körper und Seele" usw.) würden Sie
3597 1190 5629 1360 sehr verwandt berühren. Als kleine Gegengabe erlaube
3599 1360 5605 1469 ich mir, Ihnen mein Büchlein "Vom unnötigen Altern
3612 1498 5501 1639 zugehen zu lassen, über dessen Inhalt hinter dem
3612 1642 5565 1801 anspruchslosen Titel ich wenigstens das eine sagen
3612 1796 5745 1947 darf, dass es in seiner Art gleichfalls einen " Schlüs-
3612 1936 5533 2101 selbund" darstellt; und ich werde mich aufrichtig
3618 2112 5530 2247 freuen, wenn Sie mir nach dem Durchlesen ein Wort
3612 2287 4627 2428 darüber schreiben wollen.
3913 2553 5581 2709 Mit aufrichtigem Dank Ihr hochachtungsvoll
4941 2725 5323 2866 ergebener
5278 3018 5682 3156 Paul Cohn
