6728 4440
3610 322 4328 521 Richard Hors
5134 486 5790 732 Wien, 10. 2. 27.
4225 996 4994 1221 Mein lieber Arthur!
3834 1303 5750 1477 Du hast mir durch die gütige Uebersendung Deines
3779 1464 5782 1657 letzten Buches eine sehr grosse Freude bereitet und
3781 1622 5869 1794 beeile ich mich, Dir hierfür meinen allerherzlichsten
3773 1797 5824 1948 Dank auszusprechen. Als ich den Titel las, vermutete
3781 1987 5782 2135 ich zunächst eine innere Verwandtschaft dieses Auf-
3787 2088 5827 2254 satzes mit Schopenhauer: " Von dem was Einer ist und
3792 2280 4981 2418 von dem, was Einer vorstellt."
3779 2386 5840 2584 Aber bald sah ich, dass sich die Gedankengänge doch
3787 2558 5850 2751 in einer ganz anderen Richtung bewegen und freue ich
3787 2732 5911 2862 mich ungemein auf die Lekture des Buches. Ich bedauere
3797 2867 5893 3055 sehr, Dich in den letzten 3 Jahren nicht mehr gesehen
3803 3047 5885 3187 zu haben. Im Geiste beschäftige ich mich oft mit Dir.
3792 3163 5885 3409 Du wärest jetzt in dem Alter, um den Sprung vom Dich-
1052 3615 1496 3850 Votre tresseurs
