3464 4200
178 294 739 574 Goutalik
1800 478 2643 685 Wien, 11. Feber 1927.
985 1081 2505 1404 Sehr verehrter Herr Doktor Schnitzler!
1851 1392 2756 1605 Ich habe Ihnen für die
501 1571 2683 1774 Zusendung Ihrer unerwarteten Schrift zu danken, die ich
509 1718 2785 1910 mit Aufregung gelesen habe. Ich würde gerne etwas dazu sa-
498 1876 2683 2122 gen und in der „literatur“ drucken lassen ( falls Sie es
515 2091 1166 2295 nicht ablehnen).
1135 2185 2499 2383 Indes verbleibe ich mit meinen ver-
515 2389 1540 2587 bindlichsten Empfehlungen
1573 2465 2420 2686 Ihr dankbar ergebener
2386 2742 2819 3000 Emil Lucka
