6584 4296
3370 474 3900 695 Tantlohn
5258 591 5802 778 9. März 1927.
4323 1036 5362 1215 Sehr geehrter Herr Doktor!
3767 1412 5636 1505 Das haben Sie bei der gütigen Uebersendung Ihrer
3607 1510 5636 1678 wundervollen Diogrammschrift wohl nicht gealnt, dass
3607 1718 5746 1830 Sie an Jemanden kommen würde, der über die menschlichen
3607 1838 5631 1984 Denkbilder nachgedacht über "Stimmungen als Grundla-
3617 2043 5668 2142 gen von Seelenzuständen" geschrieben und vorgetragen,
3612 2182 5706 2293 über " Religiosität als physiologisches Problam" pu-
3612 2328 5698 2429 bliciert und über die angeborene physiologische Grund-
3607 2493 5618 2618 lage von Stärke und Schwäche mit den entsprechenden
3607 2632 5687 2741 entgegengesetzten seelischen Begleiteigenschaften als
3607 2768 5650 2911 Grundeinteilung der Menschen auch in seinem Büchlein
3649 2943 5591 3047 " Vom unnötigen Altern " einiges gesagtehat. ( Als
3612 3117 5668 3226 ich den Religiositätsartikel einer naturwissenschaft-
3617 3242 5655 3375 lichen Zeitschrift eingab, wurde er mir mit der Wei-
3623 3410 5690 3575 sung zurückgeschickt, ich möchte die Behauptung, dass
