6728 4344
5231 471 5903 655 Bern, 31. I. 27.
3413 477 4498 827 Rudolf N. Holzapfel
4418 954 5360 1229 Lieber, sehr Verehrter!
3927 1301 5937 1551 Soeben erhalte ich Ihre Schrift  der Geist im Wort
3820 1479 5978 1735 und der Geist in der Tat " - und beeile mich für die so
3829 1669 5759 1879 freundliche Zusendung aufs herzlichste zu danken!
3990 1790 6182 2034 Da ich sie sofort überflog, so konnte ich schon aus die-
3846 1919 6150 2174 ser ersten flüchtigen und vorläufigen Lektüre ersehen, dass
3861 2126 6021 2347 hier eine concentrierte, reich verzweigte und intensive
3852 2252 6098 2511 Zusammenfassung wesentlicher Erfahrungen eines schöpferi-
3889 2424 6006 2660 schen Lebens vorliegt. Sie ist also als Bekenntnis und
3878 2565 6187 2795 als charakterologische quintessenz eines Dichterschicksales
3892 2792 4889 2973 von ungewöhnlichem Wert.
4053 2832 6153 3128 Dies ist mir um so erfreulicher, als es leider gar zu
3909 3013 6127 3252 wenig objektive Selbstberichte schöpferischer Menschen ü-
3915 3220 5262 3433 ber eigene Grunderfahrungen gibt!
4125 3344 6136 3576 Gestatten Sie mir diesen Zeilen den Ausdruck meiner
