3480 4216
1687 457 1792 596 -2-
442 913 2627 1123 thronenden Verstehn Ihres Schemas! - Prophet nennen Sie
448 1076 590 1268 es.
605 1251 2516 1434 Auch in Ihren Werken tritt die Bipolarität alles
445 1402 2551 1550 Lebendigen klar in Erscheinung und Ihre Typen sind ja
445 1542 2507 1707 Ausdruck dieser Gesetzlichkeit. In diese Bipolarität
442 1693 2504 1899 alles Naturgeschehens fällt auch die Embriologie der
442 1850 1143 2019 Gefühle ( Freud)
832 2024 2551 2161 Was mir besonderen Eindruck machte ist Ihre
439 2190 2603 2327 Unterscheidung; Geistesverfassung und Seelenverfossung.
430 2312 2566 2522 Diese Trennung ist mir deswegen besonders interessant,
442 2464 2699 2632 weil wir heute in der Konstitutionsforschung Konstitution
442 2618 2766 2804 und Kondition streng voneinander abgrenzen. Konstitutionell
439 2789 2609 2958 ist vererbbar, unabänderlich und ergibt die Geistesver-
439 2917 2632 3104 fassung in Ihrem Sinn. Die Seelenverfassuug dagegen ist
433 3124 2775 3272 zeitlich variabel, abhängig von Erlebnissen, ist reversibel
550 3261 2848 3447 ist letzten Endes von physiologischen Momenten ( endokrin)
436 3415 814 3592 abhängig.
