3512 4232
1694 538 1784 697 -3-
596 902 2842 1067 bin, einmal bei Ihnen, wenn Sie gestatten, vorzusprechen.
602 1106 2685 1224 Von Heini habe ich schon lange nichts gehört. Ich war
602 1263 2652 1383 schon längere Zeit nicht in Berlin und dürfte in der
602 1411 2803 1610 nächsten Zeit leider auch nicht hinkommen. Doch will ich
591 1579 1725 1733 ihm nächster Tage schreiben.
1072 1730 2780 1929 Empfangen Sie nun, hochgeehrter Herr Doktor,
599 1882 2800 2033 meinen nochmaligen Dank und verehrungsvolle Empfehlungen
1036 2047 2005 2232 von Ihrem sehr ergebenen
1957 2330 2416 2492 Karl Menger
