3560 4216
295 427 746 649 Pr. E. Iule
1178 813 2605 1057 Von Herzen verehrtester Herr Doktor!
859 1105 2738 1370 Sie haben mir mit der Uebersendung Ihres Buches,
646 1311 2716 1540 dann durch die freundliche Widmung ausserdem eine un-
659 1424 2743 1708 wahrscheinliche Freude bereitet. Diese steigerte sich
665 1592 2700 1846 aber zu einem festlichen Genuss, zu seiner wahren Er-
678 1743 2735 2019 bauung als ich Zeit fand und mich der Lektüre dieses
703 1900 2805 2181 seltenen Werkes hingab. Was Sie verehrtester Meister,
697 2076 2802 2338 hier geben ist so volle Weisheit - Niederschlag eines
716 2184 2811 2475 Lebens und was mehr gilt; einer tiefen Wahrhaftigkeit
732 2327 2892 2662 allem Lebenden, Erschauten und Erfühlten gegenüber. Die
743 2500 2811 2830 Darstellung zeigt aber, dass in dieser dichterischen
749 2638 2851 2935 Seele auch eine ärztliche Seele wohnt - deutlich wird
781 2792 2835 3075 der Biologe kenntlich. Geschaut - erkannt wurde das
789 2962 2965 3257 hier Gesehene mit den Augen des Arztes. Dargestellt mit
800 3113 2930 3421 der Sprache des Dichters - erfühlt und erlebt aber mit
819 3313 2716 3567 dem Herzen, mit der Seele Ihres über dem Dichter
