3496 4184
487 270 957 540 Verloch
1987 340 2943 591 Wien, am 10. Feber 1927.
1207 945 2524 1168 Lieber und verehrter Herr Doktor,
771 1241 2727 1460 Ihr Schreiben, aus dem so warme und herzliche Sym-
608 1424 2741 1621 pathie spricht, hat mich so überaus beglückt, dass ich
605 1607 2701 1764 mir Luft machen und Ihnen sagen muss, wie dankbar ich
619 1722 2884 1939 Ihnen für Ihre gute Meinung und freundliche Gesinnung bin.
619 1896 2738 2074 Wenn ich sagen sollte, wonach so recht eigentlich mein
608 2046 2746 2231 Streben gerichtet ist, so glaube ich, wäre es das: ein
627 2234 2774 2409 guter Mensch zu sein! Wenn ich lese - obe nun Dichtung,
619 2341 2788 2546 Historie oder Philosophie - so ist es für mich ganz vom
622 2521 2774 2710 künstlerischen Geniessen abgesehen, aber eigentlich un-
622 2676 2749 2862 trennbar damit verbunden eine Selbstprüfung: "Bist du
619 2870 2828 2985 so wie du sein sollst? " Sie können daraus ermessen wie
639 2991 2752 3171 glücklich es mich macht, dass Sie an mir, mehr als die
616 3180 2777 3340 Klugheit, das Herz und das Menschliche anerkennen, Sie,
636 3286 2831 3481 den ich als den vielleicht redlichsten lebenden Künstler
