<?xml version="1.0" encoding="UTF-8" standalone="yes"?>
<PcGts xmlns="http://schema.primaresearch.org/PAGE/gts/pagecontent/2013-07-15" xmlns:xsi="http://www.w3.org/2001/XMLSchema-instance" xsi:schemaLocation="http://schema.primaresearch.org/PAGE/gts/pagecontent/2013-07-15 http://schema.primaresearch.org/PAGE/gts/pagecontent/2013-07-15/pagecontent.xsd">
    <Metadata>
        <Creator>prov=READ-COOP:name=TrHtr:version=2.1.0:model_id=51170:date=28_07_2023_03:04</Creator>
        <Created>2023-05-10T11:15:41.080+02:00</Created>
        <LastChange>2023-07-28T03:04:31.263+02:00</LastChange>
        <TranskribusMetadata docId="1428139" pageId="55384961" pageNr="51" tsid="131314900" status="IN_PROGRESS" userId="64420" imgUrl="https://files.transkribus.eu/Get?id=HPVDOXNNNXTGMYJNYXEABJTN&amp;fileType=view" xmlUrl="https://files.transkribus.eu/Get?id=WBMJUTXWGZIKNDWATZGALWCP" imageId="44659860"/>
    </Metadata>
    <Page imageFilename="1428139_0051.jpg" imageWidth="3432" imageHeight="4216">
        <ReadingOrder>
            <OrderedGroup id="ro_1711823264916" caption="Regions reading order">
                <RegionRefIndexed index="0" regionRef="tr_1"/>
                <RegionRefIndexed index="1" regionRef="tr_2"/>
            </OrderedGroup>
        </ReadingOrder>
        <TextRegion id="tr_1" custom="readingOrder {index:0;}">
            <Coords points="197,472 2678,472 2678,1873 197,1873"/>
            <TextLine id="tr_1_tl_1" custom="readingOrder {index:0;}">
                <Coords points="180,613 338,583 423,605 728,521 823,534 870,521 878,439 682,420 573,354 390,409 202,368"/>
                <Baseline points="197,582 206,579 250,573 295,567 340,558 385,555 429,552 474,546 519,540 564,537 609,531 653,528 698,525 743,522 788,522 833,522 877,528"/>
                <TextEquiv>
                    <Unicode>Dr S Lene</Unicode>
                </TextEquiv>
            </TextLine>
            <TextLine id="tr_1_tl_2" custom="readingOrder {index:1;}">
                <Coords points="1704,652 1778,657 1930,605 1993,630 2244,608 2399,662 2421,474 2325,510 2268,496 2222,529 2167,513 2056,540 1987,504 1884,540 1707,499"/>
                <Baseline points="1719,597 1752,594 1797,597 1842,597 1887,600 1931,600 1976,600 2021,597 2066,594 2110,594 2155,591 2200,588 2245,588 2290,585 2334,585 2379,585 2424,585"/>
                <TextEquiv>
                    <Unicode>Wien, 1. II. 1927.</Unicode>
                </TextEquiv>
            </TextLine>
            <TextLine id="tr_1_tl_3" custom="readingOrder {index:2;}">
                <Coords points="507,1265 932,1298 979,1268 1104,1317 1393,1260 1554,1309 1559,1159 932,1170 845,1137 728,1189 510,1140"/>
                <Baseline points="522,1248 534,1248 579,1245 624,1245 668,1245 713,1245 758,1245 803,1242 847,1239 892,1236 937,1236 982,1236 1027,1233 1071,1230 1116,1230 1161,1227 1206,1227 1251,1224 1295,1224 1340,1224 1385,1224 1430,1224 1475,1227 1519,1230 1564,1233"/>
                <TextEquiv>
                    <Unicode>Sehr geehrter Herr Doktor,</Unicode>
                </TextEquiv>
            </TextLine>
            <TextLine id="tr_1_tl_4" custom="readingOrder {index:3;}">
                <Coords points="521,1595 804,1551 1022,1619 1412,1538 2037,1603 2203,1513 2672,1611 2674,1450 2271,1396 523,1456"/>
                <Baseline points="537,1552 573,1549 618,1549 662,1549 707,1546 752,1546 797,1543 842,1543 886,1543 931,1543 976,1540 1021,1540 1065,1540 1110,1537 1155,1537 1200,1537 1245,1534 1289,1531 1334,1531 1379,1531 1424,1528 1469,1528 1513,1525 1558,1525 1603,1522 1648,1522 1692,1519 1737,1519 1782,1516 1827,1516 1872,1516 1916,1516 1961,1516 2006,1513 2051,1510 2096,1510 2140,1510 2185,1507 2230,1507 2275,1504 2319,1501 2364,1504 2409,1501 2454,1501 2499,1498 2543,1498 2588,1501 2633,1501 2678,1501"/>
                <TextEquiv>
                    <Unicode>Haben Sie vielen Dank für die kleine kritische Schrift,</Unicode>
                </TextEquiv>
            </TextLine>
            <TextLine id="tr_1_tl_5" custom="readingOrder {index:4;}">
                <Coords points="532,1788 1505,1682 1720,1772 2047,1685 2568,1761 2574,1578 537,1603"/>
                <Baseline points="549,1710 564,1707 609,1704 653,1704 698,1704 743,1701 788,1701 833,1701 877,1701 922,1698 967,1698 1012,1698 1056,1695 1101,1692 1146,1692 1191,1692 1236,1689 1280,1689 1325,1686 1370,1684 1415,1681 1460,1681 1504,1681 1549,1681 1594,1678 1639,1675 1684,1675 1728,1675 1773,1675 1818,1672 1863,1669 1907,1669 1952,1669 1997,1666 2042,1666 2087,1666 2131,1666 2176,1663 2221,1663 2266,1663 2311,1660 2355,1660 2400,1657 2445,1654 2490,1654 2534,1654 2579,1657"/>
                <TextEquiv>
                    <Unicode>die ich vorgestern bekam - Sie haben mir eine grosse</Unicode>
                </TextEquiv>
            </TextLine>
            <TextLine id="tr_1_tl_6" custom="readingOrder {index:5;}">
                <Coords points="532,1897 752,1862 799,1892 924,1859 1022,1889 1317,1848 1420,1873 1423,1758 987,1791 927,1748 616,1805 534,1783"/>
                <Baseline points="546,1863 576,1860 621,1857 665,1860 710,1860 755,1857 800,1857 844,1854 889,1851 934,1848 979,1848 1024,1848 1068,1848 1113,1845 1158,1845 1203,1845 1248,1842 1292,1842 1337,1842 1382,1842 1427,1842"/>
                <TextEquiv>
                    <Unicode>Freude damit bereitet.</Unicode>
                </TextEquiv>
            </TextLine>
        </TextRegion>
        <TextRegion id="tr_2" custom="readingOrder {index:1;}">
            <Coords points="543,1905 2726,1905 2726,3428 543,3428"/>
            <TextLine id="tr_2_tl_1" custom="readingOrder {index:0;}">
                <Coords points="529,2058 2339,1968 2604,2045 2683,2020 2688,1887 532,1941"/>
                <Baseline points="543,2015 588,2012 632,2012 677,2012 722,2012 767,2009 812,2009 856,2006 901,2006 946,2003 991,2003 1036,2003 1080,2003 1125,2003 1170,2000 1215,1997 1260,1997 1304,1997 1349,1997 1394,1997 1439,1994 1483,1991 1528,1991 1573,1988 1618,1991 1663,1988 1707,1985 1752,1985 1797,1982 1842,1979 1887,1979 1931,1979 1976,1976 2021,1976 2066,1976 2110,1976 2155,1973 2200,1973 2245,1970 2290,1967 2334,1964 2379,1964 2424,1961 2469,1961 2514,1961 2558,1958 2603,1955 2648,1955 2693,1955"/>
                <TextEquiv>
                    <Unicode>Es ist die knappsteêpologie, die ich je gelesen. Ihre</Unicode>
                </TextEquiv>
            </TextLine>
            <TextLine id="tr_2_tl_2" custom="readingOrder {index:1;}">
                <Coords points="532,2170 1213,2211 2454,2118 2664,2178 2721,2039 534,2083"/>
                <Baseline points="546,2167 576,2167 621,2167 665,2167 710,2164 755,2164 800,2164 844,2161 889,2158 934,2158 979,2158 1024,2158 1068,2155 1113,2155 1158,2155 1203,2155 1248,2149 1292,2146 1337,2146 1382,2146 1427,2143 1472,2143 1516,2140 1561,2140 1606,2137 1651,2137 1695,2137 1740,2134 1785,2134 1830,2131 1875,2131 1919,2131 1964,2128 2009,2128 2054,2125 2099,2125 2143,2122 2188,2122 2233,2119 2278,2119 2322,2116 2367,2116 2412,2113 2457,2113 2502,2110 2546,2110 2591,2110 2636,2108 2681,2105 2726,2102"/>
                <TextEquiv>
                    <Unicode>besinnliche, unsentimentale und unrichterliche Sachlich-</Unicode>
                </TextEquiv>
            </TextLine>
            <TextLine id="tr_2_tl_3" custom="readingOrder {index:2;}">
                <Coords points="532,2350 1559,2304 1767,2369 2203,2279 2571,2358 2642,2156 534,2266"/>
                <Baseline points="549,2325 585,2325 630,2322 674,2322 719,2322 764,2322 809,2319 853,2317 898,2317 943,2317 988,2314 1033,2311 1077,2311 1122,2308 1167,2308 1212,2308 1257,2305 1301,2305 1346,2305 1391,2302 1436,2302 1480,2302 1525,2299 1570,2299 1615,2299 1660,2296 1704,2296 1749,2293 1794,2290 1839,2290 1884,2287 1928,2284 1973,2284 2018,2284 2063,2281 2108,2281 2152,2278 2197,2275 2242,2275 2287,2275 2331,2272 2376,2272 2421,2272 2466,2269 2511,2269 2555,2266 2600,2266 2645,2269"/>
                <TextEquiv>
                    <Unicode>keit, Ihr Wille zur Gerechtigkeit haben mich seelisch</Unicode>
                </TextEquiv>
            </TextLine>
            <TextLine id="tr_2_tl_4" custom="readingOrder {index:3;}">
                <Coords points="548,2511 2391,2497 2595,2465 2598,2345 551,2405"/>
                <Baseline points="564,2481 588,2481 632,2481 677,2478 722,2478 767,2478 812,2475 856,2472 901,2472 946,2469 991,2469 1036,2466 1080,2466 1125,2466 1170,2463 1215,2460 1260,2460 1304,2460 1349,2460 1394,2457 1439,2457 1483,2457 1528,2457 1573,2457 1618,2454 1663,2457 1707,2454 1752,2451 1797,2445 1842,2445 1887,2445 1931,2445 1976,2442 2021,2442 2066,2439 2110,2436 2155,2433 2200,2433 2245,2430 2290,2430 2334,2430 2379,2427 2424,2427 2469,2424 2514,2424 2558,2421 2603,2427"/>
                <TextEquiv>
                    <Unicode>ebenso wohltuend berührt, als geistig die saubere und</Unicode>
                </TextEquiv>
            </TextLine>
            <TextLine id="tr_2_tl_5" custom="readingOrder {index:4;}">
                <Coords points="540,2680 1900,2604 2181,2677 2707,2606 2713,2492 543,2579"/>
                <Baseline points="558,2633 567,2636 612,2633 656,2633 701,2630 746,2630 791,2630 836,2627 880,2627 925,2624 970,2624 1015,2624 1059,2624 1104,2621 1149,2618 1194,2618 1239,2618 1283,2615 1328,2612 1373,2612 1418,2612 1463,2612 1507,2609 1552,2612 1597,2609 1642,2606 1686,2603 1731,2603 1776,2600 1821,2600 1866,2597 1910,2597 1955,2594 2000,2594 2045,2591 2090,2588 2134,2588 2179,2585 2224,2585 2269,2585 2314,2582 2358,2582 2403,2582 2448,2579 2493,2576 2537,2576 2582,2576 2627,2573 2672,2570 2717,2570"/>
                <TextEquiv>
                    <Unicode>unhochmütige Durchführung der Antithesen. Fruchtbar ist</Unicode>
                </TextEquiv>
            </TextLine>
            <TextLine id="tr_2_tl_6" custom="readingOrder {index:5;}">
                <Coords points="1096,2784 1927,2833 2211,2743 2593,2800 2669,2792 2674,2644 1099,2721"/>
                <Baseline points="1110,2776 1155,2773 1200,2773 1245,2770 1289,2767 1334,2767 1379,2770 1424,2767 1469,2767 1513,2764 1558,2764 1603,2761 1648,2758 1692,2758 1737,2755 1782,2755 1827,2752 1872,2752 1916,2749 1961,2749 2006,2749 2051,2746 2096,2746 2140,2743 2185,2743 2230,2740 2275,2740 2319,2740 2364,2740 2409,2738 2454,2735 2499,2735 2543,2732 2588,2732 2633,2729 2678,2732"/>
                <TextEquiv>
                    <Unicode>dieser Schrift besonders darum, weil sie</Unicode>
                </TextEquiv>
            </TextLine>
            <TextLine id="tr_2_tl_7" custom="readingOrder {index:6;}">
                <Coords points="551,2800 600,2803 622,2819 641,2800 690,2797 761,2816 818,2803 853,2811 859,2694 829,2685 785,2718 750,2715 701,2740 673,2718 652,2726 622,2702 581,2737 553,2740"/>
                <Baseline points="567,2794 594,2791 638,2788 683,2788 728,2785 773,2785 818,2782 862,2779"/>
                <TextEquiv>
                    <Unicode>die Abb.</Unicode>
                </TextEquiv>
            </TextLine>
            <TextLine id="tr_2_tl_8" custom="readingOrder {index:7;}">
                <Coords points="562,2972 2361,2953 2541,2923 2544,2822 564,2873"/>
                <Baseline points="576,2950 579,2947 624,2944 668,2944 713,2944 758,2944 803,2944 847,2941 892,2938 937,2938 982,2935 1027,2935 1071,2932 1116,2932 1161,2932 1206,2932 1251,2926 1295,2926 1340,2926 1385,2926 1430,2926 1475,2923 1519,2923 1564,2923 1609,2920 1654,2917 1698,2917 1743,2917 1788,2914 1833,2911 1878,2911 1922,2911 1967,2908 2012,2905 2057,2905 2102,2899 2146,2899 2191,2896 2236,2896 2281,2893 2325,2893 2370,2893 2415,2890 2460,2890 2505,2887 2549,2887"/>
                <TextEquiv>
                    <Unicode>bei aller Antithesis, nie vergisst, dass das Leben</Unicode>
                </TextEquiv>
            </TextLine>
            <TextLine id="tr_2_tl_9" custom="readingOrder {index:8;}">
                <Coords points="559,3184 1082,3092 1660,3168 2156,3067 2604,3111 2644,2953 564,3040"/>
                <Baseline points="576,3105 588,3105 632,3102 677,3102 722,3099 767,3099 812,3099 856,3096 901,3096 946,3096 991,3093 1036,3093 1080,3090 1125,3093 1170,3090 1215,3090 1260,3087 1304,3087 1349,3087 1394,3087 1439,3084 1483,3084 1528,3081 1573,3078 1618,3078 1663,3075 1707,3075 1752,3072 1797,3069 1842,3069 1887,3066 1931,3066 1976,3063 2021,3063 2066,3060 2110,3057 2155,3054 2200,3057 2245,3054 2290,3054 2334,3051 2379,3054 2424,3051 2469,3051 2514,3048 2558,3045 2603,3042 2648,3042"/>
                <TextEquiv>
                    <Unicode>keine reinen Typen, sondern ein Mehr oder Weniger und</Unicode>
                </TextEquiv>
            </TextLine>
            <TextLine id="tr_2_tl_10" custom="readingOrder {index:9;}">
                <Coords points="562,3282 1527,3269 1529,3182 1437,3149 1197,3198 564,3192"/>
                <Baseline points="576,3260 594,3260 638,3260 683,3260 728,3260 773,3260 818,3257 862,3257 907,3257 952,3254 997,3254 1042,3251 1086,3251 1131,3248 1176,3248 1221,3245 1265,3245 1310,3245 1355,3245 1400,3245 1445,3242 1489,3239 1534,3242"/>
                <TextEquiv>
                    <Unicode>Mischungen hervorbringt.</Unicode>
                </TextEquiv>
            </TextLine>
            <TextLine id="tr_2_tl_11" custom="readingOrder {index:10;}">
                <Coords points="567,3438 1031,3490 1426,3419 1677,3465 1810,3389 2620,3416 2669,3304 2533,3250 1658,3318 1527,3261 1439,3331 570,3351"/>
                <Baseline points="582,3418 609,3415 653,3415 698,3418 743,3418 788,3415 833,3415 877,3415 922,3412 967,3412 1012,3409 1056,3409 1101,3406 1146,3403 1191,3403 1236,3400 1280,3397 1325,3397 1370,3397 1415,3397 1460,3394 1504,3391 1549,3391 1594,3388 1639,3388 1684,3385 1728,3385 1773,3382 1818,3382 1863,3379 1907,3376 1952,3376 1997,3376 2042,3376 2087,3376 2131,3373 2176,3373 2221,3371 2266,3368 2311,3365 2355,3365 2400,3365 2445,3362 2490,3359 2534,3356 2579,3353 2624,3350 2669,3356"/>
                <TextEquiv>
                    <Unicode>Als ich das Büchlein zum zweitenmal las, liess ich im</Unicode>
                </TextEquiv>
            </TextLine>
        </TextRegion>
    </Page>
</PcGts>
