<?xml version="1.0" encoding="UTF-8" standalone="yes"?>
<PcGts xmlns="http://schema.primaresearch.org/PAGE/gts/pagecontent/2013-07-15" xmlns:xsi="http://www.w3.org/2001/XMLSchema-instance" xsi:schemaLocation="http://schema.primaresearch.org/PAGE/gts/pagecontent/2013-07-15 http://schema.primaresearch.org/PAGE/gts/pagecontent/2013-07-15/pagecontent.xsd">
    <Metadata>
        <Creator>prov=READ-COOP:name=TrHtr:version=2.1.0:model_id=51170:date=28_07_2023_03:04</Creator>
        <Created>2023-05-10T11:15:53.524+02:00</Created>
        <LastChange>2023-07-28T03:04:49.218+02:00</LastChange>
        <TranskribusMetadata docId="1428139" pageId="55385250" pageNr="121" tsid="131314987" status="IN_PROGRESS" userId="64420" imgUrl="https://files.transkribus.eu/Get?id=TNYLIEZMKFSSEAMMUUABEYVW&amp;fileType=view" xmlUrl="https://files.transkribus.eu/Get?id=KPOKVRPKDKFJPPMKNIIPAZTB" imageId="44660149"/>
    </Metadata>
    <Page imageFilename="1428139_0121.jpg" imageWidth="3448" imageHeight="4200">
        <ReadingOrder>
            <OrderedGroup id="ro_1711823327415" caption="Regions reading order">
                <RegionRefIndexed index="0" regionRef="tr_2"/>
                <RegionRefIndexed index="1" regionRef="tr_1"/>
            </OrderedGroup>
        </ReadingOrder>
        <TextRegion id="tr_2" custom="readingOrder {index:0;}">
            <Coords points="226,600 2632,600 2632,1445 226,1445"/>
            <TextLine id="tr_2_tl_1" custom="readingOrder {index:0;}">
                <Coords points="211,724 377,683 442,726 629,669 683,694 772,667 832,696 1016,664 1022,539 916,523 837,558 778,523 699,545 621,512 526,550 453,509 396,547 336,518 287,547 220,537"/>
                <Baseline points="226,677 262,683 307,683 352,683 397,680 441,683 486,680 531,677 576,677 620,674 665,668 710,668 755,665 800,662 844,659 889,659 934,659 979,653 1023,650"/>
                <TextEquiv>
                    <Unicode>beleefs &amp; Winterite</Unicode>
                </TextEquiv>
            </TextLine>
            <TextLine id="tr_2_tl_2" custom="readingOrder {index:1;}">
                <Coords points="1049,802 1897,775 2141,862 2317,753 2626,802 2626,656 1566,694 1423,650 1366,699 1049,705"/>
                <Baseline points="1065,755 1110,755 1155,758 1200,761 1244,761 1289,761 1334,761 1379,758 1423,755 1468,755 1513,755 1558,758 1602,758 1647,758 1692,758 1737,758 1782,758 1826,758 1871,758 1916,758 1961,755 2005,758 2050,758 2095,758 2140,758 2185,758 2229,758 2274,758 2319,758 2364,758 2408,755 2453,752 2498,755 2543,752 2588,752 2632,752"/>
                <TextEquiv>
                    <Unicode>Wien, XIII. Waltmanngasse 38, 3. II. 27.</Unicode>
                </TextEquiv>
            </TextLine>
            <TextLine id="tr_2_tl_3" custom="readingOrder {index:2;}">
                <Coords points="1089,1428 1228,1393 1412,1453 1501,1415 1569,1442 1767,1412 1862,1453 2144,1447 2163,1298 1913,1274 1775,1317 1409,1274 1092,1325"/>
                <Baseline points="1107,1382 1140,1382 1185,1382 1229,1382 1274,1382 1319,1382 1364,1382 1408,1379 1453,1379 1498,1382 1543,1379 1588,1379 1632,1379 1677,1376 1722,1376 1767,1376 1811,1376 1856,1376 1901,1376 1946,1373 1991,1373 2035,1373 2080,1373 2125,1379 2170,1379"/>
                <TextEquiv>
                    <Unicode>Sehr verehrter Herr Doktor,</Unicode>
                </TextEquiv>
            </TextLine>
            <TextLine id="tr_2_tl_4" custom="readingOrder {index:3;}">
                <Coords points="2488,1512 2509,1512 2531,1504 2542,1507 2556,1496 2569,1496 2569,1325 2550,1325 2523,1301 2515,1306 2501,1295 2488,1295"/>
                <Baseline points="2504,1435 2549,1435 2576,1435"/>
                <TextEquiv>
                    <Unicode>7</Unicode>
                </TextEquiv>
            </TextLine>
        </TextRegion>
        <TextRegion id="tr_1" custom="readingOrder {index:1;}">
            <Coords points="605,1621 2802,1621 2802,3610 605,3610"/>
            <TextLine id="tr_1_tl_1" custom="readingOrder {index:0;}">
                <Coords points="593,1715 1238,1756 2604,1680 2604,1607 2233,1585 951,1656 596,1612"/>
                <Baseline points="608,1704 641,1704 686,1704 731,1701 776,1701 820,1704 865,1701 910,1701 955,1698 1000,1701 1044,1701 1089,1698 1134,1698 1179,1695 1223,1695 1268,1692 1313,1692 1358,1692 1402,1692 1447,1689 1492,1689 1537,1689 1582,1689 1626,1686 1671,1689 1716,1686 1761,1686 1805,1686 1850,1686 1895,1683 1940,1680 1985,1680 2029,1680 2074,1680 2119,1680 2164,1677 2208,1680 2253,1677 2298,1677 2343,1677 2388,1677 2432,1677 2477,1674 2522,1671 2567,1671 2611,1671"/>
                <TextEquiv>
                    <Unicode>Haben Sie schönsten Dank für die Uebersendung Ihrer</Unicode>
                </TextEquiv>
            </TextLine>
            <TextLine id="tr_1_tl_2" custom="readingOrder {index:1;}">
                <Coords points="591,1902 2569,1862 2637,1767 593,1810"/>
                <Baseline points="605,1868 629,1865 674,1862 719,1862 764,1862 808,1859 853,1859 898,1856 943,1856 988,1856 1032,1856 1077,1856 1122,1853 1167,1853 1211,1853 1256,1850 1301,1850 1346,1850 1391,1850 1435,1850 1480,1847 1525,1847 1570,1847 1614,1850 1659,1844 1704,1844 1749,1841 1794,1841 1838,1841 1883,1838 1928,1838 1973,1835 2017,1832 2062,1832 2107,1832 2152,1835 2197,1835 2241,1832 2286,1832 2331,1832 2376,1832 2420,1835 2465,1835 2510,1826 2555,1826 2600,1826 2644,1826"/>
                <TextEquiv>
                    <Unicode>kleinen Schrift über der " Geist im Wort" und " der</Unicode>
                </TextEquiv>
            </TextLine>
            <TextLine id="tr_1_tl_3" custom="readingOrder {index:2;}">
                <Coords points="593,2054 715,2032 759,2057 824,2024 908,2046 935,2027 981,2054 1106,2027 1168,2046 1206,2019 1317,2051 1317,1943 1203,1962 1141,1940 1092,1976 970,1967 867,1921 699,1973 593,1967"/>
                <Baseline points="608,2017 653,2020 698,2017 743,2017 788,2020 832,2017 877,2017 922,2017 967,2014 1011,2014 1056,2011 1101,2011 1146,2014 1191,2011 1235,2011 1280,2008 1325,2011"/>
                <TextEquiv>
                    <Unicode>Geist in der Tat“.</Unicode>
                </TextEquiv>
            </TextLine>
            <TextLine id="tr_1_tl_4" custom="readingOrder {index:3;}">
                <Coords points="596,2192 2355,2179 2564,2163 2566,2081 1759,2054 1298,2130 599,2049"/>
                <Baseline points="611,2179 647,2179 692,2179 737,2179 782,2179 826,2176 871,2176 916,2173 961,2173 1005,2170 1050,2170 1095,2170 1140,2167 1185,2167 1229,2167 1274,2164 1319,2164 1364,2161 1408,2161 1453,2161 1498,2161 1543,2161 1588,2158 1632,2161 1677,2158 1722,2158 1767,2155 1811,2152 1856,2152 1901,2149 1946,2149 1991,2146 2035,2146 2080,2146 2125,2143 2170,2143 2214,2143 2259,2140 2304,2140 2349,2137 2394,2137 2438,2134 2483,2134 2528,2134 2573,2131"/>
                <TextEquiv>
                    <Unicode>Ihre anschaulich - klare Typenlehre trifft mit Ge-</Unicode>
                </TextEquiv>
            </TextLine>
            <TextLine id="tr_1_tl_5" custom="readingOrder {index:4;}">
                <Coords points="604,2341 2425,2331 2585,2314 2588,2222 607,2268"/>
                <Baseline points="623,2334 665,2334 710,2334 755,2334 800,2331 844,2331 889,2328 934,2328 979,2328 1023,2325 1068,2325 1113,2325 1158,2322 1202,2322 1247,2319 1292,2319 1337,2319 1382,2319 1426,2319 1471,2316 1516,2313 1561,2316 1605,2313 1650,2310 1695,2310 1740,2310 1785,2307 1829,2307 1874,2304 1919,2301 1964,2301 2008,2301 2053,2298 2098,2301 2143,2301 2188,2298 2232,2298 2277,2295 2322,2295 2367,2292 2411,2292 2456,2289 2501,2289 2546,2286 2591,2286"/>
                <TextEquiv>
                    <Unicode>dankengängen zusammen, die mich beim Studium eines</Unicode>
                </TextEquiv>
            </TextLine>
            <TextLine id="tr_1_tl_6" custom="readingOrder {index:5;}">
                <Coords points="602,2501 2195,2455 2379,2507 2488,2466 2490,2382 2054,2347 1664,2436 604,2401"/>
                <Baseline points="617,2489 662,2489 707,2489 752,2489 797,2489 841,2486 886,2486 931,2483 976,2483 1020,2480 1065,2480 1110,2477 1155,2477 1200,2477 1244,2477 1289,2474 1334,2474 1379,2474 1423,2471 1468,2471 1513,2468 1558,2468 1602,2468 1647,2468 1692,2468 1737,2465 1782,2462 1826,2462 1871,2459 1916,2459 1961,2459 2005,2456 2050,2453 2095,2453 2140,2453 2185,2453 2229,2450 2274,2450 2319,2450 2364,2450 2408,2447 2453,2444 2498,2438"/>
                <TextEquiv>
                    <Unicode>bestimmten Wissensgebietes seit Jahr und Tag be-</Unicode>
                </TextEquiv>
            </TextLine>
            <TextLine id="tr_1_tl_7" custom="readingOrder {index:6;}">
                <Coords points="618,2683 2577,2629 2699,2607 2702,2526 621,2602"/>
                <Baseline points="632,2647 647,2650 692,2647 737,2647 782,2647 826,2647 871,2644 916,2644 961,2641 1005,2641 1050,2638 1095,2638 1140,2635 1185,2635 1229,2635 1274,2635 1319,2632 1364,2632 1408,2629 1453,2626 1498,2626 1543,2626 1588,2623 1632,2623 1677,2623 1722,2620 1767,2620 1811,2620 1856,2617 1901,2614 1946,2611 1991,2611 2035,2611 2080,2608 2125,2608 2170,2608 2214,2605 2259,2605 2304,2605 2349,2602 2394,2602 2438,2602 2483,2600 2528,2600 2573,2597 2617,2597 2662,2594 2707,2594"/>
                <TextEquiv>
                    <Unicode>schäftigen; auch schon deswegen habe ich Ihr Buch mit</Unicode>
                </TextEquiv>
            </TextLine>
            <TextLine id="tr_1_tl_8" custom="readingOrder {index:7;}">
                <Coords points="612,2856 2369,2767 2585,2835 2588,2702 2049,2659 615,2743"/>
                <Baseline points="629,2805 665,2805 710,2805 755,2802 800,2802 844,2802 889,2800 934,2800 979,2797 1023,2797 1068,2794 1113,2794 1158,2791 1202,2788 1247,2788 1292,2788 1337,2788 1382,2785 1426,2782 1471,2782 1516,2782 1561,2782 1605,2782 1650,2782 1695,2779 1740,2776 1785,2776 1829,2776 1874,2770 1919,2770 1964,2767 2008,2767 2053,2767 2098,2764 2143,2764 2188,2764 2232,2764 2277,2761 2322,2758 2367,2758 2411,2758 2456,2758 2501,2755 2546,2755 2591,2752"/>
                <TextEquiv>
                    <Unicode>dem stärksten Interesse und mit der Sympathie, die</Unicode>
                </TextEquiv>
            </TextLine>
            <TextLine id="tr_1_tl_9" custom="readingOrder {index:8;}">
                <Coords points="604,2986 2314,2967 2564,2951 2588,2867 607,2892"/>
                <Baseline points="620,2964 665,2961 710,2958 755,2958 800,2958 844,2955 889,2955 934,2955 979,2952 1023,2952 1068,2949 1113,2946 1158,2946 1202,2946 1247,2943 1292,2940 1337,2943 1382,2940 1426,2940 1471,2937 1516,2937 1561,2934 1605,2934 1650,2931 1695,2934 1740,2931 1785,2931 1829,2931 1874,2928 1919,2925 1964,2925 2008,2925 2053,2922 2098,2922 2143,2922 2188,2919 2232,2919 2277,2919 2322,2916 2367,2916 2411,2913 2456,2910 2501,2907 2546,2907 2591,2907"/>
                <TextEquiv>
                    <Unicode>eine verwandte Weltanschauung hervorruft, gelesen.</Unicode>
                </TextEquiv>
            </TextLine>
            <TextLine id="tr_1_tl_10" custom="readingOrder {index:9;}">
                <Coords points="618,3133 1916,3089 2157,3141 2653,3076 2656,2981 621,3035"/>
                <Baseline points="632,3116 644,3116 689,3113 734,3113 779,3116 823,3113 868,3113 913,3113 958,3110 1002,3110 1047,3110 1092,3107 1137,3107 1182,3104 1226,3104 1271,3101 1316,3101 1361,3098 1405,3098 1450,3095 1495,3095 1540,3095 1585,3092 1629,3092 1674,3089 1719,3089 1764,3086 1808,3086 1853,3086 1898,3083 1943,3083 1988,3080 2032,3077 2077,3077 2122,3077 2167,3074 2211,3071 2256,3071 2301,3071 2346,3068 2391,3068 2435,3068 2480,3065 2525,3062 2570,3062 2614,3059 2659,3062"/>
                <TextEquiv>
                    <Unicode>Dass man beim Lesen den Eindruck des Selbstverständ-</Unicode>
                </TextEquiv>
            </TextLine>
            <TextLine id="tr_1_tl_11" custom="readingOrder {index:10;}">
                <Coords points="618,3317 2683,3268 2729,3171 1089,3176 927,3252 621,3203"/>
                <Baseline points="632,3274 674,3274 719,3274 764,3274 808,3274 853,3274 898,3274 943,3271 988,3271 1032,3268 1077,3265 1122,3262 1167,3262 1211,3262 1256,3262 1301,3259 1346,3259 1391,3259 1435,3256 1480,3256 1525,3253 1570,3253 1614,3250 1659,3250 1704,3247 1749,3247 1794,3244 1838,3244 1883,3244 1928,3244 1973,3241 2017,3238 2062,3235 2107,3235 2152,3232 2197,3229 2241,3229 2286,3229 2331,3226 2376,3226 2420,3223 2465,3223 2510,3220 2555,3220 2600,3220 2644,3217 2689,3217 2734,3220"/>
                <TextEquiv>
                    <Unicode>lichen, niemals aber den der begrifflichen Deduktion</Unicode>
                </TextEquiv>
            </TextLine>
            <TextLine id="tr_1_tl_12" custom="readingOrder {index:11;}">
                <Coords points="621,3474 2791,3447 2794,3309 623,3377"/>
                <Baseline points="635,3441 653,3438 698,3435 743,3435 788,3435 832,3435 877,3432 922,3432 967,3429 1011,3426 1056,3426 1101,3423 1146,3423 1191,3423 1235,3423 1280,3420 1325,3420 1370,3417 1414,3414 1459,3414 1504,3411 1549,3408 1594,3408 1638,3408 1683,3408 1728,3405 1773,3402 1817,3402 1862,3400 1907,3397 1952,3397 1997,3397 2041,3394 2086,3391 2131,3391 2176,3388 2220,3388 2265,3388 2310,3385 2355,3382 2400,3382 2444,3379 2489,3379 2534,3376 2579,3376 2623,3376 2668,3373 2713,3373 2758,3370 2802,3364"/>
                <TextEquiv>
                    <Unicode>hat, scheint mir ein zwingender Beweis für die Wahrheit</Unicode>
                </TextEquiv>
            </TextLine>
            <TextLine id="tr_1_tl_13" custom="readingOrder {index:12;}">
                <Coords points="626,3664 1341,3596 1805,3656 2412,3542 2615,3585 2761,3553 2764,3458 1252,3526 634,3474"/>
                <Baseline points="644,3600 662,3600 707,3597 752,3597 797,3594 841,3594 886,3594 931,3591 976,3591 1020,3588 1065,3588 1110,3585 1155,3582 1200,3585 1244,3582 1289,3582 1334,3579 1379,3579 1423,3576 1468,3576 1513,3573 1558,3570 1602,3570 1647,3567 1692,3564 1737,3564 1782,3564 1826,3561 1871,3558 1916,3558 1961,3555 2005,3552 2050,3549 2095,3549 2140,3546 2185,3546 2229,3543 2274,3543 2319,3540 2364,3540 2408,3540 2453,3537 2498,3534 2543,3534 2588,3534 2632,3534 2677,3531 2722,3528 2767,3531"/>
                <TextEquiv>
                    <Unicode>Ihrer Ausführungen zu sein. Ich erinnere mich übrigens</Unicode>
                </TextEquiv>
            </TextLine>
        </TextRegion>
    </Page>
</PcGts>
