6616 4296
3661 829 5700 1033 flächlich; und der strenge Sieg über die Subjektivi-
3669 1017 5710 1204 tät, der als Objektivität herauskommt, wird als Man-
3679 1210 5655 1363 gel an Subjektivität empfunden. Dass das Denken im
3690 1331 5713 1461 höchsten Sinne somit immer einen heroischen Akt dar-
3698 1527 5409 1622 stellt, wird auch nicht von Ferne begriffen.
3965 1611 5798 1799 Wenn ich Ihnen ausser meiner frohen Bewunderung
3685 1788 5790 1928 ein erstes persönliches Erstaunen aussprechen darf, so
3690 1970 5663 2095 ist es das, dass diese Schrift von unserm feinsten
3685 2102 5805 2253 psychologischen Dramatiker herkommt; freilich habe ich
3690 2271 5695 2367 schon einen Augenblick später die Konsequenz gerade
3687 2433 4379 2567 darin empfunden.-
4007 2530 5729 2726 Sollte Ihr Weg Sie je über Berlin führen, so
3685 2697 5705 2863 wird es mir eine Ehre und Freude sein, Sie zu einem
3690 2876 5650 2990 meiner Vorträge in meiner Gesellschaft einzuladen;
3700 3027 5660 3183 Themen und Inhalte derselben (wie auch derjenigen
3682 3188 5647 3312 an der hiesigen Volkshochschule:“über Stimmungen“,
