3560 4232
2334 316 2892 552 22. III. 1927
289 370 1348 575 Emme Sowiederum
733 563 1249 760 la passe
1002 966 2048 1195 Sehr geehrter Herr Doktor!
617 1216 2877 1497 Selbstverständlich macht es mir eine grosse Freude, meine
623 1437 2877 1649 Radierung neuerlich auf Ihrem Novellen/umschlag verwendet
641 1592 2853 1795 zu sehen. Die Ansichtskarten mit Ihrer Radierung sind in
641 1726 2862 1953 keinem Verlag erschienen, sie wurden von der Kotographin
644 1911 2805 2096 Josefine Feldscharek IX. Porzellangasse 27 hergestellt,
647 2030 3002 2305 Sie können, sehr geehrter Herr Doktor, telefonisch anfragen,
668 2200 2826 2418 ob sie noch welche hat. Zugleich danken wir Ihnen beide
674 2337 2966 2579 für die Zusendung von "Der Geist im Wort und der Geist in
680 2507 2898 2743 der Tat", das mich ganz begeisterte und dessen Kühnheit
680 2624 3011 2937 ich sehr bewundere. Es ist eine wunderbare Aufklärung, aber
698 2823 3020 3047 die bei Ihnen Schlechtweggekommenen werden weniger entzückt
692 2981 2984 3193 sein, und Sie werden dadurch keine neuen Freunde erwerben.
698 3127 2928 3425 Zenker wir es in einem der nächsten Hefte besprechen und
707 3256 3106 3551 lässt sich Ihnen bestens empfehlen. Dasselbe ku ich mit herz-
713 3509 2003 3736 lichem Grusse Ihre stets dankbar
2012 3589 2993 3786 ergebene Emma Löwenstamm
