6760 4376
3690 270 4363 431 P.M.
4889 466 6406 738 Berlin - Nikolassee, Alemannenstr. 21.
3502 455 4447 755 Werner Hegemann
5218 673 5799 877 25. März 1927.
4567 1248 5322 1436 Hochgeehrter Herr,
5322 1491 5908 1651 für die gütige
3853 1621 5935 1842 Uebersendung Ihres Buches  " Der Geist im Wort und der
3856 1828 5965 2036 Geist in der Tat “sage ich Ihnen herzlichen Dank. Die
3850 1978 6020 2169 Lektüre hat mir lebhafteste Freude gemacht. Niemals, so
3875 2120 6066 2344 schien mir, ist mehr mit der einen Hand genommen und mit
3880 2294 6055 2496 der anderen gegeben worden. Jeder muss sich durch dieses
3880 2428 6052 2643 Buch aufs ernsteste gewarnt und aufe gütigste beschenkt
3894 2643 4221 2842 finden.
4207 2657 6101 2968 Erlauben Sie mir, Ihnen mein neuestes Bilderheft
3913 2869 6099 3098 ( mit Landhäusern und Kritischem) zu senden und bemühen
3899 3052 5646 3284 sich bitte nicht mit einer Antwort an Ihren
5077 3172 6020 3387 stets dankbar ergebenen
5649 3504 6295 3679 Werner Hegemann
