3464 4136
498 204 1041 498 F.Truby King
2082 359 2919 605 Wiesbaden, 8. V. 1927.
693 1030 2699 1177 Hochverehrter lieber Herr Doktor Arthur Schnitzler,
1021 1341 2716 1522 empfangen Sie meinen allerherzlichsten Dank
588 1471 2849 1658 für zwei Bücher die als Gabe von Ihnen empfangen zu haben,
591 1612 2798 1788 mir ein hohes inneres Vergnügen ist: "Der Geist im Wort
603 1779 2792 1949 und der Geist in der Tat", eine Schrift, die vielleicht
594 1926 2783 2088 wenig echtere Freunde aus dem Kreis Ihrer vielen Freunden
603 2139 2755 2263 besitzen kann wie mich, den jüngeren Mitnachdenker über
605 2249 2874 2396 diese Probleme, der sich von Ihnen zu innerst angesprochen
600 2416 2764 2588 und durch so Vieles in seinen Resultaten aus Ihrem Wort
591 2588 1134 2741 bejaht fühlt.
1086 2718 2803 2916 " Spiel im Morgengrauen " - es erschiene mir
603 2882 2832 3052 überheblich, über dieses neue Meisterwerk Ihrer novellis-
603 3021 2809 3211 tischen Kunst eine auch nur so begeisterte Aeusserung zu
