3480 4184
350 229 449 322 "
145 362 1364 742 Viole Schule Skemy
1955 501 3013 678 Wien, den 31. Januar 1927.
1086 1135 2150 1312 Sehr verehrter Herr Doktor,
1689 1408 2775 1621 vor allem will ich nochmals
526 1587 2874 1776 und herzlichst danken, dass Sie mir dieses entzückende Büch-
541 1739 2852 1909 lein zuschicken liessen, dass ich es schon aus den Bürsten-
538 1912 2840 2116 abzügen kannte und dass es existiert. Für mich hat es wahr-
541 2030 2893 2206 haftig die Betrachtung der Welt sehr verändert, ich bin eif-
544 2184 2871 2407 rig dabei, die Bekannten aus der Geisterwelt, aber auch die
548 2361 2871 2512 wenigen persönlichen Bekanntan in das Diogramm einzuordnen.
557 2503 2763 2692 Es ist keineswegs eine ungeistige, aber eine sehr unter-
557 2654 2871 2852 haltende Beschäftigung, beinah ein Spass. Eine Welt von Ge-
442 2806 2930 3026 danken ist durch die " vorläufigen Bemerkungen " in Bewegung
563 2995 2856 3180 gesetzt. Der Leser erwartet, vielmehr er ist begierig mehr
566 3162 1417 3351 von ihr zu vernehmen.
1383 3196 2958 3465 Das Feuilleton war viel zu lang, und da
