6504 4168
3408 246 4245 549 Rudolf bekman
4987 358 5664 563 Wien, 20. 2. 27.
4259 857 5289 1072 Sehr geehrter Herr Doktor!
5023 1140 5782 1383 Es ist dichterische
3640 1358 5771 1537 Sendung, Dinge beim Namen zu nennen ( oder ihnen einen
3643 1495 5734 1719 Namen zu geben), wenn über sie gesprochen werden muss
3660 1677 5704 1868 -, Gedanken zum Leben zu verhelfen, wenn sie einmal
3668 1792 5799 2016 zur Erkenntnis der Menschheit herangereift gewissermas-
3662 1960 5508 2209 sen in der Luft liegen und des Erlösers harren.
5102 2114 5886 2338 So ist das Büchlein,
3679 2318 5852 2464 das Sie mir jüngst zusenden liessen, voll von allem, was
3674 2422 5723 2601 derletzten Zeit - dieser sonst nicht an übermässigen
3674 2584 5832 2772 Hang zum Nachdenken leidenden Zeit - Problemeist und in
3693 2730 5684 2934 quälender Verworrenheit der ordnenden Hand wartete.
3685 2890 5936 3080 Viel Zwiespalt der Meinungen wird durch Ihr Buch entschei-
3693 3069 5830 3315 dend beeinflusst und wenn es die Gleichgültigen aufrüt-
3690 3212 5877 3436 telt, wird es gleichzeitig die Aufgeregten beruhigen und
