<?xml version="1.0" encoding="UTF-8" standalone="yes"?>
<PcGts xmlns="http://schema.primaresearch.org/PAGE/gts/pagecontent/2013-07-15" xmlns:xsi="http://www.w3.org/2001/XMLSchema-instance" xsi:schemaLocation="http://schema.primaresearch.org/PAGE/gts/pagecontent/2013-07-15 http://schema.primaresearch.org/PAGE/gts/pagecontent/2013-07-15/pagecontent.xsd">
    <Metadata>
        <Creator>prov=READ-COOP:name=TrHtr:version=2.1.0:model_id=51170:date=28_07_2023_03:04</Creator>
        <Created>2023-05-10T11:15:35.931+02:00</Created>
        <LastChange>2023-07-28T03:04:23.062+02:00</LastChange>
        <TranskribusMetadata docId="1428139" pageId="55384849" pageNr="21" tsid="131314846" status="IN_PROGRESS" userId="64420" imgUrl="https://files.transkribus.eu/Get?id=IUKDKFHBYMBGOWRKHLIEPEXJ&amp;fileType=view" xmlUrl="https://files.transkribus.eu/Get?id=GPJLXEMREHQQZXASEKLZXDCA" imageId="44659748"/>
    </Metadata>
    <Page imageFilename="1428139_0021.jpg" imageWidth="6616" imageHeight="4296">
        <ReadingOrder>
            <OrderedGroup id="ro_1711823224926" caption="Regions reading order">
                <RegionRefIndexed index="0" regionRef="tr_1"/>
            </OrderedGroup>
        </ReadingOrder>
        <TextRegion id="tr_1" custom="readingOrder {index:0;}">
            <Coords points="3663,880 5757,880 5757,3452 3663,3452"/>
            <TextLine id="tr_1_tl_1" custom="readingOrder {index:0;}">
                <Coords points="3663,1028 5661,958 5645,851 4952,901 4583,820 4465,904 4200,917 3666,862"/>
                <Baseline points="3681,948 3699,948 3788,960 3878,966 3967,960 4057,960 4146,960 4236,960 4325,954 4415,954 4504,954 4594,954 4683,954 4773,948 4862,948 4952,948 5041,948 5131,948 5220,948 5310,942 5399,942 5489,942 5578,936 5668,930"/>
                <TextEquiv>
                    <Unicode>" der religiöse Mensch als ganzer lypus stärker sei"</Unicode>
                </TextEquiv>
            </TextLine>
            <TextLine id="tr_1_tl_2" custom="readingOrder {index:1;}">
                <Coords points="3648,1166 5257,1174 5715,1109 5718,1044 3650,1034"/>
                <Baseline points="3663,1121 3753,1121 3842,1115 3932,1115 4021,1115 4111,1115 4200,1109 4290,1109 4379,1109 4469,1109 4558,1109 4648,1103 4737,1103 4827,1103 4916,1103 5006,1103 5095,1103 5185,1097 5274,1097 5364,1097 5453,1097 5543,1091 5632,1091 5722,1091"/>
                <TextEquiv>
                    <Unicode>also höher zu werten, wie der unreligiösebl Typ, strei-</Unicode>
                </TextEquiv>
            </TextLine>
            <TextLine id="tr_1_tl_3" custom="readingOrder {index:2;}">
                <Coords points="3666,1341 5400,1310 5564,1271 5564,1174 3666,1219"/>
                <Baseline points="3681,1276 3693,1270 3782,1270 3872,1270 3961,1270 4051,1264 4140,1270 4230,1264 4319,1264 4409,1264 4498,1258 4588,1258 4677,1258 4767,1258 4856,1258 4946,1258 5035,1253 5125,1253 5214,1253 5304,1247 5393,1253 5483,1247 5572,1253"/>
                <TextEquiv>
                    <Unicode>chen, dann könne der Artikel aufgenommen werden.)</Unicode>
                </TextEquiv>
            </TextLine>
            <TextLine id="tr_1_tl_4" custom="readingOrder {index:3;}">
                <Coords points="3661,1448 5713,1455 5744,1362 3661,1370"/>
                <Baseline points="3675,1426 3693,1426 3782,1426 3872,1426 3961,1426 4051,1420 4140,1420 4230,1420 4319,1420 4409,1414 4498,1414 4588,1414 4677,1408 4767,1408 4856,1414 4946,1414 5035,1408 5125,1408 5214,1408 5304,1408 5393,1408 5483,1402 5572,1402 5662,1402 5751,1396"/>
                <TextEquiv>
                    <Unicode>Dass Ihre Schrift ein "Schlüssel" ist, wis¬</Unicode>
                </TextEquiv>
            </TextLine>
            <TextLine id="tr_1_tl_5" custom="readingOrder {index:4;}">
                <Coords points="3661,1635 4093,1578 5377,1622 5679,1601 5681,1500 3661,1557"/>
                <Baseline points="3675,1581 3717,1581 3806,1581 3896,1575 3985,1581 4075,1575 4164,1575 4254,1575 4343,1569 4433,1569 4522,1569 4612,1569 4701,1563 4791,1563 4880,1563 4970,1557 5059,1557 5149,1557 5238,1557 5328,1557 5417,1551 5507,1551 5596,1551 5686,1551"/>
                <TextEquiv>
                    <Unicode>sen Sie am besten, und ich habe fast Seite für Seite</Unicode>
                </TextEquiv>
            </TextLine>
            <TextLine id="tr_1_tl_6" custom="readingOrder {index:5;}">
                <Coords points="3666,1773 5059,1729 5707,1794 5710,1625 3669,1674"/>
                <Baseline points="3681,1742 3747,1736 3836,1730 3926,1730 4015,1724 4105,1724 4194,1724 4284,1724 4373,1724 4463,1724 4552,1718 4642,1718 4731,1718 4821,1712 4910,1712 5000,1712 5089,1712 5179,1712 5268,1712 5358,1706 5447,1706 5537,1706 5626,1706 5716,1706"/>
                <TextEquiv>
                    <Unicode>ganz verwandte Stellen mit Blei anzustreichen gehabt.</Unicode>
                </TextEquiv>
            </TextLine>
            <TextLine id="tr_1_tl_7" custom="readingOrder {index:6;}">
                <Coords points="3661,1911 4192,1955 4650,1877 5564,1880 5697,1937 5752,1802 3663,1820"/>
                <Baseline points="3675,1891 3699,1885 3788,1885 3878,1885 3967,1885 4057,1879 4146,1879 4236,1879 4325,1879 4415,1873 4504,1873 4594,1873 4683,1867 4773,1873 4862,1867 4952,1867 5041,1867 5131,1867 5220,1867 5310,1861 5399,1861 5489,1855 5578,1855 5668,1855 5757,1849"/>
                <TextEquiv>
                    <Unicode>Ich habe sie in frühester Morgenstunde gelesen und ei-</Unicode>
                </TextEquiv>
            </TextLine>
            <TextLine id="tr_1_tl_8" custom="readingOrder {index:7;}">
                <Coords points="3666,2101 4898,2031 5533,2073 5684,2039 5687,1950 3666,2002"/>
                <Baseline points="3681,2046 3723,2040 3812,2040 3902,2040 3991,2034 4081,2040 4170,2040 4260,2034 4349,2034 4439,2028 4528,2028 4618,2028 4707,2028 4797,2022 4886,2022 4976,2022 5065,2016 5155,2016 5244,2016 5334,2016 5423,2010 5513,2010 5602,2010 5692,2010"/>
                <TextEquiv>
                    <Unicode>nen Genuss gehabt wie bei einem Schluck köstlichsten</Unicode>
                </TextEquiv>
            </TextLine>
            <TextLine id="tr_1_tl_9" custom="readingOrder {index:8;}">
                <Coords points="3661,2237 5668,2216 5710,2099 3661,2159"/>
                <Baseline points="3675,2195 3747,2195 3836,2195 3926,2195 4015,2195 4105,2189 4194,2189 4284,2189 4373,2183 4463,2183 4552,2183 4642,2183 4731,2177 4821,2177 4910,2177 5000,2171 5089,2171 5179,2165 5268,2165 5358,2165 5447,2165 5537,2165 5626,2165 5716,2159"/>
                <TextEquiv>
                    <Unicode>klaren Quellwassers. Es ist die helle Atmosphäre kri-</Unicode>
                </TextEquiv>
            </TextLine>
            <TextLine id="tr_1_tl_10" custom="readingOrder {index:9;}">
                <Coords points="3674,2369 5411,2377 5692,2346 5694,2260 3674,2289"/>
                <Baseline points="3687,2350 3729,2350 3818,2350 3908,2344 3997,2344 4087,2344 4176,2344 4266,2344 4355,2344 4445,2338 4534,2332 4624,2338 4713,2332 4803,2332 4892,2327 4982,2327 5071,2327 5161,2321 5250,2321 5340,2321 5429,2321 5519,2315 5608,2315 5698,2309"/>
                <TextEquiv>
                    <Unicode>stallklarer Geistigkeit, ohne die Schriften für mich</Unicode>
                </TextEquiv>
            </TextLine>
            <TextLine id="tr_1_tl_11" custom="readingOrder {index:10;}">
                <Coords points="3666,2510 5460,2528 5689,2507 5692,2346 5442,2429 3669,2448"/>
                <Baseline points="3681,2506 3729,2500 3818,2500 3908,2500 3997,2500 4087,2494 4176,2494 4266,2494 4355,2494 4445,2494 4534,2494 4624,2488 4713,2488 4803,2488 4892,2482 4982,2482 5071,2482 5161,2476 5250,2476 5340,2470 5429,2476 5519,2470 5608,2470 5698,2470"/>
                <TextEquiv>
                    <Unicode>überhaupt nicht in Frage kommen, und in der zu leben</Unicode>
                </TextEquiv>
            </TextLine>
            <TextLine id="tr_1_tl_12" custom="readingOrder {index:11;}">
                <Coords points="3679,2677 5733,2695 5733,2565 5489,2531 4249,2612 3679,2557"/>
                <Baseline points="3693,2661 3770,2655 3860,2655 3949,2655 4039,2655 4128,2655 4218,2655 4307,2649 4397,2643 4486,2643 4576,2643 4665,2643 4755,2643 4844,2637 4934,2637 5023,2637 5113,2631 5202,2631 5292,2631 5381,2631 5471,2625 5560,2625 5650,2625 5739,2625"/>
                <TextEquiv>
                    <Unicode>und zu denken, mein eigenstes Ziel ist. Die wenigsten</Unicode>
                </TextEquiv>
            </TextLine>
            <TextLine id="tr_1_tl_13" custom="readingOrder {index:12;}">
                <Coords points="3674,2841 4356,2872 4708,2817 5142,2872 5348,2796 5585,2817 5588,2726 3676,2729"/>
                <Baseline points="3687,2810 3711,2810 3800,2810 3890,2810 3979,2810 4069,2804 4158,2804 4248,2804 4337,2804 4427,2798 4516,2798 4606,2798 4695,2798 4785,2792 4874,2792 4964,2792 5053,2786 5143,2786 5232,2786 5322,2786 5411,2780 5501,2780 5590,2780"/>
                <TextEquiv>
                    <Unicode>Menschen, besonders bei uns in Deutschland, haben</Unicode>
                </TextEquiv>
            </TextLine>
            <TextLine id="tr_1_tl_14" custom="readingOrder {index:13;}">
                <Coords points="3679,2997 5507,2992 5619,2958 5621,2862 3679,2908"/>
                <Baseline points="3693,2971 3747,2965 3836,2965 3926,2965 4015,2965 4105,2959 4194,2959 4284,2959 4373,2953 4463,2953 4552,2953 4642,2953 4731,2953 4821,2953 4910,2947 5000,2941 5089,2947 5179,2941 5268,2941 5358,2935 5447,2935 5537,2935 5626,2941"/>
                <TextEquiv>
                    <Unicode>auch nur eine Ahnung von dem Ergeiz und der Kunst,</Unicode>
                </TextEquiv>
            </TextLine>
            <TextLine id="tr_1_tl_15" custom="readingOrder {index:14;}">
                <Coords points="3679,3166 5577,3148 5726,3098 5726,3005 3682,3054"/>
                <Baseline points="3693,3126 3764,3120 3854,3120 3943,3120 4033,3120 4122,3114 4212,3120 4301,3114 4391,3114 4480,3114 4570,3108 4659,3108 4749,3108 4838,3108 4928,3102 5017,3102 5107,3096 5196,3096 5286,3096 5375,3090 5465,3090 5554,3090 5644,3084 5733,3078"/>
                <TextEquiv>
                    <Unicode>das Schwerste leicht zu sagen. Der Begriff eines phi-</Unicode>
                </TextEquiv>
            </TextLine>
            <TextLine id="tr_1_tl_16" custom="readingOrder {index:15;}">
                <Coords points="3679,3330 4387,3348 5187,3252 5601,3304 5645,3197 5398,3148 5046,3221 4887,3171 3682,3216"/>
                <Baseline points="3693,3287 3770,3281 3860,3281 3949,3275 4039,3275 4128,3275 4218,3275 4307,3269 4397,3269 4486,3269 4576,3263 4665,3263 4755,3263 4844,3257 4934,3257 5023,3257 5113,3251 5202,3251 5292,3251 5381,3245 5471,3245 5560,3239 5650,3239"/>
                <TextEquiv>
                    <Unicode>losophischen Mozart erschiene hier als eine contra-</Unicode>
                </TextEquiv>
            </TextLine>
            <TextLine id="tr_1_tl_17" custom="readingOrder {index:16;}">
                <Coords points="3674,3460 4892,3484 5200,3411 5655,3429 5692,3328 3676,3361"/>
                <Baseline points="3687,3442 3729,3442 3818,3442 3908,3436 3997,3436 4087,3436 4176,3430 4266,3430 4355,3424 4445,3424 4534,3424 4624,3418 4713,3418 4803,3418 4892,3412 4982,3412 5071,3412 5161,3406 5250,3406 5340,3401 5429,3401 5519,3395 5608,3395 5698,3389"/>
                <TextEquiv>
                    <Unicode>dictio in adjecto. Was leicht ist, heisst hier ober-</Unicode>
                </TextEquiv>
            </TextLine>
        </TextRegion>
    </Page>
</PcGts>
