6744 4344
4797 518 4952 646 -3-
3751 926 5761 1084 lichen Zustände und erscheinen nur von Fall zu Fall
3748 1111 5728 1280 unter dem oder jenem Aspekt, der nicht ihren Tyrus
3761 1239 5872 1484 bestimmt, sondern den Standpunkt des Betrachters kenn-
3756 1468 4151 1612 zeichnet.
3761 1509 5913 1721 Gern möchte ich mündlich diese anregenden Gedankengänge
3761 1724 5859 1890 und Blickfelder mit Ihnen weiter verfolgen. Auf jeden
3759 1833 5951 2016 Fall bin ich Ihnen durch diese reiche Gabe verpflichtet,
3753 2018 5921 2182 und verbleibe in herzlicher Hochschätzung und dankbarer
3761 2217 4189 2378 Erinnerung
4306 2329 5055 2528 Ihr sehr ergebener
5014 2626 5701 2803 Friedrich Gundolf
