3352 4072
164 279 1150 592 Drlich Sache R.
1694 443 2592 622 Wien, am 6. Juni 1928.
1244 920 2294 1129 Sehr geehrter Herr Doktor!
738 1165 2707 1442 Sie waren so gütig,. mir als kostbares Andenken an
516 1399 2816 1581 unsere Reisegemeinschaft " Der Geist im Wort und der Geist
501 1514 2777 1745 in der Tat " und " Buch der Sprüche und Bedenken" zu sen-
534 1718 2771 1888 den. Ich dankte aufrichtig und behielt mir vor, nach Stu-
537 1863 2765 2055 dium auf die Werke zurückzukommen. Schwer- und Vielarbei
540 2021 2829 2231 ter, der ich bin, komme ich erst jetzt zur teilweisen Ein-
546 2197 1602 2352 lösung meines Vorbehaltes.
859 2276 2823 2492 Ich hoffe, Sie werden es mir nicht verubeln, wenn
549 2452 2874 2695 ich Ihnen also einige kritische Gedanken zu "Der Geist im
555 2643 2914 2807 Wort und der Geist in der Tat "vortrage. Ich glaube, diese
568 2783 2877 2999 Besprechung nicht nur der Freundlichkeit der Zusendung des
568 2938 3011 3150 Werkes, sondern vielmehr der starken geistigen Beeinflussung,
580 3050 2847 3281 die ich durch das Buch erfahren, schuldig zu sein. Es ist
