3544 4232
246 347 1057 679 Dr Haus Profester
2302 416 3013 615 16. Februar 1927.
1008 1112 2395 1207 Sehr verehrter Herr Dr. Schnitzler!
696 1401 2811 1551 Sie hatten die grosse Liebenswürdigkeit mir durch den
598 1537 2739 1722 Verlag Fischer ein Exemplar Ihrer Schrift :" Der Geist
595 1710 2796 1904 im Wort und der Geist in der Tat " übersenden zu lassen.
607 1886 2776 2028 Ich danke Ihnen sehr für diese Freundlichkeit. Ich habe
621 2008 2698 2198 die Schrift, die eine intuitiv erfasste Antithese bis
612 2152 2877 2349 zum plastischen Eindruckgraphischer Anschaulichkeit stei-
618 2323 2941 2473 gert mit hohem Interesse gelesen und Anregung und Belehrung
618 2522 1311 2666 daraus geschöpft.
855 2600 2871 2808 Ihr freundliches Interesse ermutigt mich, Ihnen das
627 2799 2741 2984 Manuscript einer eigenen kleinen Arbeit zur geneigten
630 2935 2877 3094 Durchsicht zu übersenden, für die es mir bisher nicht ge-
638 3074 2926 3267 lungen ist, einen Verleger zu finden. Die rein speculative
644 3256 2825 3441 Behandlungsweise wird Ihrer auf dichterische Conception
638 3415 2863 3634 abgestellten Natur vielleicht zuwider sein, doch scheint
