3480 4232
1734 252 1832 395 P.
337 267 453 364 4
1722 456 1847 592 -2-
504 735 2785 972 ich jetzt, wie mir Dr. Wertheimer sagte, unter seiner Lei-
498 920 2819 1115 tung schon ein Journalist geworden bin, hab ich es zunächst
504 1084 2852 1242 nach höllischen Grundsätzen bedeutend gekürzt, dann nach
504 1215 2880 1379 bestem Wissen und Gewissen umgearbeitet. Ich weiss recht gut
513 1358 2916 1564 dass es seines Gegenstandes nicht würdig ist, aber - um einen
525 1525 2810 1719 im Dunstkreis der Setzermaschienen häufig gehörten Satz zu
529 1695 2512 1892 citieren - " bei uns kommen noch viel schlechtere".
1148 1798 2922 1987 Sehr glücklich wäre ich, Sie bald wieder auf-
535 2008 2977 2166 suchen zu dürfen. Alle guten Grüsse sagt Ihnen, sehr verehrter
532 2214 1018 2351 Herr Doktor,
1756 2260 3189 2479 Ihre dankbarst und herzlich ergebene
1965 2591 3001 2837 Viola Gabriele Schlesinger
