3432 4216
1846 371 2474 644 Prag 29. I. 27.
185 408 989 750 dorf zweif. keine
669 933 1711 1115 Hochverehrter Herr Doktor,
480 1190 2766 1426 haben Sie besten Dank für Ihr eben eingetroffenes neuestes
487 1391 2612 1573 Schriftchen. Gleichzeitig empfange ich vom Herausgeber
502 1507 2710 1746 der "Preussischen Jahrbücher " die Nachricht, dass mein
509 1648 2842 1859 Aufsatz " A. Sch's. Spätwerk " endlich im Aprilheft erschei¬
518 1834 2835 2063 nen soll. Wenn Sie es wünschen, sende ich Ihnen zu früherer
524 1950 2826 2185 Kenntnisnahme die Korrekturbogen ein sobald ich sie erhalte
534 2157 2700 2358 was Ende Feber, Anfang März sein dürfte.- Hat Ihnen der
524 2292 2901 2525 Verlag Teubner im Sommer mein Kleist-Schriftschen geschickt?
782 2474 2487 2650 Erneuten Dank und viele schöne Empfehlungen
1033 2619 1887 2842 von Ihrem ergebensten
1831 2744 2261 2961 Dr. Körner
575 3049 3068 3284 N.S. Vor Abgang der Karte konnte ich Ihr Schriftehen noch rasch
587 3231 2876 3435 durchlesen: es ist ein hochbedeutsamer Beitrag zu der seit
584 3366 3112 3602 ein paar Jahren aufblühenden jungen Wissenschaft der Charakter-o-
584 3595 914 3840 logie!
