<?xml version="1.0" encoding="UTF-8" standalone="yes"?>
<PcGts xmlns="http://schema.primaresearch.org/PAGE/gts/pagecontent/2013-07-15" xmlns:xsi="http://www.w3.org/2001/XMLSchema-instance" xsi:schemaLocation="http://schema.primaresearch.org/PAGE/gts/pagecontent/2013-07-15 http://schema.primaresearch.org/PAGE/gts/pagecontent/2013-07-15/pagecontent.xsd">
    <Metadata>
        <Creator>prov=READ-COOP:name=TrHtr:version=2.1.0:model_id=51170:date=28_07_2023_03:04</Creator>
        <Created>2023-05-10T11:15:54.517+02:00</Created>
        <LastChange>2023-07-28T03:04:50.845+02:00</LastChange>
        <TranskribusMetadata docId="1428139" pageId="55385276" pageNr="127" tsid="131314993" status="IN_PROGRESS" userId="64420" imgUrl="https://files.transkribus.eu/Get?id=BUEHQTFTPMCIIACAENVNSZKE&amp;fileType=view" xmlUrl="https://files.transkribus.eu/Get?id=PLCDKVPGQZXLIFDUOFTYMUFH" imageId="44660175"/>
    </Metadata>
    <Page imageFilename="1428139_0127.jpg" imageWidth="3320" imageHeight="4120">
        <ReadingOrder>
            <OrderedGroup id="ro_1711823332893" caption="Regions reading order">
                <RegionRefIndexed index="0" regionRef="tr_1"/>
                <RegionRefIndexed index="1" regionRef="tr_2"/>
            </OrderedGroup>
        </ReadingOrder>
        <TextRegion id="tr_1" custom="readingOrder {index:0;}">
            <Coords points="164,302 2716,302 2716,1759 164,1759"/>
            <TextLine id="tr_1_tl_1" custom="readingOrder {index:0;}">
                <Coords points="146,463 255,457 276,441 314,463 394,444 469,472 469,224 394,239 335,208 230,233 146,227"/>
                <Baseline points="164,352 208,361 253,361 298,364 343,364 388,364 432,358 474,355"/>
                <TextEquiv>
                    <Unicode>Refert</Unicode>
                </TextEquiv>
            </TextLine>
            <TextLine id="tr_1_tl_2" custom="readingOrder {index:1;}">
                <Coords points="2125,531 2168,528 2184,540 2255,506 2305,506 2382,540 2417,528 2414,398 2373,394 2314,354 2292,379 2261,382 2224,407 2202,410 2174,391 2122,426"/>
                <Baseline points="2143,498 2188,498 2233,498 2277,501 2322,501 2367,504 2412,501 2421,504"/>
                <TextEquiv>
                    <Unicode>tzburg.</Unicode>
                </TextEquiv>
            </TextLine>
            <TextLine id="tr_1_tl_3" custom="readingOrder {index:2;}">
                <Coords points="1637,957 1653,957 1699,991 1718,991 1718,792 1699,792 1680,811 1662,798 1637,795"/>
                <Baseline points="1653,886 1698,886 1725,886"/>
                <TextEquiv>
                    <Unicode>P.P.</Unicode>
                </TextEquiv>
            </TextLine>
            <TextLine id="tr_1_tl_4" custom="readingOrder {index:3;}">
                <Coords points="394,1140 2684,1187 2684,1000 2451,932 398,951"/>
                <Baseline points="412,1134 453,1134 498,1131 543,1134 588,1131 632,1131 677,1131 722,1131 767,1131 812,1131 856,1131 901,1128 946,1125 991,1128 1035,1125 1080,1125 1125,1125 1170,1125 1215,1125 1259,1122 1304,1119 1349,1119 1394,1119 1439,1122 1483,1122 1528,1125 1573,1122 1618,1119 1662,1119 1707,1119 1752,1119 1797,1119 1842,1119 1886,1122 1931,1119 1976,1116 2021,1116 2065,1116 2110,1116 2155,1113 2200,1113 2245,1113 2289,1113 2334,1113 2379,1113 2424,1113 2469,1116 2513,1110 2558,1110 2603,1104 2648,1104 2692,1095"/>
                <TextEquiv>
                    <Unicode>Lieber verehrter Herr Doktor, ich war, wie wohl alle, erst</Unicode>
                </TextEquiv>
            </TextLine>
            <TextLine id="tr_1_tl_5" custom="readingOrder {index:4;}">
                <Coords points="407,1292 2097,1317 2584,1283 2643,1177 2302,1124 2087,1218 407,1221"/>
                <Baseline points="423,1289 456,1286 501,1286 546,1286 591,1286 635,1283 680,1286 725,1283 770,1286 815,1286 859,1286 904,1283 949,1283 994,1283 1038,1283 1083,1280 1128,1277 1173,1277 1218,1277 1262,1277 1307,1274 1352,1274 1397,1274 1442,1274 1486,1274 1531,1274 1576,1271 1621,1274 1665,1271 1710,1271 1755,1271 1800,1268 1845,1268 1889,1271 1934,1274 1979,1271 2024,1271 2068,1268 2113,1268 2158,1268 2203,1265 2248,1265 2292,1265 2337,1265 2382,1265 2427,1265 2472,1262 2516,1262 2561,1256 2606,1256 2651,1259"/>
                <TextEquiv>
                    <Unicode>überrascht, von Ihnen ein charakterologisches Buch zu em-</Unicode>
                </TextEquiv>
            </TextLine>
            <TextLine id="tr_1_tl_6" custom="readingOrder {index:5;}">
                <Coords points="404,1500 2420,1426 2681,1482 2709,1357 2246,1295 2112,1373 404,1382"/>
                <Baseline points="420,1447 432,1444 477,1442 522,1442 567,1442 612,1439 656,1439 701,1442 746,1442 791,1439 835,1439 880,1439 925,1439 970,1442 1015,1439 1059,1436 1104,1436 1149,1436 1194,1433 1238,1433 1283,1430 1328,1433 1373,1430 1418,1433 1462,1430 1507,1430 1552,1430 1597,1430 1642,1430 1686,1430 1731,1430 1776,1430 1821,1430 1865,1430 1910,1430 1955,1430 2000,1433 2045,1433 2089,1430 2134,1427 2179,1427 2224,1427 2268,1424 2313,1424 2358,1424 2403,1421 2448,1421 2492,1421 2537,1418 2582,1418 2627,1415 2672,1415 2716,1418"/>
                <TextEquiv>
                    <Unicode>pfangen, doch gleichzeitig sehr neugierig gereizt, wie ein</Unicode>
                </TextEquiv>
            </TextLine>
            <TextLine id="tr_1_tl_7" custom="readingOrder {index:6;}">
                <Coords points="398,1609 2569,1594 2569,1497 2137,1435 1261,1441 1090,1541 398,1494"/>
                <Baseline points="414,1597 426,1597 471,1594 516,1591 561,1591 606,1594 650,1591 695,1594 740,1591 785,1591 829,1591 874,1594 919,1591 964,1591 1009,1591 1053,1588 1098,1588 1143,1588 1188,1588 1233,1588 1277,1585 1322,1585 1367,1585 1412,1585 1456,1585 1501,1585 1546,1582 1591,1582 1636,1582 1680,1582 1725,1579 1770,1579 1815,1582 1859,1582 1904,1579 1949,1579 1994,1579 2039,1579 2083,1579 2128,1582 2173,1579 2218,1579 2263,1579 2307,1576 2352,1576 2397,1576 2442,1576 2486,1573 2531,1570 2576,1567"/>
                <TextEquiv>
                    <Unicode>so verantwortliches Problem bei Ihnen Lösung finde. Sie</Unicode>
                </TextEquiv>
            </TextLine>
            <TextLine id="tr_1_tl_8" custom="readingOrder {index:7;}">
                <Coords points="413,1758 2510,1761 2656,1746 2656,1575 1553,1603 1233,1712 413,1631"/>
                <Baseline points="429,1749 468,1746 513,1749 558,1749 603,1749 647,1749 692,1749 737,1749 782,1749 826,1749 871,1746 916,1746 961,1743 1006,1743 1050,1743 1095,1743 1140,1740 1185,1740 1230,1740 1274,1740 1319,1740 1364,1740 1409,1740 1453,1737 1498,1737 1543,1737 1588,1737 1633,1734 1677,1737 1722,1737 1767,1737 1812,1734 1856,1734 1901,1734 1946,1734 1991,1731 2036,1731 2080,1731 2125,1731 2170,1731 2215,1731 2260,1731 2304,1731 2349,1731 2394,1731 2439,1728 2483,1725 2528,1725 2573,1722 2618,1722 2663,1731"/>
                <TextEquiv>
                    <Unicode>wissen ja, dass mein essayistisches Hauptwerk von dem nur</Unicode>
                </TextEquiv>
            </TextLine>
        </TextRegion>
        <TextRegion id="tr_2" custom="readingOrder {index:1;}">
            <Coords points="420,1830 2949,1830 2949,3326 420,3326"/>
            <TextLine id="tr_2_tl_1" custom="readingOrder {index:0;}">
                <Coords points="404,1917 2501,1895 2445,1743 404,1755"/>
                <Baseline points="420,1907 447,1904 492,1901 537,1901 582,1901 626,1901 671,1901 716,1901 761,1901 806,1901 850,1901 895,1898 940,1898 985,1898 1030,1898 1074,1898 1119,1898 1164,1895 1209,1895 1253,1895 1298,1892 1343,1895 1388,1892 1433,1892 1477,1892 1522,1892 1567,1892 1612,1892 1656,1892 1701,1895 1746,1892 1791,1892 1836,1889 1880,1889 1925,1889 1970,1889 2015,1886 2060,1886 2104,1886 2149,1886 2194,1889 2239,1889 2283,1886 2328,1883 2373,1883 2418,1880 2463,1880 2507,1883"/>
                <TextEquiv>
                    <Unicode>zwei Bände bisher erschienen sind, eine "Typologie des</Unicode>
                </TextEquiv>
            </TextLine>
            <TextLine id="tr_2_tl_2" custom="readingOrder {index:1;}">
                <Coords points="407,2072 2734,2072 2737,1957 410,1923"/>
                <Baseline points="423,2057 456,2057 501,2057 546,2057 591,2057 635,2057 680,2054 725,2057 770,2057 815,2057 859,2054 904,2054 949,2054 994,2054 1038,2054 1083,2054 1128,2054 1173,2051 1218,2051 1262,2051 1307,2054 1352,2054 1397,2051 1442,2051 1486,2054 1531,2054 1576,2051 1621,2048 1665,2048 1710,2048 1755,2048 1800,2048 1845,2045 1889,2042 1934,2042 1979,2042 2024,2042 2068,2042 2113,2042 2158,2042 2203,2042 2248,2039 2292,2039 2337,2036 2382,2036 2427,2036 2472,2036 2516,2036 2561,2036 2606,2033 2651,2033 2695,2030 2740,2030"/>
                <TextEquiv>
                    <Unicode>Geistes“ sein will, also die ganzen Indentitäten in Varianten</Unicode>
                </TextEquiv>
            </TextLine>
            <TextLine id="tr_2_tl_3" custom="readingOrder {index:2;}">
                <Coords points="404,2249 2497,2209 2765,2286 2768,2134 2355,2069 407,2112"/>
                <Baseline points="423,2218 447,2212 492,2212 537,2215 582,2215 626,2215 671,2215 716,2212 761,2212 806,2212 850,2209 895,2212 940,2212 985,2212 1030,2209 1074,2209 1119,2212 1164,2209 1209,2206 1253,2206 1298,2203 1343,2206 1388,2203 1433,2203 1477,2203 1522,2203 1567,2203 1612,2200 1656,2200 1701,2200 1746,2203 1791,2200 1836,2200 1880,2200 1925,2200 1970,2200 2015,2200 2060,2200 2104,2197 2149,2197 2194,2197 2239,2197 2283,2197 2328,2197 2373,2194 2418,2194 2463,2191 2507,2191 2552,2191 2597,2194 2642,2194 2686,2191 2731,2194 2776,2194"/>
                <TextEquiv>
                    <Unicode>aufzeigen; so war Ihre Formulierung mir eine Art Bestätigung</Unicode>
                </TextEquiv>
            </TextLine>
            <TextLine id="tr_2_tl_4" custom="readingOrder {index:3;}">
                <Coords points="416,2395 2485,2392 2516,2209 746,2227 419,2299"/>
                <Baseline points="432,2367 462,2364 507,2364 552,2367 597,2367 641,2364 686,2364 731,2364 776,2364 821,2364 865,2361 910,2361 955,2361 1000,2364 1044,2364 1089,2367 1134,2361 1179,2361 1224,2361 1268,2361 1313,2361 1358,2361 1403,2361 1447,2361 1492,2358 1537,2358 1582,2358 1627,2355 1671,2355 1716,2355 1761,2352 1806,2352 1851,2352 1895,2355 1940,2355 1985,2355 2030,2358 2074,2355 2119,2352 2164,2352 2209,2352 2254,2349 2298,2349 2343,2349 2388,2346 2433,2346 2477,2340 2522,2337"/>
                <TextEquiv>
                    <Unicode>und insbesondere jener tragende Gedanke, dass jede Er-</Unicode>
                </TextEquiv>
            </TextLine>
            <TextLine id="tr_2_tl_5" custom="readingOrder {index:4;}">
                <Coords points="413,2547 2678,2560 2718,2327 2336,2398 416,2395"/>
                <Baseline points="432,2525 441,2522 486,2522 531,2522 576,2522 620,2522 665,2519 710,2519 755,2522 800,2519 844,2519 889,2516 934,2516 979,2516 1024,2516 1068,2516 1113,2516 1158,2516 1203,2516 1247,2516 1292,2516 1337,2513 1382,2516 1427,2513 1471,2513 1516,2510 1561,2513 1606,2510 1650,2510 1695,2510 1740,2510 1785,2510 1830,2510 1874,2510 1919,2510 1964,2510 2009,2510 2054,2510 2098,2507 2143,2507 2188,2507 2233,2507 2277,2504 2322,2504 2367,2504 2412,2504 2457,2501 2501,2501 2546,2501 2591,2501 2636,2501 2680,2507 2725,2504"/>
                <TextEquiv>
                    <Unicode>scheinung ihren Schatten wirft wie ein organisches Gebilde,</Unicode>
                </TextEquiv>
            </TextLine>
            <TextLine id="tr_2_tl_6" custom="readingOrder {index:5;}">
                <Coords points="413,2718 2619,2709 2619,2594 2345,2535 416,2544"/>
                <Baseline points="432,2675 477,2678 522,2678 567,2680 612,2680 656,2678 701,2678 746,2675 791,2675 835,2675 880,2675 925,2675 970,2675 1015,2672 1059,2672 1104,2672 1149,2672 1194,2675 1238,2675 1283,2675 1328,2672 1373,2672 1418,2669 1462,2672 1507,2672 1552,2672 1597,2669 1642,2669 1686,2666 1731,2666 1776,2666 1821,2666 1865,2666 1910,2669 1955,2666 2000,2666 2045,2666 2089,2663 2134,2663 2179,2663 2224,2663 2268,2660 2313,2660 2358,2660 2403,2660 2448,2660 2492,2657 2537,2657 2582,2660 2627,2660"/>
                <TextEquiv>
                    <Unicode>dass jeder Sinn tätig seinen Widersinn, seine Verzerrung</Unicode>
                </TextEquiv>
            </TextLine>
            <TextLine id="tr_2_tl_7" custom="readingOrder {index:6;}">
                <Coords points="416,2858 2556,2873 2619,2702 416,2718"/>
                <Baseline points="432,2827 474,2833 519,2833 564,2833 609,2833 653,2833 698,2833 743,2833 788,2833 832,2833 877,2833 922,2830 967,2830 1012,2830 1056,2830 1101,2830 1146,2827 1191,2827 1236,2827 1280,2827 1325,2827 1370,2827 1415,2824 1459,2824 1504,2827 1549,2827 1594,2824 1639,2824 1683,2824 1728,2824 1773,2824 1818,2824 1862,2821 1907,2821 1952,2818 1997,2818 2042,2821 2086,2821 2131,2818 2176,2818 2221,2815 2266,2818 2310,2818 2355,2818 2400,2815 2445,2815 2489,2812 2534,2812 2579,2809 2624,2809"/>
                <TextEquiv>
                    <Unicode>in der irdischen Erscheinung erschafft, will mir ausser-</Unicode>
                </TextEquiv>
            </TextLine>
            <TextLine id="tr_2_tl_8" custom="readingOrder {index:7;}">
                <Coords points="416,3013 2619,2973 2619,2864 2314,2836 416,2858"/>
                <Baseline points="432,2991 477,2988 522,2988 567,2988 612,2988 656,2988 701,2988 746,2988 791,2988 835,2988 880,2988 925,2985 970,2988 1015,2985 1059,2985 1104,2985 1149,2985 1194,2985 1238,2985 1283,2985 1328,2982 1373,2982 1418,2982 1462,2982 1507,2982 1552,2985 1597,2985 1642,2982 1686,2982 1731,2982 1776,2982 1821,2979 1865,2979 1910,2979 1955,2979 2000,2976 2045,2976 2089,2976 2134,2976 2179,2976 2224,2976 2268,2973 2313,2973 2358,2973 2403,2973 2448,2973 2492,2970 2537,2967 2582,2964 2627,2958"/>
                <TextEquiv>
                    <Unicode>ordentlich fruchtbar erscheinen. Dazu formt sich die Ab-</Unicode>
                </TextEquiv>
            </TextLine>
            <TextLine id="tr_2_tl_9" custom="readingOrder {index:8;}">
                <Coords points="422,3196 2553,3175 2634,3057 2261,3088 1892,2982 426,3032"/>
                <Baseline points="438,3149 444,3149 489,3149 534,3149 579,3149 623,3149 668,3149 713,3149 758,3146 803,3146 847,3146 892,3146 937,3146 982,3146 1027,3146 1071,3143 1116,3146 1161,3143 1206,3143 1250,3143 1295,3143 1340,3143 1385,3146 1430,3146 1474,3143 1519,3146 1564,3146 1609,3143 1653,3140 1698,3140 1743,3137 1788,3134 1833,3134 1877,3134 1922,3134 1967,3134 2012,3137 2057,3134 2101,3131 2146,3131 2191,3131 2236,3131 2280,3131 2325,3131 2370,3131 2415,3128 2460,3128 2504,3128 2549,3125 2594,3122 2639,3122"/>
                <TextEquiv>
                    <Unicode>wandlung durchaus klar: more geometrico im Sinne unseres</Unicode>
                </TextEquiv>
            </TextLine>
            <TextLine id="tr_2_tl_10" custom="readingOrder {index:9;}">
                <Coords points="447,3345 2945,3358 2948,3171 450,3203"/>
                <Baseline points="465,3313 486,3316 531,3310 576,3313 620,3313 665,3310 710,3310 755,3310 800,3310 844,3307 889,3307 934,3307 979,3304 1024,3304 1068,3304 1113,3304 1158,3301 1203,3301 1247,3301 1292,3298 1337,3301 1382,3301 1427,3301 1471,3301 1516,3301 1561,3298 1606,3301 1650,3298 1695,3298 1740,3296 1785,3293 1830,3293 1874,3296 1919,3293 1964,3293 2009,3293 2054,3293 2098,3296 2143,3293 2188,3290 2233,3290 2277,3290 2322,3287 2367,3290 2412,3287 2457,3284 2501,3284 2546,3284 2591,3284 2636,3284 2680,3284 2725,3284 2770,3284 2815,3281 2860,3281 2904,3281 2949,3287"/>
                <TextEquiv>
                    <Unicode>Spinoza und auch das Widerspiel fehlt nicht, amor intellectualis,</Unicode>
                </TextEquiv>
            </TextLine>
        </TextRegion>
    </Page>
</PcGts>
