6536 4184
3230 378 4238 592 Ravot Cette térieuse
5273 477 5812 652 14. 2. 1927.
3998 1176 5123 1413 Sehr verehrter Herr Doktor,
3730 1557 5685 1729 Ihre kleines Schrift, die Sie als Denker enthüllt,
3510 1724 5699 1859 also den Ihnen Näherstehenden keine Ueberraschung bedeu-
3529 1876 5733 2054 tet, hat mich kürzlich nach Frankfurt a. M. begleitet und
3524 2014 5696 2223 unterwegs intensivst beschäftigt. Die einzelnen Geistes-
3518 2153 5733 2370 verfassungen sind mit einer an Popper Linkeus gemahnenden
3512 2325 5705 2533 Klarheit von einander geschieden; der Kosmos, in dem sie
3512 2497 5741 2652 eingereiht sind, wirkt überzeugend wie der Sternenhimmel.
3524 2612 5642 2821 Einige bescheidene Einwendungen hätte ich wohl auch zu
3529 2810 5710 2945 machen, so z. B., dass es vielleicht auch eine Hositia,
3521 2945 5795 3112 d.h. in Ihrem Sinne Gott zugewandte Kritik gibt, und dass
3532 3089 5724 3264 - ein wenig pro domo - nicht alles, was im Feuilleton
3524 3211 5744 3439 erscheint, darum auch schon Feuilletonismus ist, wie der
