6744 4360
3669 258 4306 443 R.I.M
3419 467 4147 704 the best Koffers in
4805 502 5770 792 Wien, am 9. Feber 1927.
4115 933 5221 1247 Sehr geehrter Herr Doktor!
5198 1256 5785 1473 Ich bitte Sie,
3701 1459 5723 1699 meinen besten Dank für die Zusendung Ihres jüngsten
3713 1620 5764 1831 Werkes " Der Geist im Wort und der Geist in der Tat
3716 1858 4179 2019 anzunehmen.
4030 1905 5838 2169 Ich habe das Büchlein Zeile für Zeile gelesen
3733 2010 6031 2304 und ich bitte es nicht als Uebertreibung aufzufassen, wenn
3736 2187 6002 2483 ich sage, dass ich begeistert bin von der Schärfe des Ge-
3742 2401 6105 2633 dankens, der Charakteristik und der Präzision der Ausdrucks-
3760 2551 6034 2797 form. Ich halte diese wenigen Seiten für einen der besten
3763 2688 6122 2920 Beiträge zum Verständnis der Gliederung der modernen Gesell-
3766 2867 6028 3099 schaft, wenngleich auch die Auffassung selbst zeitlos ist
3786 2994 6064 3255 und in jeder Periode in der Geschichte der Menschheit ihre
3780 3249 4584 3413 Berechtigung findet.
4288 3387 5001 3525 Ich verbleibe Ihr
4960 3540 5714 3818 ergebener Hoffmann
