6536 4136
3654 708 5737 864 licher Geistesverfassungen sind, sondern Abstäktionen
3654 933 5642 1015 bestimmter derartiger Gestaltungen (nicht eine Er-
3673 1055 5655 1185 fahrung sondern eine Idee, um ein bekanntes Wort zu
3654 1214 5549 1378 zitieren). Lägen compirisch gefundene Haupttypen
3673 1381 5586 1532 vor, dann wäre es ohne weiters evident, dass eine
3678 1442 5658 1656 strikte Scheidewand zwischen ihnen nicht vernichtet
3678 1609 5695 1813 werden könnte: da die unendliche Manigfaltigkeit der
3689 1834 5626 1980 wirklich gegebenen Charaktere die Gewissheit gäbe,
3697 1948 5599 2139 dass es zwischen allen solchen Typen, die nur als
3691 2128 5819 2300 Grenztypen gelten könnten, Uebergangsformen in ununter-
3715 2282 5833 2427 brochener Reihe geben müsste. Aber auch bei Aufstellung
3705 2470 5655 2600 von Urtypen als Ideen (Gebilden der Sollens, nicht
3710 2616 5740 2735 des Seins, wie Kelsen sagen möchte,) handelt es sich
3705 2775 5790 2881 nicht und Kontradikterische sondern um konträre Gegen-
3702 2854 5674 3071 sätze, die die Möglichkeit einer unendlichen Reihe
3713 3066 5748 3238 sie verbindender varietäten nicht ausschlossen. Auch
3707 3238 5231 3426 die Urtypen als Ideen sind Grenztypen.
