3512 4184
1698 288 1782 544 -2-
607 631 2797 778 in Deutscher Sprache schätze. Wenn ich in Ihren Büchern
607 765 2664 936 lese, so erfüllt mich immer ein so woltuendes Gefühl
618 917 2770 1102 völliger innerer und äusserer Angemessenheit, ein fort-
615 1083 2667 1268 währendes Zustimmen, so dass ich oft das körperliche
618 1298 2675 1440 Bedürfnis habe im Leseh “Ja“ zu nicken. Und wenn ich
620 1399 2637 1614 über Ihr Werk ein Wort sagen wollte so wäre es das:
629 1559 2759 1807 Kadokaßos! Sie können daraus ermessen, wie glücklich
626 1744 2729 1867 es mich machen muss, gerade von Ihnen, in dem was mir
634 1899 2659 2052 zumeist am Herzen liegt, bestätigt und ermuntert zu
629 2046 2735 2234 werden. Hofmannsthal hat mir einmal vor vielen Jahren
650 2188 2721 2373 geschrieben, dass wir Menschen brauchen, die die Con-
645 2348 2729 2517 tinuität in uns aufrecht halten: ein solcher sind Sie
642 2523 2675 2653 mir durch Ihre lieben Worte geworden, einer, an den
648 2667 2740 2860 ich stets denken will, seiner guten Meinung nicht un-
653 2855 1287 3029 wert zu werden.
1233 2914 2754 3170 Verzeihen Sie mir diesen Herzenserguss
