6744 4344
4803 474 4965 669 -3-
3759 867 5928 1071 lieber in der Hölle schmoren, zusammen mit Heine, Börne
3783 1014 5832 1212 und Paul Louis Courier, als in den Himmel kommen mit
3783 1140 5934 1395 Stefan George und Bismark. Sie kennen sicher die schöne
3777 1317 5940 1488 Geschichte von Aucassin und Nicolotte, in der Nicolatte
3780 1461 5979 1671 es vorzieht, in die Höllee zu kommen, weil dort die schö-
3786 1614 6075 1866 nen Frauen und die lustigen Ritter und ihr Buhle Aucassin
3798 1776 6174 2004 ist, als in den Himmel, wo die langweiligen Kirchenväter hau-
3798 1920 6210 2154 sen. Uebrigens fürchte ich, sehr geehrter Herr Dr. Schnitzler,
3789 2103 5568 2274 dass Sie auch nicht in diesen Himmel gehören.
4026 2247 6165 2508 Nehmen Sie den Ausdruck meiner aufrichtigen Verehrung!
5415 2562 5991 2706 Ihr ergebener
5946 2847 6177 3006 Nadl.
1275 3189 1563 3414 décidées en
