3480 4200
1642 374 1753 574 -4-
619 684 2784 867 in dem er wirkt eine spezifische Färbung. Daher scheint
622 797 2652 1053 mir, dass die beiden Diogramme ein einziges sind je-
627 934 2717 1209 doch in Anwendung auf zwei verschiedene - ich möchte
654 1195 1486 1368 sagen - Temperamente.
948 1247 2754 1473 Dagegen scheinen mir die Geistestypen noch da-
657 1470 2657 1648 durch zu variieren, dass sie bei sonst gleicher An-
668 1610 2633 1861 lage eine mehr immanente oder mehr transcendentale
687 1758 2636 1971 Orientierung zeigen. Das scheint mir eine grössere
689 1882 2687 2106 Manigfaltigkeit der Typen zu bewirken als sich nach
695 2062 2237 2283 strengster Allgemeinheit ergeben würde.
1042 2216 2660 2375 Ich habe - als Typus Philosoph - versucht
697 2342 2676 2563 nach Principien ein ganz allgemeines Diogramm zu
703 2520 2714 2703 konstruieren, das Ihnen, der Sie Ihre Diogramme als
714 2644 2633 2889 Naturforscher "entworfen haben, vielleicht inte-
719 2894 1230 3059 ressant ist,
