<?xml version="1.0" encoding="UTF-8" standalone="yes"?>
<PcGts xmlns="http://schema.primaresearch.org/PAGE/gts/pagecontent/2013-07-15" xmlns:xsi="http://www.w3.org/2001/XMLSchema-instance" xsi:schemaLocation="http://schema.primaresearch.org/PAGE/gts/pagecontent/2013-07-15 http://schema.primaresearch.org/PAGE/gts/pagecontent/2013-07-15/pagecontent.xsd">
    <Metadata>
        <Creator>prov=READ-COOP:name=TrHtr:version=2.1.0:model_id=51170:date=28_07_2023_03:04</Creator>
        <Created>2023-05-10T11:15:38.285+02:00</Created>
        <LastChange>2023-07-28T03:04:26.722+02:00</LastChange>
        <TranskribusMetadata docId="1428139" pageId="55384904" pageNr="35" tsid="131314867" status="IN_PROGRESS" userId="64420" imgUrl="https://files.transkribus.eu/Get?id=MZNGBEIBYRMJMSEPDWGGHYKO&amp;fileType=view" xmlUrl="https://files.transkribus.eu/Get?id=JFVYDDQKLODNRYQGOWQRVTNK" imageId="44659803"/>
    </Metadata>
    <Page imageFilename="1428139_0035.jpg" imageWidth="6776" imageHeight="4328">
        <ReadingOrder>
            <OrderedGroup id="ro_1711823245149" caption="Regions reading order">
                <RegionRefIndexed index="0" regionRef="tr_1"/>
            </OrderedGroup>
        </ReadingOrder>
        <TextRegion id="tr_1" custom="readingOrder {index:0;}">
            <Coords points="3814,594 6196,594 6196,3376 3814,3376"/>
            <TextLine id="tr_1_tl_1" custom="readingOrder {index:0;}">
                <Coords points="4825,700 4845,698 4854,706 4868,700 4892,715 4994,651 5011,654 5011,546 4974,555 4933,525 4880,549 4839,517 4825,517"/>
                <Baseline points="4841,644 4930,650 5020,644"/>
                <TextEquiv>
                    <Unicode>-2-</Unicode>
                </TextEquiv>
            </TextLine>
            <TextLine id="tr_1_tl_2" custom="readingOrder {index:1;}">
                <Coords points="3794,1074 5881,1062 5998,1042 6001,914 3800,940"/>
                <Baseline points="3814,1056 3856,1062 3945,1056 4035,1050 4125,1050 4214,1050 4304,1050 4393,1044 4483,1044 4572,1038 4662,1038 4751,1032 4841,1032 4930,1032 5020,1026 5110,1026 5199,1026 5289,1020 5378,1020 5468,1020 5557,1014 5647,1014 5736,1014 5826,1008 5915,1008 6005,1008"/>
                <TextEquiv>
                    <Unicode>eine Nummer mit einem Jugendwerk Hugo von Hofmannsthals,</Unicode>
                </TextEquiv>
            </TextLine>
            <TextLine id="tr_1_tl_3" custom="readingOrder {index:2;}">
                <Coords points="3812,1229 5849,1211 5852,1127 5175,1051 3818,1097"/>
                <Baseline points="3832,1211 3886,1211 3975,1211 4065,1211 4154,1205 4244,1205 4333,1199 4423,1199 4513,1193 4602,1193 4692,1187 4781,1187 4871,1187 4960,1181 5050,1181 5139,1176 5229,1176 5318,1176 5408,1170 5498,1170 5587,1170 5677,1170 5766,1164 5856,1158"/>
                <TextEquiv>
                    <Unicode>eine Nummer mit einem Kindheitsdokument von Joachim</Unicode>
                </TextEquiv>
            </TextLine>
            <TextLine id="tr_1_tl_4" custom="readingOrder {index:3;}">
                <Coords points="3821,1375 5481,1392 5998,1346 6001,1235 5785,1188 5096,1296 4898,1205 3824,1252"/>
                <Baseline points="3838,1361 3856,1361 3945,1361 4035,1361 4125,1361 4214,1361 4304,1355 4393,1355 4483,1349 4572,1349 4662,1343 4751,1343 4841,1343 4930,1337 5020,1337 5110,1337 5199,1331 5289,1331 5378,1331 5468,1325 5557,1319 5647,1319 5736,1319 5826,1313 5915,1313 6005,1307"/>
                <TextEquiv>
                    <Unicode>Ringelnatz, und die dritte Nummer mit einem faksimilier-</Unicode>
                </TextEquiv>
            </TextLine>
            <TextLine id="tr_1_tl_5" custom="readingOrder {index:4;}">
                <Coords points="3835,1550 5797,1529 5972,1491 5975,1410 5756,1328 5335,1430 5140,1351 5006,1413 3838,1401"/>
                <Baseline points="3850,1516 3922,1516 4011,1516 4101,1510 4190,1516 4280,1510 4369,1510 4459,1504 4548,1504 4638,1498 4727,1498 4817,1492 4907,1492 4996,1492 5086,1486 5175,1486 5265,1486 5354,1480 5444,1480 5533,1474 5623,1474 5712,1474 5802,1468 5892,1468 5981,1456"/>
                <TextEquiv>
                    <Unicode>ten Jugendgedicht Franz Werfels. Der Zweck meines Brie-</Unicode>
                </TextEquiv>
            </TextLine>
            <TextLine id="tr_1_tl_6" custom="readingOrder {index:5;}">
                <Coords points="3821,1705 5840,1664 5954,1637 5957,1500 5414,1494 4752,1611 4463,1529 3826,1544"/>
                <Baseline points="3838,1671 3904,1671 3993,1671 4083,1671 4172,1671 4262,1665 4351,1665 4441,1659 4530,1653 4620,1653 4710,1647 4799,1647 4889,1647 4978,1641 5068,1641 5157,1641 5247,1641 5336,1635 5426,1629 5515,1629 5605,1629 5695,1629 5784,1623 5874,1623 5963,1623"/>
                <TextEquiv>
                    <Unicode>fes ist ergeben anzufragen, ob nicht auch Sie in Ihrem</Unicode>
                </TextEquiv>
            </TextLine>
            <TextLine id="tr_1_tl_7" custom="readingOrder {index:6;}">
                <Coords points="3821,1862 5945,1821 6010,1810 6013,1640 3824,1728"/>
                <Baseline points="3838,1820 3868,1820 3957,1820 4047,1820 4136,1820 4226,1814 4316,1814 4405,1814 4495,1814 4584,1808 4674,1802 4763,1802 4853,1796 4942,1796 5032,1796 5121,1790 5211,1790 5301,1784 5390,1778 5480,1784 5569,1778 5659,1778 5748,1778 5838,1772 5927,1767 6017,1761"/>
                <TextEquiv>
                    <Unicode>Archiv irgendein interessantes Jugend - oder Kindheits-</Unicode>
                </TextEquiv>
            </TextLine>
            <TextLine id="tr_1_tl_8" custom="readingOrder {index:7;}">
                <Coords points="3832,2026 5948,1970 5951,1813 5881,1789 4002,1886 3838,1833"/>
                <Baseline points="3850,1975 3898,1981 3987,1975 4077,1975 4166,1975 4256,1969 4345,1969 4435,1964 4524,1964 4614,1958 4704,1958 4793,1958 4883,1952 4972,1952 5062,1946 5151,1946 5241,1940 5330,1940 5420,1940 5509,1940 5599,1934 5689,1928 5778,1934 5868,1928 5957,1922"/>
                <TextEquiv>
                    <Unicode>dokument haben, das man veröffentlichen könnte, sei es</Unicode>
                </TextEquiv>
            </TextLine>
            <TextLine id="tr_1_tl_9" custom="readingOrder {index:8;}">
                <Coords points="3847,2163 5948,2087 5686,1967 3850,2026"/>
                <Baseline points="3862,2137 3898,2137 3987,2131 4077,2131 4166,2125 4256,2125 4345,2125 4435,2125 4524,2119 4614,2119 4704,2113 4793,2113 4883,2107 4972,2107 5062,2101 5151,2101 5241,2095 5330,2095 5420,2095 5509,2089 5599,2089 5689,2089 5778,2083 5868,2083 5957,2071"/>
                <TextEquiv>
                    <Unicode>faksimiliert, sei es, wenn das dem Charakter des Doku-</Unicode>
                </TextEquiv>
            </TextLine>
            <TextLine id="tr_1_tl_10" custom="readingOrder {index:9;}">
                <Coords points="3821,2291 3996,2355 5023,2315 5840,2262 5910,2166 5084,2119 3824,2195"/>
                <Baseline points="3838,2286 3856,2286 3945,2292 4035,2286 4125,2286 4214,2280 4304,2280 4393,2280 4483,2274 4572,2274 4662,2274 4751,2274 4841,2268 4930,2262 5020,2262 5110,2262 5199,2256 5289,2250 5378,2250 5468,2244 5557,2244 5647,2238 5736,2238 5826,2238 5915,2232"/>
                <TextEquiv>
                    <Unicode>mentes mehr entspricht, gedruckt. Sie würden mich zu</Unicode>
                </TextEquiv>
            </TextLine>
            <TextLine id="tr_1_tl_11" custom="readingOrder {index:10;}">
                <Coords points="3835,2478 6094,2449 6132,2268 5665,2358 5163,2280 4253,2306 3838,2408"/>
                <Baseline points="3850,2453 3892,2447 3981,2441 4071,2441 4160,2441 4250,2441 4339,2435 4429,2429 4519,2429 4608,2423 4698,2423 4787,2423 4877,2417 4966,2417 5056,2411 5145,2405 5235,2405 5324,2405 5414,2399 5504,2399 5593,2393 5683,2393 5772,2393 5862,2387 5951,2387 6041,2381 6130,2387"/>
                <TextEquiv>
                    <Unicode>grossem Dank verpflichten, wenn Sie mir dieses meine Bitte</Unicode>
                </TextEquiv>
            </TextLine>
            <TextLine id="tr_1_tl_12" custom="readingOrder {index:11;}">
                <Coords points="3853,2609 5554,2557 5686,2609 5931,2592 5934,2478 3853,2533"/>
                <Baseline points="3868,2602 3880,2596 3969,2596 4059,2596 4148,2590 4238,2590 4328,2584 4417,2584 4507,2584 4596,2578 4686,2578 4775,2578 4865,2572 4954,2572 5044,2566 5133,2566 5223,2560 5312,2560 5402,2555 5492,2555 5581,2555 5671,2549 5760,2543 5850,2543 5939,2543"/>
                <TextEquiv>
                    <Unicode>erfüllen würden. Es ist selbstverständlich, dass Bei-</Unicode>
                </TextEquiv>
            </TextLine>
            <TextLine id="tr_1_tl_13" custom="readingOrder {index:12;}">
                <Coords points="3853,2787 4974,2735 5230,2811 5730,2726 5873,2811 6042,2755 6048,2577 3853,2709"/>
                <Baseline points="3868,2752 3904,2752 3993,2752 4083,2752 4172,2746 4262,2746 4351,2746 4441,2740 4530,2740 4620,2734 4710,2734 4799,2734 4889,2728 4978,2728 5068,2722 5157,2722 5247,2716 5336,2710 5426,2710 5515,2710 5605,2710 5695,2704 5784,2698 5874,2698 5963,2698 6053,2686"/>
                <TextEquiv>
                    <Unicode>träge zu dieser Rubrik wie ein anderer Beitrag honoriert</Unicode>
                </TextEquiv>
            </TextLine>
            <TextLine id="tr_1_tl_14" custom="readingOrder {index:13;}">
                <Coords points="3853,2910 3873,2907 3894,2928 3943,2922 3964,2936 4010,2922 4031,2942 4098,2910 4121,2936 4162,2939 4165,2831 4142,2831 4110,2857 4048,2860 3967,2840 3946,2849 3914,2837 3888,2849 3853,2843"/>
                <Baseline points="3868,2907 3904,2907 3993,2901 4083,2901 4172,2901"/>
                <TextEquiv>
                    <Unicode>werden.</Unicode>
                </TextEquiv>
            </TextLine>
            <TextLine id="tr_1_tl_15" custom="readingOrder {index:14;}">
                <Coords points="4165,3065 6027,3062 6027,2954 5659,2887 4168,2989"/>
                <Baseline points="4184,3032 4244,3038 4333,3038 4423,3032 4513,3032 4602,3032 4692,3032 4781,3026 4871,3026 4960,3026 5050,3026 5139,3020 5229,3020 5318,3020 5408,3014 5498,3014 5587,3014 5677,3008 5766,3008 5856,3002 5945,3002 6035,2996"/>
                <TextEquiv>
                    <Unicode>Ich habe auch das Buch bereits gelesen und zwar</Unicode>
                </TextEquiv>
            </TextLine>
            <TextLine id="tr_1_tl_16" custom="readingOrder {index:15;}">
                <Coords points="3850,3231 5878,3225 6086,3190 6089,3085 3853,3123"/>
                <Baseline points="3868,3211 3945,3205 4035,3205 4125,3205 4214,3199 4304,3199 4393,3199 4483,3193 4572,3193 4662,3187 4751,3187 4841,3181 4930,3181 5020,3181 5110,3175 5199,3175 5289,3175 5378,3169 5468,3169 5557,3169 5647,3163 5736,3157 5826,3157 5915,3157 6005,3157 6095,3146"/>
                <TextEquiv>
                    <Unicode>mit der richtigen Freude des vom Teufel Besessenenen, der</Unicode>
                </TextEquiv>
            </TextLine>
            <TextLine id="tr_1_tl_17" custom="readingOrder {index:16;}">
                <Coords points="3847,3368 5843,3421 6188,3339 6191,3225 3853,3240"/>
                <Baseline points="3862,3366 3868,3366 3957,3366 4047,3366 4136,3360 4226,3360 4316,3360 4405,3354 4495,3348 4584,3348 4674,3348 4763,3348 4853,3343 4942,3343 5032,3337 5121,3337 5211,3331 5301,3331 5390,3325 5480,3325 5569,3319 5659,3319 5748,3319 5838,3313 5927,3313 6017,3307 6106,3307 6196,3307"/>
                <TextEquiv>
                    <Unicode>nun einmal zur Hölle verdammt ist. Aber ich möchte wirklich</Unicode>
                </TextEquiv>
            </TextLine>
        </TextRegion>
    </Page>
</PcGts>
