3560 4232
1844 426 1954 590 -2-
728 596 820 886 P.
630 872 2806 1062 viel wissenschaftlich gearbeitet, und da ich währen des
633 1062 2834 1232 vergangenen Sommers keine Ruhecause eintreten liess, war
627 1234 2768 1416 ich zu Beginn dieses Jahres sehr überarbeitet. Während
630 1375 2834 1528 meines Urlaubes habe ich mich wieder gut ausgeruht, muss
619 1551 1905 1712 mich aber noch ziemlich schonen.
941 1706 2800 1830 Mit den Ergebnissen meiner Anstrengungen glaube
501 1796 601 1957 le reste
619 1827 2909 1991 ich recht zufrieden sein zu dürfen, aber ich besorge, wenn
624 2017 2915 2161 ich hier bliebe, in meinen Arbeiten zu einseitig zu werden
624 2178 2880 2328 und deshalb komme ich für den nächsten Winter wieder nach
624 2319 2895 2449 Wien, wo ich mehr verschiedenen Anregungen habe, als hier.
627 2489 2938 2610 Ich habe Aussichten, in Wien eine recht günstige Anstellung
624 2659 2912 2765 zu bekommen, - wird daraus nichts, so kann ich im nächsten
624 2806 2843 2912 Sommersemester wieder hierher zurückkommen oder ich kann
627 2952 2854 3067 mit einer Rockefellerfellowship nach England oder anders-
624 3102 2132 3269 wohin. Auf Wien freue ich mich riesig.
1013 3269 2883 3395 Ich hoffe, verehrter Herr Doktor, es geht Ihnen
630 3416 2854 3577 immer gut. Ich freue mich sehr drauf, sobald ich in Wien
