6520 4136
3675 764 5614 981 Sie bezeichnen zwar die Typen der oberen vierecke
3667 984 5746 1175 als die positiven, die der unteren als die negativen,
3683 1141 5627 1345 und positive* negativ oder plus und minus ( ». 9.)
3685 1286 5674 1464 sind allerdings kontradiktorische Gegensätze: nicht
3683 1438 5612 1653 aber machen es die Typen durch diese Bezeichnung.
3685 1632 5596 1790 Zu demselben Ergebnis kommt man, wenn man auf die
3690 1766 5565 1950 Grundidee zurückgeht, die der Unterscheidung der
3693 1924 5457 2112 Seite " Gottes " und der Seite " der Teufel."
3703 2089 5658 2280 zugrundeliegt (welche poetischen Termini, wie ich
3716 2205 5589 2440 besorge, in Manchem das Missverständnis erwecken
3708 2386 5725 2588 können, es sei auf eine Distinktion im Sinne christ-
3716 2544 5555 2735 licher Moral abgespielt). Sie liegt wohl darin
3714 2686 5617 2905 dass dem einen das Werk Zweck, dem anderen Mittel
3716 2836 5599 3045 zum Zweck ist, woran sich der Gegensatz zwischen
3708 3011 5666 3171 Idealismus (im landläufigen Sinne ) und realisti-
3727 3158 5599 3386 scher Lebenseinstellung und zwischen Alteroismus
