3448 4184
1637 339 1730 523 -3-
478 817 2724 1018 Studie, die nur den Rand zu berühren scheint, in Wahrheit
475 1027 2331 1174 aber auf das Wesentliche zielt, sehr gefördert.
478 1159 2733 1325 Ich fahre jetzt ein wenig nach Süden, hoffentlich in neue
487 1331 2661 1478 Arbeit hinein. Das letzte Jahr war äusserlich so gut zu
478 1451 2661 1661 mir, dass ich nun doppelt anspruchsvoll wider mich sein
481 1643 2616 1778 muss, um den unerwarteten Erfolg nicht zu démentieren.
484 1808 2697 1916 Aber je schwerer sie sein wird, desto lieber hat man die
490 1946 2700 2067 Arbeit: ich weiss, es geht Ihnen ebenso und nie war Ihr
496 2109 2559 2250 geistiger Ertrag fülliger und bedeutsamer als in den
496 2271 1111 2409 letzten Jahren.
493 2379 2760 2556 Muss ich noch besonders sagen, wie sehr und wie innig ich
496 2577 2908 2715 Ihnen anhänge? Ich hoffe Sie wissen's und gedenken freundlich
1940 2727 2538 2920 Ihres getreuen
1973 3004 2487 3181 Stefan Zweig
