6552 4296
3256 429 3880 662 Lilk Baver
5357 511 6030 729 2. Februar 1927.
4160 1155 5234 1371 Sehr verehrter Herr Doktor!
3711 1470 5835 1692 Wieder darf ich Ihnen für ein schönes Buch danken, das
3609 1663 5841 1806 besonders den Dr. phil. in meinem ansonsten ziemlich ver
3612 1835 5225 1987 wurstelten Daseinstypus interessiert hat.
3749 1888 5803 2109 Ich denke nun auch seit Tagen - ohne je Zeit und Ruhe
3624 2106 5745 2281 zu einer systematischen Betrachtung zu haben - darüber
3583 2276 5931 2436 Lnach, wie mein Steckenpferd: " deduktive und induktive Men-
3641 2433 5847 2582 schen" auf der von Ihnen so schön, übersichtlich und ge-
3638 2547 5885 2751 schlossen erbauten Rennbahn laufen würde. Dabei weiss ich
3650 2693 5993 2920 freilich, dass " deduktiv" und " induktiv" an und für sich
3644 2894 5794 3075 bloss methodische und nicht typisierende Begriffe sind,
3664 3025 5782 3224 weshalb also ebenso z. B. ein deduktiver Aktualist wie
3673 3183 5920 3387 ein induktiver Kontinualist Ihres Diogrammes denkbar wäre.
3673 3338 5937 3519 Ich bilde mir jedoch ein, im Laufe meiner Erfahrungen sehr
3670 3478 5975 3685 oft diese beiden Arten des Denkens in weiterer und tieferer
