3384 4184
313 288 797 531 Okdoib
1774 419 2697 634 Wien, am 5. Feber 1927.
1178 906 2044 1088 Verehrter Herr Doktor!
650 1216 2664 1385 Gestatten Sie mir, dass ich Ihnen für die Zusendung
582 1342 2732 1535 Ihrer Schrift, oder Geist im Wort und der Geist in der
585 1502 2768 1660 Tat " nicht nur meinen innigen und herzlichen Dank sage,
593 1668 2708 1840 sondern auch ausspreche, mit wie grossem Stolz es mich
591 1823 2637 1976 erfüllt hat, dass Sie mich der Aufnahme in den Kreis
601 1951 2738 2147 jener gewürdigt haben, denen Sie Ihr Werk vor allen an-
591 2136 2482 2291 deren und gewissermassen persönlich überreichen.
977 2299 2536 2455 Ich würde es für innerlich unbescheiden
585 2414 2561 2602 halten, wenn ich irgend ein Wort der Wertung über
599 2604 2757 2743 Ihr Werk aussprechen würde und für eine unwürdige For¬
596 2729 2645 2912 malität, wenn ich mich in leeren Flosceln der Bewun-
599 2863 2615 3086 derung ergienge. Ichisonge es also Ihnen mit wenigen
607 3056 2729 3249 Worten zu sagen, wie ich Ihre Schrift erfasst zu haben
