3608 4328
2864 625 3049 790 129
934 697 2979 975 ledigt, sich völlig entkleidet,schüttete
917 900 3066 1143 sich eine Kanne Wasser über den Kopf, rieb
914 1064 3057 1305 Brust,Rücken,Beine und Arme ab,nahm reine
914 1206 2968 1426 Wäsche, -.Wie wenn ich zu einer Hochzeit
1620 1359 1851 1443 we
2166 1351 2913 1466 tout de la femme.
900 1374 3109 1608 ginge, zu meiner eigenen,sagte er sich. Und
943 1527 3049 1747 als er fertig war,fühlte er sich frisch,
902 1689 3008 1883 gesund, jung,wie schon langenicht. Und wie
888 1834 2887 2042 der fragte er sich, ob diese Empfindung
2742 1990 3017 2112 que le
888 1961 2968 2198 nicht doch durch irgend welche unklare
891 2149 3031 2331 innere Hoffnungen bestimmt waren. Aber er
862 2279 3124 2519 musste sich nach bestem Gewissen selbst die
868 2456 2921 2655 Antwort geben, dass er zum Sterben nicht
868 2621 2849 2823 nur bereit xxx, dass er xxx irgendwie
2713 2728 3266 2904 in the
853 2754 3121 2973 stolz war auf das, was ihm bevorstand. „Freu-
850 2890 2985 3144 dig dem mod entgegensehen“ „fiel ihm ein.
827 3037 3095 3300 Die Phraso, die er zuletzt von einem General
819 3257 2976 3428 bei irgend einem wahnenfest gehört hatte.
830 3390 3089 3598 Allerdings bezog sich dieses Hochgefühl auf
1036 3503 1140 3575 in
1169 3503 1403 3587 – an de
1504 3506 1597 3569 7
819 3552 3147 3743 den Tod fürs Vaterland, nicht auf solch einen,
2485 3691 2794 3780 at lory
813 3702 3063 3879 wie auf den, der ihm bestimmt war. Dochs reude
