<?xml version="1.0" encoding="UTF-8" standalone="yes"?>
<PcGts xmlns="http://schema.primaresearch.org/PAGE/gts/pagecontent/2013-07-15" xmlns:xsi="http://www.w3.org/2001/XMLSchema-instance" xsi:schemaLocation="http://schema.primaresearch.org/PAGE/gts/pagecontent/2013-07-15 http://schema.primaresearch.org/PAGE/gts/pagecontent/2013-07-15/pagecontent.xsd">
    <Metadata>
        <Creator>prov=READ-COOP:name=TrHtr:version=2.1.0:model_id=51170:date=15_08_2023_00:17</Creator>
        <Created>2023-05-10T14:46:28.932+02:00</Created>
        <LastChange>2023-08-15T00:17:48.280+02:00</LastChange>
        <TranskribusMetadata docId="1428675" pageId="55426408" pageNr="185" tsid="132832030" status="IN_PROGRESS" userId="64420" imgUrl="https://files.transkribus.eu/Get?id=OVVFXTJEBPFKQSGLRXLKAYOE&amp;fileType=view" xmlUrl="https://files.transkribus.eu/Get?id=MROCNYNNLKAMVDLZPDWPDMUJ" imageId="44700485"/>
    </Metadata>
    <Page imageFilename="1428675_0185.jpg" imageWidth="3432" imageHeight="4200">
        <ReadingOrder>
            <OrderedGroup id="ro_1711813276932" caption="Regions reading order">
                <RegionRefIndexed index="0" regionRef="tr_3"/>
                <RegionRefIndexed index="1" regionRef="tr_1"/>
                <RegionRefIndexed index="2" regionRef="tr_2"/>
            </OrderedGroup>
        </ReadingOrder>
        <TextRegion id="tr_3" custom="readingOrder {index:0;}">
            <Coords points="1976,391 2794,391 2794,562 1976,562"/>
            <TextLine id="tr_3_tl_1" custom="readingOrder {index:0;}">
                <Coords points="1957,539 2082,548 2309,483 2758,474 2788,384 2499,369 2189,444 2046,390 1969,399"/>
                <Baseline points="1976,516 1988,516 2032,513 2077,504 2122,498 2167,495 2211,492 2256,486 2301,483 2346,480 2391,480 2435,474 2480,474 2525,468 2570,465 2614,462 2659,456 2704,450 2749,447 2794,441"/>
                <TextEquiv>
                    <Unicode>von dassel(</Unicode>
                </TextEquiv>
            </TextLine>
            <TextLine id="tr_3_tl_2" custom="readingOrder {index:1;}">
                <Coords points="2496,584 2520,587 2550,566 2577,566 2621,542 2624,548 2660,554 2669,480 2636,471 2615,486 2586,480 2559,500 2544,486 2505,486"/>
                <Baseline points="2516,552 2534,549 2579,546 2623,543 2668,537"/>
                <TextEquiv>
                    <Unicode>169</Unicode>
                </TextEquiv>
            </TextLine>
        </TextRegion>
        <TextRegion id="tr_1" custom="readingOrder {index:1;}">
            <Coords points="522,696 2928,696 2928,2535 522,2535"/>
            <TextLine id="tr_1_tl_1" custom="readingOrder {index:0;}">
                <Coords points="509,795 599,813 769,777 798,807 926,763 1010,819 1087,769 1251,810 1314,798 1320,664 1165,649 1102,673 1013,634 512,733"/>
                <Baseline points="525,779 564,776 608,776 653,776 698,773 743,770 788,770 832,770 877,770 922,767 967,764 1011,764 1056,764 1101,761 1146,761 1191,758 1235,761 1280,746 1325,749"/>
                <TextEquiv>
                    <Unicode>wäre, bis dahin" -</Unicode>
                </TextEquiv>
            </TextLine>
            <TextLine id="tr_1_tl_2" custom="readingOrder {index:1;}">
                <Coords points="923,980 2568,932 2597,792 926,867"/>
                <Baseline points="943,937 946,940 991,940 1035,937 1080,931 1125,931 1170,931 1214,931 1259,931 1304,928 1349,928 1394,925 1438,925 1483,922 1528,919 1573,919 1617,919 1662,916 1707,916 1752,916 1797,913 1841,910 1886,910 1931,910 1976,910 2020,910 2065,907 2110,907 2155,907 2200,907 2244,907 2289,907 2334,904 2379,898 2423,895 2468,895 2513,892 2558,892 2602,889"/>
                <TextEquiv>
                    <Unicode>Greising unterbrach ihn... Du glaubst</Unicode>
                </TextEquiv>
            </TextLine>
            <TextLine id="tr_1_tl_3" custom="readingOrder {index:2;}">
                <Coords points="515,1147 2776,1111 2842,947 518,1049"/>
                <Baseline points="531,1122 561,1119 605,1119 650,1116 695,1116 740,1116 785,1113 829,1113 874,1113 919,1110 964,1110 1008,1110 1053,1110 1098,1107 1143,1107 1188,1104 1232,1101 1277,1101 1322,1098 1367,1098 1411,1095 1456,1095 1501,1095 1546,1092 1591,1089 1635,1086 1680,1086 1725,1086 1770,1083 1814,1080 1859,1083 1904,1080 1949,1080 1994,1077 2038,1077 2083,1077 2128,1077 2173,1077 2217,1074 2262,1071 2307,1071 2352,1071 2397,1068 2441,1068 2486,1068 2531,1065 2576,1065 2620,1062 2665,1059 2710,1059 2755,1056 2800,1056 2844,1056"/>
                <TextEquiv>
                    <Unicode>doch nicht, dass der saubere Herr es auf das ankom-</Unicode>
                </TextEquiv>
            </TextLine>
            <TextLine id="tr_1_tl_4" custom="readingOrder {index:3;}">
                <Coords points="503,1346 1805,1260 2157,1320 2684,1266 2687,1144 1981,1192 1746,1114 1534,1197 509,1230"/>
                <Baseline points="522,1295 543,1292 588,1292 632,1289 677,1289 722,1286 767,1286 811,1283 856,1280 901,1280 946,1277 991,1280 1035,1280 1080,1277 1125,1277 1170,1274 1214,1271 1259,1271 1304,1271 1349,1271 1394,1271 1438,1271 1483,1268 1528,1268 1573,1265 1617,1262 1662,1259 1707,1256 1752,1256 1797,1253 1841,1250 1886,1250 1931,1250 1976,1247 2020,1250 2065,1247 2110,1247 2155,1244 2200,1244 2244,1241 2289,1241 2334,1238 2379,1238 2423,1238 2468,1235 2513,1235 2558,1232 2602,1229 2647,1226 2692,1226"/>
                <TextEquiv>
                    <Unicode>men lassen wird. Ich garantiere dir, dass er die</Unicode>
                </TextEquiv>
            </TextLine>
            <TextLine id="tr_1_tl_5" custom="readingOrder {index:4;}">
                <Coords points="524,1540 1817,1430 2648,1463 2800,1427 2803,1343 1528,1305 527,1412"/>
                <Baseline points="543,1480 570,1477 614,1468 659,1468 704,1465 749,1465 794,1465 838,1465 883,1465 928,1459 973,1456 1017,1456 1062,1453 1107,1453 1152,1450 1197,1450 1241,1447 1286,1447 1331,1444 1376,1441 1420,1441 1465,1441 1510,1441 1555,1438 1600,1438 1644,1432 1689,1429 1734,1429 1779,1426 1823,1426 1868,1423 1913,1423 1958,1423 2002,1420 2047,1420 2092,1420 2137,1417 2182,1417 2226,1417 2271,1417 2316,1414 2361,1411 2405,1411 2450,1408 2495,1405 2540,1405 2585,1408 2629,1405 2674,1402 2719,1402 2764,1402 2808,1400"/>
                <TextEquiv>
                    <Unicode>Anzeige ans Kommando nicht erstatten, respekti-</Unicode>
                </TextEquiv>
            </TextLine>
            <TextLine id="tr_1_tl_6" custom="readingOrder {index:5;}">
                <Coords points="530,1647 2809,1612 2815,1486 533,1573"/>
                <Baseline points="546,1638 582,1635 626,1635 671,1635 716,1632 761,1632 805,1632 850,1629 895,1629 940,1629 985,1626 1029,1626 1074,1626 1119,1626 1164,1626 1208,1626 1253,1623 1298,1623 1343,1617 1388,1617 1432,1614 1477,1614 1522,1611 1567,1611 1611,1608 1656,1608 1701,1605 1746,1605 1791,1605 1835,1602 1880,1602 1925,1602 1970,1600 2014,1600 2059,1597 2104,1597 2149,1597 2194,1594 2238,1594 2283,1591 2328,1591 2373,1588 2417,1588 2462,1588 2507,1585 2552,1585 2597,1582 2641,1582 2686,1579 2731,1576 2776,1576 2820,1576"/>
                <TextEquiv>
                    <Unicode>ve sie unverzüglich zurücknehmen wird, sobald man</Unicode>
                </TextEquiv>
            </TextLine>
            <TextLine id="tr_1_tl_7" custom="readingOrder {index:6;}">
                <Coords points="530,1814 2791,1796 2919,1763 2922,1656 530,1746"/>
                <Baseline points="546,1814 555,1814 600,1814 644,1814 689,1811 734,1811 779,1811 823,1808 868,1808 913,1805 958,1802 1002,1802 1047,1802 1092,1802 1137,1800 1182,1800 1226,1797 1271,1797 1316,1797 1361,1797 1405,1794 1450,1794 1495,1791 1540,1788 1585,1788 1629,1785 1674,1785 1719,1782 1764,1779 1808,1782 1853,1779 1898,1779 1943,1779 1988,1779 2032,1776 2077,1776 2122,1776 2167,1773 2211,1770 2256,1770 2301,1767 2346,1764 2391,1764 2435,1761 2480,1761 2525,1761 2570,1761 2614,1758 2659,1755 2704,1755 2749,1752 2794,1749 2838,1749 2883,1749 2928,1749"/>
                <TextEquiv>
                    <Unicode>ihn von der Existenz dieses Telegrammes informiert'</Unicode>
                </TextEquiv>
            </TextLine>
            <TextLine id="tr_1_tl_8" custom="readingOrder {index:7;}">
                <Coords points="1001,1999 2684,1987 2761,1969 2764,1889 2612,1841 1504,1903 1248,1817 1004,1844"/>
                <Baseline points="1017,1988 1026,1988 1071,1982 1116,1979 1161,1976 1205,1976 1250,1973 1295,1973 1340,1973 1385,1970 1429,1970 1474,1970 1519,1967 1564,1967 1608,1967 1653,1964 1698,1964 1743,1964 1788,1961 1832,1958 1877,1958 1922,1955 1967,1955 2011,1955 2056,1955 2101,1955 2146,1952 2191,1949 2235,1949 2280,1946 2325,1946 2370,1943 2414,1943 2459,1940 2504,1940 2549,1940 2594,1937 2638,1934 2683,1931 2728,1931 2773,1925"/>
                <TextEquiv>
                    <Unicode>„Alles das wird nicht geschehen, Grei</Unicode>
                </TextEquiv>
            </TextLine>
            <TextLine id="tr_1_tl_9" custom="readingOrder {index:8;}">
                <Coords points="545,2219 602,2222 646,2195 676,2225 700,2213 724,2228 760,2201 795,2201 792,2064 757,2055 703,2088 640,2070 566,2115 542,2109"/>
                <Baseline points="558,2170 602,2170 647,2170 692,2173 737,2173 782,2173 800,2173"/>
                <TextEquiv>
                    <Unicode>sing.</Unicode>
                </TextEquiv>
            </TextLine>
            <TextLine id="tr_1_tl_10" custom="readingOrder {index:9;}">
                <Coords points="1123,2359 1144,2356 1156,2365 1192,2371 1224,2353 1242,2353 1260,2338 1275,2338 1272,2237 1242,2240 1233,2231 1218,2234 1203,2252 1186,2252 1171,2264 1138,2255 1120,2258"/>
                <Baseline points="1140,2322 1185,2325 1229,2325 1274,2328 1283,2328"/>
                <TextEquiv>
                    <Unicode>-?</Unicode>
                </TextEquiv>
            </TextLine>
            <TextLine id="tr_1_tl_11" custom="readingOrder {index:10;}">
                <Coords points="1016,2556 2809,2493 2860,2350 2538,2303 2142,2395 2037,2356 1856,2443 1760,2392 1466,2449 1019,2416"/>
                <Baseline points="1032,2525 1074,2516 1119,2513 1164,2513 1208,2513 1253,2510 1298,2510 1343,2507 1388,2507 1432,2504 1477,2504 1522,2501 1567,2501 1611,2501 1656,2498 1701,2498 1746,2498 1791,2495 1835,2495 1880,2495 1925,2492 1970,2489 2014,2489 2059,2489 2104,2486 2149,2486 2194,2483 2238,2483 2283,2480 2328,2480 2373,2477 2417,2477 2462,2474 2507,2471 2552,2471 2597,2471 2641,2471 2686,2471 2731,2468 2776,2465 2820,2465 2865,2465"/>
                <TextEquiv>
                    <Unicode>„Vor allem darum nicht, mein Lieber, weil</Unicode>
                </TextEquiv>
            </TextLine>
        </TextRegion>
        <TextRegion id="tr_2" custom="readingOrder {index:2;}">
            <Coords points="567,2594 2883,2594 2883,3938 567,3938"/>
            <TextLine id="tr_2_tl_1" custom="readingOrder {index:0;}">
                <Coords points="557,2717 1820,2734 2106,2672 2657,2734 2660,2603 885,2580 560,2639"/>
                <Baseline points="576,2704 605,2704 650,2704 695,2701 740,2701 785,2704 829,2701 874,2701 919,2695 964,2695 1008,2692 1053,2692 1098,2692 1143,2692 1188,2692 1232,2689 1277,2686 1322,2683 1367,2683 1411,2683 1456,2683 1501,2680 1546,2680 1591,2677 1635,2674 1680,2671 1725,2671 1770,2668 1814,2668 1859,2668 1904,2668 1949,2665 1994,2665 2038,2662 2083,2662 2128,2662 2173,2659 2217,2659 2262,2659 2307,2659 2352,2656 2397,2650 2441,2650 2486,2647 2531,2644 2576,2644 2620,2647 2665,2644"/>
                <TextEquiv>
                    <Unicode>die Sache auch für Euch etwas kitzlig werden</Unicode>
                </TextEquiv>
            </TextLine>
            <TextLine id="tr_2_tl_2" custom="readingOrder {index:1;}">
                <Coords points="548,2967 596,2955 626,2970 643,2952 682,2952 745,2916 789,2916 837,2883 882,2910 909,2907 911,2836 870,2839 849,2815 798,2827 757,2800 715,2794 697,2806 634,2803 608,2821 581,2791 554,2794"/>
                <Baseline points="567,2883 602,2883 647,2883 692,2880 737,2880 782,2880 826,2877 871,2874 916,2871"/>
                <TextEquiv>
                    <Unicode>könnte.</Unicode>
                </TextEquiv>
            </TextLine>
            <TextLine id="tr_2_tl_3" custom="readingOrder {index:2;}">
                <Coords points="1084,3071 1746,3035 1966,3095 2133,3017 2434,3071 2872,3029 2877,2910 1850,2955 1620,2898 1540,2955 1087,2973"/>
                <Baseline points="1101,3050 1137,3047 1182,3041 1226,3041 1271,3038 1316,3038 1361,3035 1405,3038 1450,3035 1495,3035 1540,3032 1585,3029 1629,3029 1674,3026 1719,3026 1764,3023 1808,3023 1853,3023 1898,3020 1943,3020 1988,3020 2032,3017 2077,3014 2122,3014 2167,3014 2211,3011 2256,3011 2301,3011 2346,3011 2391,3011 2435,3011 2480,3008 2525,3005 2570,3002 2614,3002 2659,3000 2704,3000 2749,2997 2794,2997 2838,2997 2883,3000"/>
                <TextEquiv>
                    <Unicode>„Pardon,willet du damit sagen, das wir</Unicode>
                </TextEquiv>
            </TextLine>
            <TextLine id="tr_2_tl_4" custom="readingOrder {index:3;}">
                <Coords points="566,3271 1620,3259 1903,3199 2160,3247 2166,3131 1632,3098 1090,3175 569,3154"/>
                <Baseline points="582,3232 602,3232 647,3229 692,3229 737,3229 782,3229 826,3229 871,3229 916,3229 961,3226 1005,3223 1050,3223 1095,3220 1140,3220 1185,3217 1229,3214 1274,3214 1319,3211 1364,3208 1408,3208 1453,3208 1498,3211 1543,3208 1588,3208 1632,3205 1677,3202 1722,3200 1767,3197 1811,3197 1856,3194 1901,3194 1946,3191 1991,3191 2035,3188 2080,3182 2125,3179 2170,3179"/>
                <TextEquiv>
                    <Unicode>vielleicht nicht völlig korrekt -</Unicode>
                </TextEquiv>
            </TextLine>
            <TextLine id="tr_2_tl_5" custom="readingOrder {index:4;}">
                <Coords points="1087,3414 2711,3384 2755,3241 2011,3321 1865,3262 1090,3300"/>
                <Baseline points="1104,3394 1104,3391 1149,3388 1194,3385 1238,3385 1283,3382 1328,3379 1373,3379 1417,3379 1462,3379 1507,3379 1552,3376 1597,3373 1641,3370 1686,3370 1731,3367 1776,3364 1820,3364 1865,3367 1910,3367 1955,3367 2000,3364 2044,3364 2089,3361 2134,3358 2179,3355 2223,3355 2268,3352 2313,3352 2358,3352 2402,3352 2447,3349 2492,3349 2537,3346 2582,3346 2626,3343 2671,3343 2716,3343 2761,3343"/>
                <TextEquiv>
                    <Unicode>„Korrekt zweifellos, aber der Konsul</Unicode>
                </TextEquiv>
            </TextLine>
            <TextLine id="tr_2_tl_6" custom="readingOrder {index:5;}">
                <Coords points="566,3622 2854,3560 2857,3437 569,3491"/>
                <Baseline points="582,3585 623,3585 668,3582 713,3579 758,3576 802,3573 847,3573 892,3570 937,3570 982,3570 1026,3567 1071,3567 1116,3567 1161,3564 1205,3564 1250,3561 1295,3561 1340,3561 1385,3558 1429,3558 1474,3555 1519,3555 1564,3552 1608,3552 1653,3549 1698,3549 1743,3546 1788,3543 1832,3543 1877,3540 1922,3543 1967,3546 2011,3546 2056,3540 2101,3540 2146,3537 2191,3531 2235,3528 2280,3528 2325,3525 2370,3525 2414,3525 2459,3525 2504,3522 2549,3522 2594,3519 2638,3519 2683,3519 2728,3519 2773,3516 2817,3516 2862,3513"/>
                <TextEquiv>
                    <Unicode>Schnabel könnte im Fall einer ehrenrätlichen Ver-</Unicode>
                </TextEquiv>
            </TextLine>
            <TextLine id="tr_2_tl_7" custom="readingOrder {index:6;}">
                <Coords points="563,3786 2845,3729 2851,3604 569,3658"/>
                <Baseline points="582,3755 617,3752 662,3752 707,3752 752,3752 797,3749 841,3746 886,3746 931,3743 976,3743 1020,3740 1065,3737 1110,3737 1155,3734 1200,3734 1244,3731 1289,3731 1334,3728 1379,3728 1423,3725 1468,3722 1513,3722 1558,3722 1602,3719 1647,3719 1692,3716 1737,3716 1782,3713 1826,3710 1871,3710 1916,3707 1961,3707 2005,3707 2050,3707 2095,3704 2140,3704 2185,3701 2229,3698 2274,3698 2319,3698 2364,3698 2408,3695 2453,3695 2498,3692 2543,3695 2588,3692 2632,3692 2677,3689 2722,3686 2767,3683 2811,3683 2856,3683"/>
                <TextEquiv>
                    <Unicode>handlung es könnte im Falle einer ehrenrätlichen</Unicode>
                </TextEquiv>
            </TextLine>
            <TextLine id="tr_2_tl_8" custom="readingOrder {index:7;}">
                <Coords points="581,3950 2749,3893 2749,3783 2508,3756 2189,3849 1561,3777 1019,3872 584,3822"/>
                <Baseline points="597,3925 608,3925 653,3925 698,3925 743,3928 788,3928 832,3925 877,3925 922,3925 967,3925 1011,3925 1056,3925 1101,3925 1146,3922 1191,3922 1235,3922 1280,3919 1325,3919 1370,3916 1414,3916 1459,3913 1504,3913 1549,3913 1594,3910 1638,3910 1683,3910 1728,3910 1773,3910 1817,3910 1862,3910 1907,3907 1952,3904 1997,3904 2041,3901 2086,3898 2131,3895 2176,3892 2220,3892 2265,3892 2310,3895 2355,3895 2400,3892 2444,3889 2489,3889 2534,3889 2579,3886 2623,3883 2668,3880 2713,3880 2758,3874"/>
                <TextEquiv>
                    <Unicode>Verhandlung Euch übel vermerkt werden, dass Ihr</Unicode>
                </TextEquiv>
            </TextLine>
        </TextRegion>
    </Page>
</PcGts>
