3448 4216
2747 522 2936 679 153
1030 702 1773 905 „Von wem also?“
1033 873 2341 1030 „Von Ihnen,Herr Leutnant.
1047 978 2907 1192 „Von mir? Nun, so nennen Sie mir doch
664 1169 2866 1372 die Bedingungen,unter denen sie mir den Na
667 1364 1570 1517 men sagen dürf en.
1059 1477 2765 1660 „Diese Bedingungen darf ich Ihnen
705 1686 1483 1825 nicht verraten.
1059 1744 2826 1964 Machen sie sich über mich lustig,
688 1964 1361 2124 Herr Konsul?“
1120 2071 2692 2246 „Es liegt mir vollkommen fern.
1143 2240 2980 2414 „Wenn ich die Bedingungen nicht ken-
702 2434 1871 2576 ne, wie soll ich jemals
1149 2544 2837 2718 „Entschuldigen Sie,Herr Leutnant,
717 2687 3049 2872 es nötigt Sie ja niemand diese Bedingungen zu
725 2861 2974 3043 erfüllen. Nur wenn die voraussetzungen,unter
725 3017 2782 3235 denen nie den Namen erfahren dürfen, er
734 3136 3064 3339 füllt werden, ohne dass man Sie Ihnen ausdrück
749 3267 3052 3499 lich bekannt gibt, kämmen sie als erfüllt gel-
743 3467 2945 3699 ten. Das Wesentliche bleibt doch immer, dass
