6856 4328
6041 119 6359 248 201
6142 297 6463 458 in
5066 398 6467 650 "   "    1 c
192 451 2847 772 176), or an t uniben in tr at
3700 542 4053 769 172
304 695 2928 1020 their schuilt. Ertell in the great
4007 695 6219 982 suche beppet war; - ne sa
1031 926 1296 1045 usych
3679 901 6201 1254 Kalllet i voll geworden, ret vifte
321 940 2837 1188 -at... eu lice en cleu fiune
3155 996 3399 1439 the
3661 1132 6114 1474 and at [illegible] - it for an
280 1177 2837 1478 lisil. “ Hen “ Breitie... in d
3822 1342 4186 1474 over
286 1411 2543 1705 dien; also in Hjulan, will
3689 1432 6083 1722 will avoce it - abee - m u
2334 1544 2809 1698 de la
3672 1649 6086 1939 wicelck in will p ack, in la
307 1653 3022 1950 for i bren - erichter die auf
3637 1908 6208 2187 en demi elis glalle Fris - un
328 1939 3088 2187 the ullst in de the this -
3630 2138 6439 2439 is - ullier ongiret - eine Bulle..
307 2110 2931 2477 a rue unter.. Herr Dritu.
3773 2393 6338 2757 Wilt onberst uit - ue le cœlt, bell et
332 2407 2638 2683 so ihr das wir ein tehtl is.
3686 2592 6212 2928 ribus rofotrie -.yl.Ot.d.
332 2690 2984 2931 I ab i tell d L iulen tr. gent. -
3658 2858 6152 3270 (est al en libeurent). Hee sie
328 2931 2910 3274 sind si de si en Behrer whoven
3658 3057 6016 3501 till yor sie wd i in iule
314 3197 2750 3543 Wor, daß in
3724 3417 6013 3693 wintrilen & tussig. In
349 3452 2704 3749 your [illegible].. Ab. cr bel
4196 3578 4472 3738 dv
3724 3595 5946 3958 were out of the, a of in
2198 3630 3005 3861 insubered
353 3689 3085 4105 in which when in I'm under
3780 3903 5810 4154 vos doch, il sieren
5929 3965 6149 4154 in
