3432 4216
2116 163 2300 326 n
2478 415 2659 608 145
1175 665 2754 849 Nun hielt es ihn nicht länger,
617 816 2873 1059 drei grosse Schritte und er stand im Bureau
2294 982 2448 1056 Corly
608 1006 2965 1148 vor ihr Cas Mädchen sah ihn mit grossen Augen
602 1145 1878 1344 an, verliess das Zimmer.
1181 1297 2947 1487 Leopoldine (die am Schreibtisch ge-
1890 1418 2273 1516 ein Schurb
608 1448 2959 1680 sessen war, stand empört (auf..Was erlauben Sie
611 1617 2994 1778 sich,Herr Leutnant? Haben sie nicht gehört? Da
614 1754 1947 1967 Ich war doch laut genug.
1160 1902 2813 2071 Er faste mit seiner Rechten ihr
1424 2039 2252 2143 Mr Willit &...
602 2054 2962 2291 Handgelenk. Du wirst mir doch nicht verbieten
1941 2190 2979 2341 Esstell nicht mehr
605 2223 1739 2424 wollen )dir su danken?"
2329 2291 2525 2416 Mr
1169 2350 2938 2561 Sie sah ihn an wie eine, die (allen/
602 2537 2843 2721 Grund hätte an seinem Verstand zu zweifeln.
1629 2644 2956 2745 Ich tel juernt en est des ruiteurs
1205 2709 2867 2876 „Ich glaube,das ist erldigt. Lass
602 2855 1436 3068 meine wand aus.
1151 2982 2843 3205 Er hielt ihr Gelenk noch fester,
1433 3137 2359 3208 a no cents & in den tas
632 3175 2760 3318 „Die Tausend kriegst du zurück,natürlich
611 3312 2813 3487 auch die elftausend, Loh zahl dir monatlich
665 3442 2810 3680 in Ratem Die ersten tausend hab ich lei-
626 3582 2867 3789 der einem toten Kameraden - aber vielleicht
1451 3867 1769 3994 von m
1929 3834 2597 4015 brecis
