6792 4440
3990 109 4229 422 1 in
3125 302 3357 485 121
6243 359 6584 636 122
633 390 3339 682 in des Corées substitut... Will you,
3571 425 6155 703 ist, - gilt die Anweig sein in Verleldung
615 612 3308 830 geaad, in it spting an de to yn
3571 587 6327 858 slam on the kind. - Nei, last.
598 721 3364 1044 feich, obut den Te Klaubt zu brecken.
3561 777 6387 1051 Acts - aif tragosit.  He heele
2221 946 2538 1107 rul
548 1019 3206 1234 Erdelamt einütrige, er gelden
3620 1030 6236 1272 ... No Hinrnf. &c &c to be gi
527 1276 3227 1518 in Triskold, in beidesd we allodge
3627 1269 6095 1526 dessendet de Cragt's, nt fait
5230 1424 5666 1557 Bert
538 1452 3164 1715 aber ein hllegulis: aber der nicht
3610 1459 6102 1729 wel der Frage wenn ihr im
2801 1680 3100 1814 sile.
3610 1670 6102 1926 fak dem. ̄    V. de Alxikin
650 1634 3083 1940 The not to flut..  It ist Her
3652 1877 5961 2183 „ this is 3/4 fünf.....
464 1888 2946 2186 Herr Cemt... sagt del.. Der Conil
3627 2084 6373 2436 Thode konde offent sich;...um
450 2137 3153 2390 reicht ist. Haus zu haben.
4229 2345 4685 2492 de 84
429 2415 3030 2661 in an gebät ein lein x I
3568 2411 6257 2664 (cupognie ni maritiste en hill corbe;
432 2612 3051 2851 in gof ihm leicht zu sich heran, als woll
3561 2601 5968 2865 die Solvie ich
3687 2784 6134 3023 reibilitär alle und im Kompinden
418 2830 3237 3065 in den etwa ouverleine, werde die Stelste
3694 2988 6215 3276 1: et; - das Reisstellentuln,
446 3019 3171 3304 dass wilt eben zu boven handl. Erbenst
3645 3213 6035 3448 singer Be in Wienstiergrößte.
482 3248 2910 3561 nicht ganz viel zu ihn im Ladelow flättert
3684 3434 6046 3698 hilt michte einiger hat, at de
471 3494 3069 3765 „ heute Sie nach leicht, Herr Lieuten.”
3652 3659 6088 3954 &c p’hrt die Her. Fui je ne
457 3680 3206 4014 wenn der Coppeten bis kein 1 mittforder
3940 3923 4264 4091 ?
3743 4067 4749 4306 or $11..
