6792 4408
532 205 808 445 the
643 331 1613 589 Hen Christ
1678 348 3197 596 wirckt. das noch
618 557 2960 794 du weilebre Care engestels
1599 744 3194 1053 Sie holl aus ander
571 765 1340 1060 telle.
517 981 3197 1272 beglichte. D1. Auf ist der
496 1239 3158 1559 will welke.. Es ist wertougel vse
496 1491 3219 1800 aesondres in Bebacht gesagt soude
711 1757 3266 2012 herbena 1gl de Croml. cie gevonkte
553 1958 3237 2292 roll. Voia man deubl, une vor mani-
596 2199 3021 2497 Macht die Eerlung in ersten
546 2407 3136 2723 Invent as the erpfeituel dalung
715 2662 3287 2914 mehrere bei oudm..  bien
647 2921 3172 3183 wieder andre in in Jch, auch
503 3140 3215 3456 nombare in ces Tg quand on
596 3381 2949 3697 in it whereof the will win
690 3654 2734 3862 mer ai ne s'il parn kan
507 3855 3197 4049 " -   " - "  "    Wwen
6118 226 6398 363 Srs
3510 334 6398 604 mee komt de obbei cetf. stend. in et binnen
6280 453 6524 772 101
3625 496 5996 869 Es eine für halte ich beutigen, daß
3628 765 6273 1009 Solch. allgemein gebälte sehr je bin
3668 927 6477 1214 I will set beritigend; is upon
3679 1153 6506 1498 is it gennempe in Beziebung präscher
3654 1430 6524 1653 et ceci de anden, m. huurti-dort in einigh
4900 1548 5633 1692 Ce plusieurs
3700 1620 6445 1865 n'u nul eui beu il spiert. Elle me
3664 1800 6337 2102 H Unawntn tseel bereit wollt...
3672 2030 6132 2349 Un nicht a u de Lunehm
3679 2270 6438 2619 2 befeilig, vast einer Ehefall alhier
3636 2482 6459 2849 nen. Möge erzungen, ventel Sich.
3689 2788 6492 3090 wenn ich etwa bekundigt, sagte er:
3679 3021 6251 3330 Es gebl orit offiziere,... die ihre
3700 3262 6373 3542 Carri weit oock weituln
3776 3481 6355 3779 Je, agte... de Civiait.. abe.. de pladut
3725 3779 6380 4038 i meul umfrieill.... nie in mir
