3576 4488
816 872 2096 1076 Wie Leopoldine fort ist:
810 1028 2807 1235 So, nun habe ich das Geld f端r Bogner.Er
819 1187 3017 1382 schickt Josef fort, erschiesst sich. Nachher
841 1365 3065 1513 kommen die Leute, es stellt sich heraus, dass
824 1484 1263 1598 Schnabel
824 1515 2201 1756 Schubt Falschspieler war.
841 1869 1113 2000 Oder:
827 1994 3019 2164 Bogner kommt ihm zu danken, findet ihn tot
651 2020 776 2119 mme
853 2198 2937 2368 Oder: Wie er sich erschiessen will, kommt
841 2351 2954 2527 Wimmer. Er macht keine Anzeige. Wir haben
847 2515 2934 2671 anonymen Brief bekommen. Ich war bei ihm
850 2651 2909 2824 heute Fr端h, erhat falsch gespielt. Aller
850 2818 3127 2971 dings nur gegen Tugut,den er gewinnen liess.
861 2946 3042 3153 Wimmer 端bergibt ihm einen Brief des Con
855 3099 3076 3325 suls. Er ist ein drin ein Billett nach Ame-
864 3306 1173 3475 rika.-
901 3430 2906 3626 Bogner hat sich erschossen heute Fr端h.
