6808 4408
6205 229 6430 429 n
732 292 939 531 9
2941 376 3155 573 96
6212 401 6465 665 en
507 499 3095 781 - hil welcke... bil ull
3714 401 6296 739 The Croml. moyen is in 22. Je, the
447 651 3060 964 ereal w - dachte hills... to
3623 767 6370 1010 trilenant. mogen... teil est sont
454 904 3081 1157 er altsmal auf...  4 einigen jetzt
3605 915 6247 1185 -nelvice bve bonts.. as
433 1083 3011 1389 Onfaia... I.e wolle 1 il unit
3605 1129 6226 1453 bet als de jaure. T-ur-nd
1878 1231 3159 1421 (de cit. bewiflicheuse)
507 1326 2898 1600 Herr Cvernal...  ich hat habe
3655 1396 6332 1713 in th jel florng + werk.. No
5853 1498 6405 1741 Vincils
397 1544 2955 1819 A Sire unt-flussy en ce valler
3609 1597 6367 1945 nal ein gar handt auchlaf..
387 1780 2803 2037 en pais-t-g. tous lui
3637 1868 6398 2096 Vieret vernt... hievit welche
447 1987 3018 2286 ...  Liebslowbert, ogl d
3570 2044 6275 2417 ein im 22 Feb... sein 12 à 1.
443 2213 3109 2526 Corsul...    "   -   A-   M
3570 2307 5698 2603 erwart ist sein. Mio
471 2459 2842 2765 Seit klappeile on friedat
3612 2466 6075 2768 hen wen ich. wilt in de Lage waren
2519 2614 2853 2751 Nun
422 2747 3250 2997 loul.; - in sehren, mit ein handel.
3641 2758 6180 3036 The Consul... hiset. 12 rt.
661 2934 3053 3197 der soeren Landjurfe & - - -
3876 2965 6324 3247 Ihr hinweerge de Lage ein, Her
3648 3187 6469 3423 Lielem ..    sijt d'Emil..
507 3275 2716 3458 11 „ „ 24 Wenn ich.. neuerst an
3644 3338 6476 3662 Uwe Freund wir Sie und in Stich lassen.
510 3493 3162 3711 gle lt Nieden besloan, sayl de Conse
4263 3623 6275 3792 & Wien was sich auch in quell
774 3686 3127 3869 so nicht sie wir wir he verlor
3718 3781 6268 4049 erst mich weg auf Sali. Evril
