6840 4328
196 482 485 749 1 to
539 546 2801 864 in ullst sond int, le
489 778 2941 1053 Breite... in sel uitel.
1299 992 1585 1153 lres
446 1014 2787 1324 I am offentl we
1795 1188 2748 1403 eigt aufz.
2573 1320 2752 1428 "
393 1324 2855 1570 wil discie wd..der in... i
1909 1492 2577 1645 ne mond
682 1570 2969 1834 ere hilf wie ein Fällen
542 1759 2916 2077 drullen verden. Er ist die
657 2045 3012 2305 Hure nicht tinter sich
628 2305 3101 2580 chen und ull nie sie will
646 2527 2809 2773 sal uit on rend - & pon -
592 2752 3069 3023 des ick lidt bell. geimme - ei
696 2987 3058 3244 I humble in a bill, in the
650 3183 2823 3480 Thrancken, - und insondere
642 3412 2837 3683 Wobez... A de Waand tien
625 3597 2748 3958 in a sleidgils &c
689 3826 2238 4068 in in the tort.
6017 39 6356 232 201
6145 296 6449 457 Mr
6174 403 6467 699 145
3662 407 6295 721 Suls and a ein Beisehir
3651 621 6295 964 op en Prormylers d'unten....
3622 903 6317 1171 and in klein t in lt. dut
3629 1138 6324 1395 vels een hien and eur d oils
3590 1338 6192 1634 Jules D. kle Holebjinn
3601 1588 6467 1916 wil de scharheft Rulell fil han
4864 1795 5060 1966 te
3522 1849 6370 2148 en. Ven. cinam nicht wegleit.....
3601 2095 6178 2366 - Leopold between - -  I shf de
3501 2334 6213 2623 but out; a - shall A d Rar ulye
3522 2498 6188 2926 Abezug auff... 1. d as.ab
3554 2812 6327 3144 Lett a de Bille - de ne inde aeure
3547 2998 6120 3405 und wie ich nie in ihm folg
3619 3319 6167 3647 and auf de fis Capi
3647 3544 5849 3854 neben u zu alsseren Professorst.
3958 3933 6210 4150 a ...   . .Mänk.
