6808 4424
6198 79 6471 312 141
2248 255 2765 449 "  "
3534 284 6396 585 des on veflor Sich dallptible the Com
542 327 3013 704 [illegible] mit jeder ein Hel¬
3545 532 6385 776 Krs Vennuen... Jnüstig schien en
474 596 2920 909 with; - Eit last rate A
3534 672 6418 1034 der Ueffre die Gesleitendigkeit hera
4924 844 6213 998 septemme til treslées
499 865 3264 1171 will tale claib in bel demt
3552 966 6163 1268 wy na byel per:- s for wein to
2658 1031 2887 1192 bei
5096 1146 5649 1311 sotien
503 1131 3006 1408 hilf ullst. Zielen
3563 1178 6130 1533 nach dem Verfall sehr im ver¬
478 1343 3088 1598 ervant une; - seldt ita de i
3656 1465 6188 1792 Sawr de Sibouilant bid in; -
452 1533 3024 1835 will in klei Reite an -
3631 1659 6044 1993 is at ein yong. Roik in fotte
399 1821 2941 2122 de auch weiterfloss, at Rob
3609 1864 6313 2183 Chea in, by Rmach, to Volksn
431 2036 2826 2370 eine fast ewigigte Arpulbe
3602 2072 6069 2514 by Herriges wan de Toge
6119 2137 6288 2385 —
496 2227 2984 2568 - Italies nahm... Al en
3685 2334 6299 2733 Aber... dieser litte Abrow -, de
395 2496 2823 2816 uncedubebit, schieu en til
3667 2618 6303 2999 an de Jahre zurücklege, hoft her
452 2744 3078 3049 aufselben gealtert;
3631 2862 6256 3207 reilie... en pae Mal in seh
420 2981 2765 3211 wis is in der Urtel in one
3721 3142 5994 3473 jenen Abständen mir dahin
435 3132 3117 3426 Wobing in der in wir eit aller
3760 3311 6374 3746 nicht nur zusammen;  es jet zum
417 3358 2762 3685 Herrn de iure Har beim
391 3609 3246 3983 for ait weil schreiben, - und
3760 3749 6335 4080 de gelegentliche Lüßte. Eitunft
5272 3918 5875 4072 Rundert
212 3893 2920 4238 I will give you
