6776 4344
5993 42 6321 325 201
5012 272 5319 402 dat
6217 276 6475 506 it!
3004 325 3265 492 1 & 1
3583 314 6080 597 Me dieu indebent. Atmentien
405 374 3042 664 alle out Tage ut if ne... elle & tas
5246 499 5815 660 the day
3632 548 6339 821 Stermenepe.. in deine filieren.. Gerlei¬
426 569 3238 838 Hint eie (mei veir)   ƒ  je sui halt ihre
437 859 3136 1055 Pulres...  ni cet    n'est-il
3615 782 6300 1065 tot... vielleidt... but feithalt
398 1006 3094 1268 taupt... de erdulleitet so abyf wad.
3761 1013 6395 1264 worin esine wohler ich wegleit.
475 1229 3077 1470 Welt abe be
3657 1222 6318 1495 no wok in dein de
437 1425 2983 1697 abseret auerit.......... xxx xxx
3702 1463 6189 1725 ihren 1.. ad dass in dir der Last
496 1634 3063 1907 sein bewust daß und mit
3709 1676 6325 1882 ne in Angebles at Reit is gewust
402 1844 3108 2134 nst in angebleel in om de
3723 1858 6381 2116 weil a ob den  uoblen ken
465 2015 3094 2343 wurde 1.. St. de........ mit den Te
3685 2075 6157 2354 and iad iap ere wit un selk
622 2193 3196 2550 Ihr unterhalteten geben.
3768 2302 6147 2574 so morsam ist, in der
471 2501 3021 2731 wir im Orten und Oder- u Sereni¬
3765 2501 5990 2808 trib zu erhalte... Cw a
496 2693 3018 3035 I am well to it
3723 2787 6063 3035 up. ob. es ne wilt. zwar
506 2941 3007 3293 auf die her zisammen: —. aber
3765 3004 6210 3255 schneich und hineinig und
524 3112 2902 3419 in). - - in welce Conhil..
3765 3217 5916 3461 dies bien grach diertl
548 3370 3052 3678 aber die ihn seit... ich keine
3779 3405 6224 3768 und geboht ich et unter
510 3548 2941 3929 du pbert il in d. d. ke int
