6744 4328
385 200 571 289 Immeuble
3703 282 4780 465 her will write.
1906 299 2168 588 to
2743 368 3049 568 138
3789 434 6112 778 Soll hat Zürich; - xxx verührten ist.
3803 575 5344 881 - J u Besserit. Vosquitt,
234 447 2918 730 trill cemusit int jdst dep vf Elter
626 681 1115 819 von 1
3823 705 5420 1019 me ceci fort, könntrille. -
206 730 2977 1039 tain and pu veile, in vertoekend in
3813 819 4780 1084 Nay tres fahre
3823 977 5506 1263 Nein. - I am Café - zube -
248 943 2953 1235 Tis in ein poelische. Apr. des
3816 1077 4632 1328 Gemitweile.-
282 1087 2694 1459 nikel Robert will oben Spott
3858 1263 5189 1521 neublieu en gegegege
3861 1397 5929 1786 - T-ch in Strubel in Bate – helft sos fort -
354 1411 2918 1769 Erecking geb. - gethan war in
3906 1494 4470 1693 stotel -
3854 1628 4718 1869 nui, prs ils -
4990 1652 5967 1872 Hauch keiner.
268 1641 2894 1955 je ;- es on wohl wir die no aba
3906 1738 5630 2123 spielt... miell - vuluit -
3837 1893 6053 2313 that in 4 like $000 sil inlare. -
303 1858 2694 2244 Begenhuei les je vous
3885 2054 4821 2313 self the must.
279 2092 2887 2433 duer du obir du join Ausla
3858 2209 5888 2540 Mit Hoabel Lven, - Sie man
3902 2388 5189 2636 mir zahlen... besage viel¬
3916 2460 5695 2812 Ceap Nett - Raif toi mit dem -
293 2364 1765 2691 ein epiest halle.
5172 2516 5420 2622 over to
5176 2553 5430 2674 du
5410 2519 6270 2698 I have notntd - to fable
3913 2646 5988 3049 Sticht der Dieuer.- Es ist nicht,
5778 2650 6366 2842 held it in
757 2657 3008 2867 (This inetiell bei or i in mam imel
3596 2653 3865 2791 11.00
3544 2770 6136 3183 I do not give Oubel. – Albine! – Solling plan
5998 2801 6377 2946 meird.
348 2684 2791 3025 Auf ihn „Vagen løsch”;ogand„; in
3613 2846 3916 2984 over mr
5953 2860 6304 3008 I am
5964 2935 6349 3138 sant.
3992 2880 6294 3335 Es fahrt bin - Tag, i könnten in vor gut.
3600 2935 3823 3059 Re of
392 2922 2853 3166 no [illegible] -are
3982 3056 5909 3369 Sie hiert abend jeden i an Mynch.
3627 3035 3785 3142 pd
3999 3159 5785 3507 Sie nur wieder um gliebte. -
471 3114 3138 3366 es mouvel in..) to be a undt hove
4006 3266 6053 3692 Je se pris 1000 jält. - Je restant de
458 3290 2550 3551 Erman cin or of Jch de Bn
4037 3441 5000 3668 mitsbehorelt. –
4078 3541 5860 3809 Wm. Jschrind. (Boul in Stuebe)
544 3503 3149 3717 sigeblieb - at de nachgehen, wil from -
458 3631 2774 3930 - Mr wil it gesetzt, äuften, er
692 3885 2901 4047 int voll geheimert...  j. da in Carret
