3480 4216
2456 436 2640 596 161
1147 551 2946 825 „Warum auch nicht?“ meinte Willi un-
1159 933 2796 1153 „Also ich habe dir eine wichtige
506 898 895 1105 sicher.
2437 956 2959 1118 In the vifhitt
494 1029 3058 1344 eher erfreuliche Mitteilung zu machen. Der Herr und
2870 1121 3032 1290 r
490 1217 2793 1487 Schnabel, der Herr Konsul Schnabel - also wir
500 1347 2857 1647 haben Grund zu vermuten, dass er identisch ist
513 1542 2927 1790 mit einer Person, die vor längerer Zeit aus dem
526 1640 2882 1968 Berliner Residenzklub entfernt wurde...Er ist
580 1819 2669 2128 nämlich... ein notorischer Falschspieler“
1284 1994 3007 2210 „Was sagst du? Das ist doch nicht
554 2179 2771 2459 gut möglich. Hat jemand von Euch jemals be-
557 2437 1051 2593 merkt -?
1325 2459 2949 2666 „Wir - wir nicht.Es ist ja auch
592 2596 2902 2873 nicht g sagt, dass er mit uns falsch gespielt
599 2758 2997 3026 hat.Aber vor einer peihe von Jahren ist er aus
621 2905 3038 3195 einem Berliner Klub wegen Flaschspielen hinaus
634 3169 1650 3379 geschmissen worden.
1427 3201 3083 3484 „Woher wisst Ihr denn das plötz-
656 3526 956 3656 lich?"
