6792 4440
367 436 695 626 201
229 573 462 740 2:4
616 544 2994 832 sion holl de febrilel hondent
573 757 2844 1006 erfde haillich plagt;-
488 986 2798 1245 haft ein Ihre mal nicht weh
498 1098 2752 1458 an u geveit. mult or dei
547 1271 2932 1625 I am ab at emkler this.
554 1530 2932 1845 dubt, clix sich zu
1563 1736 2765 1962 Heobelgeht.
488 1851 1114 2021 unt cie
862 1936 1589 2087 in - Mr. Vogens & sal
593 1930 2883 2238 it [illegible] + oorleue....
629 2146 2716 2467 Jodof abu me de Istium
662 2369 2955 2749 in ihre Cung wieder gelasch.
675 2608 3040 2850 Kelt in paa " staat és in de seine.
1953 2755 2808 2949 = ohor Titil...
685 2847 2919 3155 E. ab fühlte plötzlich, wie
704 3063 2624 3365 le d. aber, in the
665 3253 3047 3525 mit verst Reine und
2185 3401 2628 3525 d sich
688 3434 2919 3686 in – - Sie. Und it is noch ein Mr.
917 3663 2870 3905 in si de verwirkte -,
934 3873 3122 4118 in an hell in it was; in ihr
6104 275 6379 537 215
3515 197 3791 469 of
3483 390 6032 698 fortgemach – und in woll auf woll
3525 583 5891 829 in vei cndt get..   Et un
3545 737 5901 1012 Hs. Exempl Esdragh etc.
3578 966 5828 1196 such to you. it I Ch the
3594 1222 5806 1458 urgie eten si cegen. - doch
3515 1333 5973 1559 es we is viel covenstorben, daß
5534 1474 5874 1612 tèle
3532 1546 5943 1789 dei Wede. I ue, d Lope kam
3584 1743 5812 1985 in meien ommert..  Ei woll
3515 1959 5894 2218 ihr ein. Beschwerfung zu beschrieben
3486 2139 6035 2398 Ihr wie so leist ich Rad auch auf zuissen.
3515 2379 5868 2628 to you it in the
3522 2559 5589 2785 Ist war es drei Ch. il yer
3542 2693 6176 3014 intgr ouluif.. et telle esge de 11.th
3515 2903 5747 3227 fil at Freifin in Febru-
3548 3096 6084 3460 verleigt, - in dat fiellt ihr
3535 3355 5642 3597 dease incliese frivill j
3591 3529 5835 3902 id tief og u Muhkerl
