6856 4344
587 395 2961 656 par cette a jusqu'il ne de
552 621 2835 869 gebrten sehr schrif. ich nie-
499 824 2905 1068 bell, a ullstondert, ao
517 1037 2968 1323 wil pbrouver –   -    hui; - u
559 1253 2999 1550 [illegible] bal i ceehl pieden. Aber
548 1456 2716 1686 ne waille inde en Cnandilis;
548 1732 2978 1938 in fyle ved  ih, wie i un leb
566 1934 2856 2182 or a tnad sie koun habe, at
552 2175 2762 2444 e wil ses kynst stets, ob¬
552 2367 2597 2695 oft ue Bad habet, - ob e om
566 2674 2779 2936 Culke vnkehre...  uor eine jaar
1843 2814 2179 2964 (ob -)
548 2863 2992 3191 (ein Avques) was in and aif..
583 3156 2870 3456 A Obear. die us hoffuil cin-
660 3397 2018 3676 en Kaelensch vertru
2350 3334 2608 3572 in
1784 3533 2933 3750 (im Rader geb. Schuldert)
740 3638 3072 3931 telle ne mahl – yem enbouw
5994 52 6344 251 201
6089 202 6392 422 P.
3575 286 6228 625 diefe; et tout j'auc elle estaient
3589 545 6148 824 Janberstel,... im sein Oberclauch
3544 803 6124 1023 crallt, de un beim nett her sei.
3579 981 6385 1278 in. A nd. Bs in  & tawid Benk
3599 1229 6207 1498 be de ce Sint, je peis pfls... au in
3613 1459 6040 1690 at dine He Elrif... - was die To
4092 1606 5328 1763 sait opeil i isist
3638 1718 6082 1976 gave its ockfangled Frise halle
3572 1969 6061 2276 es weil ein nömiderling. Hausbar
3655 2255 6159 2538 Gert erledgt... de onip it talam
3669 2503 6225 2814 his    esgal been  Heimart  is in
3645 2720 5963 3051 (Sevent) - it Leben; in leb
3746 2978 5928 3212 espill reill. allein. An a
4640 3135 5178 3310 several
3732 3191 6012 3470 wegh on nog eine bescheide...
3683 3407 6159 3823 Aussiul... auf it key;...  ce vrouve
