6824 4328
6139 194 6465 409 me
3633 235 6116 536 Une copereliche ist es mir, dass ich die
2828 382 3087 553 18 I
436 436 1860 603 [illegible] t ou ci gestaflt bien
3626 446 6146 714 en une autant le dit Cede
285 519 2768 767 Has... it was here the herbeit, the Linten.
3636 607 6156 912 [illegible] tt nisi antwortigemps.
345 721 2859 891 ist wenn sie sie hirzu
5034 838 5463 962 aBile
3589 838 6039 1059 habe leider in den viel die Sülwe nicht
322 885 2885 1109 Welt abwis; - dien kalte eine eine auf
3636 1039 6180 1357 fleißis, de de bevöthigst. ...  Je Ook
412 1093 2862 1330 Aboeing hatt to wenig in Vilegens
3596 1280 6129 1572 hel de j wabes seulut zeigt... deß. A.
426 1290 2912 1521 schaubt at dicre Mitl Kiflitt. E seit
2537 1441 2782 1548 it.
3596 1491 6156 1753 "niere Geld. durchauf und zweite. Ander
369 1451 2792 1666 Ief auf die aus unterste heim
4310 1615 4839 1793 Eulzelst
2523 1652 2721 1756 22
382 1619 2849 1910 mös; und er beklaßt mit selose in sein en
3603 1692 6029 1981 the is contill it -. as we
359 1863 2782 2078 andre hillere; - a état
3636 1910 6056 2165 in remplut   ich uk Rampld  et Raes
412 2034 2832 2242 Geo-T. lib I.d. S. Bürgh.
3656 2111 6347 2346 ut nennen Bubel p onfis it wennt.
436 2252 2895 2440 Ihr Welt Ihm gar aufs¬
4471 2252 4819 2393 bevan
3623 2356 6153 2597 "    "  Und vie  ich die Artsel es ich hier
436 2406 2795 2674 e, gelel, ja. F. daß ich die for
3606 2500 5995 2812 at wis ne dowit die and soet sind
462 2627 2795 2849 tot de Cugelegent uni uut ube
3576 2664 4558 2922 in about 1/2
406 2782 2885 3066 teb... Ich tefin en nen-ci vermis
4199 2872 4437 3036 ab
3753 2872 6173 3217 wlt at what is it - in engef bp hal
429 2989 2885 3288 telei- nst gesplofte, et in
3660 3090 5975 3398 m kere Anlafs mit sei zu Mag.
382 3244 2718 3458 tereinzelnt.
4896 3314 5154 3415 nu
3629 3281 5989 3593 2. p.C. be  - a fard dat rer Cr im
493 3415 2768 3666 Esist Erk-Musser Es ist ein hal-
3693 3499 6150 3804 zurück zu sein soll die auch
499 3593 2554 3864 Cherstil – di his un sort of
499 3733 2604 4089 Uhr. begleich sein auf wie ist.
