6808 4312
3851 58 4998 301 ist war sie verte ich
5725 118 6375 294 16 120
5096 179 6010 443 he was. -c
3658 233 4697 430 4-11 1:1:1:-
3682 359 3939 541 115
2927 362 3208 545 -11-
464 420 3133 704 with his party I l lit. Da de
3786 406 6240 724 zeigte nich seiner überreden
453 629 2873 981 elf leven fils bereut
3692 680 5962 1005 Auch in Schmerhaft i hoff
423 846 3130 1164 he Tisch zahlen kunde.
3797 971 6375 1279 remisser - she waswarr with
484 1076 3204 1401 Robert.. we die einig Billing
3712 1194 6179 1475 de lui, - a den Seite.
518 1310 3005 1536 nest bleib, und es übrig als.....
3759 1438 6392 1739 her in trager of a
497 1502 3012 1848 die im Regel an die Stören“.
3702 1624 6257 1963 u en xxx - u werde aber ein
582 1817 2545 2132 Einregelassiget mit das aus
2589 1956 2917 2098 will
3851 1885 6277 2176 i tere Het zu... de sep de
524 2027 2984 2314 for us to me and shall be
3719 2122 6165 2365 weil leterl ihm zurückgelehren,
494 2250 2873 2514 in regelmässige Theils eine
3756 2389 6395 2707 mit. zu blos beige... wahrtniß
494 2443 2886 2721 merihinnde Colonne die
3912 2649 6152 2930 sidlich - u stellt.
538 2683 2920 2951 a ce Oh..... Solle huit
487 2883 3001 3133 witt Hall heit mit die F &
3868 2893 6250 3177 not so - R. hea Aug
585 3079 2984 3384 er libuis    3
3817 3164 6223 3411 Her Cromt..... I
572 3336 2765 3644 Iub. every ocke. - -... -.
3929 3367 6246 3715 Wort de Bille, est un
531 3566 3028 3813 wie peinlich wenn es; jetzt
3861 3624 5989 4023 Sie weitel weiter mit un
602 3759 3008 4003 komen in de Speise ihr Compagnie
