3544 4488
2870 459 2958 585 7
998 614 3004 836 Wilhelm : Wenn ich könnte,gern.Aber du
1003 802 2991 1011 weisst ja. Das hier ist mein Vermögen.
993 980 3066 1186 Hundert rronen. Alles bis auf zehn, wenn
1006 1142 1537 1302 du willst.
1003 1209 2981 1426 Leonhard: Damit ist mir nicht gedient,
1006 1390 2997 1583 Ich weiss auch, dass du es selbst nicht
1006 1573 2906 1733 hast. Aber dein Onkel.Der hat dir ja
1021 1705 2535 1895 auch schon manchmal geholfen.
1013 1846 3009 2073 wilhelm: In früheren Zeiten.Seit einem
1011 2006 2922 2213 Jahr hab ich ihn kaum gesehen. Er ist
2262 2122 2483 2223 Actus
1019 2200 3084 2349 ein alter Sonderling geworden. Ich bekom
1013 2342 2963 2507 me meinen regelmässigen Zuschuss, aber
1026 2476 2813 2648 ich selbst werde kaum vorgelassen.
1024 2654 2976 2793 Leonhard: Versuch’s. Du bist der Ein-
1034 2813 3027 2955 zige. Eine kleine Unannehmlichkeit, Aber
1032 2929 3040 3131 für mich das Leben. Wohl auch für meine
1029 3100 2718 3296 Frau. Wer das vorausgeahnt hätte.
1418 3200 2775 3324 (innaugenten die Erprenung empfinirend)
1037 3229 3046 3422 Wilhelm: Unmöglich.Er würde mir nichts
1034 3450 1372 3621 geben.
2122 3463 2331 3615 n
1037 3538 2950 3762 Leonhard: Stelle dir vor du wärst in
1032 3713 3048 3927 meiner Lage.Du weisst ganz gut,dass du
1047 3878 3051 4056 von deinem Onkel auch mehr als tausend
