6792 4408
338 490 598 698 110
479 454 3146 760 vndt compt. nie nel es, das schon
536 709 3190 958 we, rest in <gap/>;
439 886 3006 1192 .. En behom en t'a.f. de our
590 1058 3006 1386 we wohl Beufen..... Her.. En een
637 1264 3092 1566 in not..... He sreit nicht in
666 1426 2956 1811 ja wohl bemerk und nicht ein
598 1652 3013 1984 dre gebabt. „ Weil wie sich
583 1868 2981 2246 zweiter verd..  ui gleich wie
1188 2088 3262 2455 Et ine bernet, Sombler
518 2293 1123 2509 De.
688 2369 2923 2722 E He.. de schling g... in. d
616 2556 3154 2956 Mollion  Hall    El. A wein
580 2747 2966 3200 hall is plvist.. nur ei... to
623 2999 3064 3463 Wom't gel with de Rait was
659 3290 3092 3611 and..... Eine we verscheidend
623 3503 2977 3794 a Resicuenlars : - je, - entalt
619 3701 3200 4028 & belle... will halt in
3539 349 6318 562 frut bewerkt, in er werthen de Broch
3582 508 6458 835 geschullell kalt. - nu wie wie er fort¬
3575 752 6318 1022 - wie in Voila ein schrach hier
3546 986 6440 1256 bet Roul 4. by de Parti.
3769 1184 6325 1512 in a hild ust in wt N. box
3578 1426 6343 1681 de Raub - un tied cinsel. Ist
3629 1656 6390 1937 viel. Es weist i werkt jene, en
3622 1825 6275 2160 Hendoll Tambacote... do in
3532 2038 6160 2434 we veu but. - es wit der Tödt
3528 2293 6088 2693 a spiectu... He is a, &c
3647 2531 6239 2974 in half withl. It was an last
3672 2765 6059 3179 Acht „ „ H „ sei wufl &
3650 2995 5897 3413 immer.. Einwach ist
3647 3236 6268 3614 will - him I do from
3758 3499 6131 3830 out - in wtol zugleich d kan
5638 3773 6268 4086 -:
