3448 4216
2690 490 2888 645 176
734 564 2767 793 ersch ienen als Leutnant auf dieStrasse
725 731 2941 967 vor den vonsul zu treten.Er legte die mili-
716 861 2947 1112 tärische Gewandung ab,nahm den grauen Anzug
716 1032 2820 1261 aus dem Schrank, den er jahrelang nicht ge
713 1178 2931 1401 tragen und legte ihn an. Er überlegte nicht
700 1391 2857 1540 die Unannehmlichkeiten, die daraus für ihn
685 1503 2888 1704 folgen könnten,wenn er nun einem Kameraden
703 1673 2931 1838 oder einem Vorgesetzten begegnete.Er war der
694 1810 2928 1999 Leutnant Wilhelm Kasda nicht mehr, er war in
679 1986 2962 2166 eine andere Welt hinauf oder hinabgestiegen,
672 2120 2845 2293 in der alle Beschränkungen nicht mehr gal-
672 2271 2910 2473 ten, denan er sich von Jugend auf unterworfen
660 2402 2863 2615 hatte. Was er auch in diesen drei Tagen er
660 2572 2882 2764 lebt, ob es ihn erniedrigt oder erhöht hatte
641 2721 2869 2978 in jedem Fall war er ein freier Mann gewor-
629 2888 874 3046 den.
1097 2990 2835 3223 Josef riss die Augen weit auf, als
465 3182 2953 3449 sein Herr in grauem Zivilanzug vor ihm stand
2674 3192 2789 3300 in
685 3334 2764 3582 Jetzt erst fiel es Willi ein,dass er das
610 3480 2860 3762 Wichtigste beinahe vergessen.Er war ja wie-
