<?xml version="1.0" encoding="UTF-8" standalone="yes"?>
<PcGts xmlns="http://schema.primaresearch.org/PAGE/gts/pagecontent/2013-07-15" xmlns:xsi="http://www.w3.org/2001/XMLSchema-instance" xsi:schemaLocation="http://schema.primaresearch.org/PAGE/gts/pagecontent/2013-07-15 http://schema.primaresearch.org/PAGE/gts/pagecontent/2013-07-15/pagecontent.xsd">
    <Metadata>
        <Creator>prov=READ-COOP:name=TrHtr:version=2.1.0:model_id=51170:date=15_08_2023_00:17</Creator>
        <Created>2023-05-10T14:46:17.597+02:00</Created>
        <LastChange>2023-08-15T00:17:26.689+02:00</LastChange>
        <TranskribusMetadata docId="1428675" pageId="55425914" pageNr="121" tsid="132831966" status="IN_PROGRESS" userId="64420" imgUrl="https://files.transkribus.eu/Get?id=TVOUFYVUGTDTURPYYBUIAFGI&amp;fileType=view" xmlUrl="https://files.transkribus.eu/Get?id=GMNQRAXVXHDPTQJIERHGVHOK" imageId="44699991"/>
    </Metadata>
    <Page imageFilename="1428675_0121.jpg" imageWidth="3592" imageHeight="4488">
        <ReadingOrder>
            <OrderedGroup id="ro_1711813098729" caption="Regions reading order">
                <RegionRefIndexed index="0" regionRef="tr_1"/>
            </OrderedGroup>
        </ReadingOrder>
        <TextRegion id="tr_1" custom="readingOrder {index:0;}">
            <Coords points="1002,537 3294,537 3294,4047 1002,4047"/>
            <TextLine id="tr_1_tl_1" custom="readingOrder {index:0;}">
                <Coords points="2580,666 2709,674 2844,616 2929,649 3020,588 3036,608 3094,597 3099,517 3055,495 3030,512 2942,490 2778,550 2590,509"/>
                <Baseline points="2596,620 2608,617 2652,617 2697,620 2742,617 2787,617 2831,617 2876,614 2921,611 2966,602 3010,593 3055,590 3100,587"/>
                <TextEquiv>
                    <Unicode>Mai 1916</Unicode>
                </TextEquiv>
            </TextLine>
            <TextLine id="tr_1_tl_2" custom="readingOrder {index:1;}">
                <Coords points="984,1001 1851,921 2197,976 2893,940 2898,764 993,833"/>
                <Baseline points="1002,954 1023,951 1068,948 1113,945 1157,945 1202,942 1247,942 1292,939 1336,936 1381,936 1426,934 1471,931 1515,931 1560,928 1605,925 1650,925 1694,925 1739,922 1784,922 1829,919 1873,919 1918,919 1963,916 2008,916 2053,916 2097,913 2142,913 2187,910 2232,904 2276,901 2321,898 2366,895 2411,892 2455,889 2500,889 2545,889 2590,886 2634,883 2679,880 2724,880 2769,877 2813,874 2858,871 2903,868"/>
                <TextEquiv>
                    <Unicode>Herr Leutnant! Der Angerufene rührte</Unicode>
                </TextEquiv>
            </TextLine>
            <TextLine id="tr_1_tl_3" custom="readingOrder {index:2;}">
                <Coords points="1001,1141 1169,1108 1235,1133 1460,1108 1507,1128 1543,1103 1590,1128 1595,1015 1537,996 1416,1015 1394,990 1292,987 1229,1028 1160,1028 1006,987"/>
                <Baseline points="1017,1110 1062,1104 1107,1101 1151,1101 1196,1101 1241,1098 1286,1095 1330,1089 1375,1089 1420,1086 1465,1086 1509,1086 1554,1086 1599,1092"/>
                <TextEquiv>
                    <Unicode>sich nicht.</Unicode>
                </TextEquiv>
            </TextLine>
            <TextLine id="tr_1_tl_4" custom="readingOrder {index:3;}">
                <Coords points="998,1309 2401,1210 2678,1260 2854,1226 2860,1106 1004,1144"/>
                <Baseline points="1014,1262 1029,1262 1074,1259 1119,1256 1163,1256 1208,1256 1253,1256 1298,1253 1342,1247 1387,1244 1432,1241 1477,1238 1521,1238 1566,1238 1611,1235 1656,1232 1700,1235 1745,1235 1790,1232 1835,1229 1879,1226 1924,1223 1969,1220 2014,1217 2058,1214 2103,1214 2148,1214 2193,1211 2238,1208 2282,1205 2327,1202 2372,1202 2417,1202 2461,1202 2506,1199 2551,1199 2596,1199 2640,1199 2685,1196 2730,1190 2775,1187 2819,1187 2864,1190"/>
                <TextEquiv>
                    <Unicode>„Herr Leutnant!“ Nun erwacht er. Was</Unicode>
                </TextEquiv>
            </TextLine>
            <TextLine id="tr_1_tl_5" custom="readingOrder {index:4;}">
                <Coords points="1009,1458 2956,1386 2984,1235 1018,1295"/>
                <Baseline points="1023,1429 1062,1423 1107,1417 1151,1411 1196,1408 1241,1408 1286,1405 1330,1399 1375,1399 1420,1396 1465,1393 1509,1393 1554,1393 1599,1390 1644,1387 1688,1384 1733,1384 1778,1381 1823,1381 1868,1378 1912,1375 1957,1375 2002,1372 2047,1369 2091,1366 2136,1366 2181,1363 2226,1363 2270,1360 2315,1357 2360,1354 2405,1354 2449,1351 2494,1348 2539,1348 2584,1345 2628,1345 2673,1342 2718,1339 2763,1336 2807,1333 2852,1333 2897,1330 2942,1327 2987,1333"/>
                <TextEquiv>
                    <Unicode>gibt'sdenn? Ich habe mir ausdrücklich</Unicode>
                </TextEquiv>
            </TextLine>
            <TextLine id="tr_1_tl_6" custom="readingOrder {index:5;}">
                <Coords points="1015,1576 1078,1617 1848,1532 2450,1543 2492,1402 2018,1466 1609,1419 1342,1485 1169,1441 1018,1488"/>
                <Baseline points="1029,1569 1059,1563 1104,1563 1148,1560 1193,1560 1238,1557 1283,1554 1327,1554 1372,1551 1417,1548 1462,1548 1506,1545 1551,1545 1596,1545 1641,1542 1685,1539 1730,1536 1775,1536 1820,1533 1865,1530 1909,1530 1954,1524 1999,1524 2044,1524 2088,1521 2133,1518 2178,1515 2223,1515 2267,1512 2312,1512 2357,1512 2402,1509 2446,1509 2491,1515"/>
                <TextEquiv>
                    <Unicode>verbsten. Heute ist Sonntag.</Unicode>
                </TextEquiv>
            </TextLine>
            <TextLine id="tr_1_tl_7" custom="readingOrder {index:6;}">
                <Coords points="1012,1771 2480,1658 2761,1697 3086,1653 3091,1570 1018,1606"/>
                <Baseline points="1026,1724 1035,1721 1080,1715 1124,1715 1169,1715 1214,1715 1259,1712 1304,1706 1348,1706 1393,1703 1438,1703 1483,1700 1527,1700 1572,1697 1617,1694 1662,1691 1706,1688 1751,1688 1796,1685 1841,1685 1885,1682 1930,1680 1975,1680 2020,1677 2064,1677 2109,1674 2154,1674 2199,1668 2244,1665 2288,1665 2333,1662 2378,1662 2423,1659 2467,1659 2512,1656 2557,1656 2602,1653 2646,1653 2691,1650 2736,1650 2781,1647 2825,1644 2870,1641 2915,1641 2960,1638 3004,1632 3049,1629 3094,1623"/>
                <TextEquiv>
                    <Unicode>Der Diener weist eine Karte vor. Der Herr</Unicode>
                </TextEquiv>
            </TextLine>
            <TextLine id="tr_1_tl_8" custom="readingOrder {index:7;}">
                <Coords points="1028,1895 1732,1889 1914,1840 2087,1886 2404,1834 2409,1710 2120,1768 1840,1732 1708,1776 1031,1779"/>
                <Baseline points="1044,1882 1065,1876 1110,1870 1154,1870 1199,1870 1244,1865 1289,1865 1333,1862 1378,1862 1423,1856 1468,1856 1512,1853 1557,1853 1602,1850 1647,1847 1691,1844 1736,1844 1781,1841 1826,1841 1870,1838 1915,1835 1960,1832 2005,1832 2050,1829 2094,1826 2139,1823 2184,1823 2229,1823 2273,1820 2318,1820 2363,1817 2408,1823"/>
                <TextEquiv>
                    <Unicode>lässt sich nicht abweisen.</Unicode>
                </TextEquiv>
            </TextLine>
            <TextLine id="tr_1_tl_9" custom="readingOrder {index:8;}">
                <Coords points="1042,2052 2747,1999 3110,1958 3113,1864 1823,1884 1502,1955 1050,1903"/>
                <Baseline points="1056,2035 1101,2029 1145,2026 1190,2023 1235,2020 1280,2020 1324,2020 1369,2014 1414,2011 1459,2008 1503,2008 1548,2005 1593,2002 1638,2002 1682,1999 1727,1996 1772,1996 1817,1993 1862,1993 1906,1990 1951,1990 1996,1990 2041,1987 2085,1981 2130,1978 2175,1978 2220,1975 2264,1972 2309,1969 2354,1966 2399,1966 2443,1963 2488,1960 2533,1960 2578,1957 2622,1957 2667,1954 2712,1954 2757,1954 2802,1951 2846,1948 2891,1945 2936,1945 2981,1942 3025,1939 3070,1936 3115,1936"/>
                <TextEquiv>
                    <Unicode>Der? Ein alter Regimentskamerad,der vor</Unicode>
                </TextEquiv>
            </TextLine>
            <TextLine id="tr_1_tl_10" custom="readingOrder {index:9;}">
                <Coords points="2357,2062 2398,2074 2431,2049 2470,2054 2486,2043 2502,2052 2519,2040 2530,2052 2552,2038 2599,2076 2618,2057 2648,2062 2651,1972 2604,1955 2568,1986 2538,1991 2511,1969 2478,1969 2439,1988 2420,1991 2401,1977 2360,1996"/>
                <Baseline points="2372,2044 2390,2044 2434,2041 2479,2041 2524,2038 2569,2035 2614,2035 2658,2032"/>
                <TextEquiv>
                    <Unicode>Soll. P</Unicode>
                </TextEquiv>
            </TextLine>
            <TextLine id="tr_1_tl_11" custom="readingOrder {index:10;}">
                <Coords points="1042,2203 3072,2142 3099,1991 2800,2046 2720,1996 2596,2074 1895,2040 1045,2112"/>
                <Baseline points="1056,2184 1086,2181 1130,2178 1175,2175 1220,2175 1265,2172 1309,2169 1354,2169 1399,2166 1444,2163 1489,2163 1533,2157 1578,2157 1623,2154 1668,2154 1712,2151 1757,2151 1802,2151 1847,2148 1891,2145 1936,2142 1981,2139 2026,2136 2070,2136 2115,2133 2160,2130 2205,2130 2249,2127 2294,2127 2339,2124 2384,2121 2429,2121 2473,2118 2518,2118 2563,2118 2608,2118 2652,2115 2697,2112 2742,2109 2787,2103 2831,2100 2876,2097 2921,2094 2966,2091 3010,2091 3055,2088 3100,2097"/>
                <TextEquiv>
                    <Unicode>drei Jahren quittieren musste. Was will</Unicode>
                </TextEquiv>
            </TextLine>
            <TextLine id="tr_1_tl_12" custom="readingOrder {index:11;}">
                <Coords points="1260,2260 1422,2230 1512,2247 1578,2219 1818,2238 1878,2228 1881,2164 1730,2186 1697,2150 1647,2186 1584,2167 1540,2206 1262,2175"/>
                <Baseline points="1274,2238 1304,2235 1348,2232 1393,2232 1438,2229 1483,2226 1527,2223 1572,2220 1617,2217 1662,2214 1706,2214 1751,2211 1796,2211 1841,2208 1885,2208"/>
                <TextEquiv>
                    <Unicode>Warm E. Hoch</Unicode>
                </TextEquiv>
            </TextLine>
            <TextLine id="tr_1_tl_13" custom="readingOrder {index:12;}">
                <Coords points="1042,2384 3118,2282 3124,2172 1050,2255"/>
                <Baseline points="1059,2339 1068,2336 1113,2330 1157,2330 1202,2330 1247,2330 1292,2327 1336,2324 1381,2324 1426,2321 1471,2321 1515,2318 1560,2315 1605,2312 1650,2309 1694,2309 1739,2306 1784,2306 1829,2303 1873,2300 1918,2297 1963,2294 2008,2291 2053,2291 2097,2288 2142,2285 2187,2285 2232,2282 2276,2279 2321,2279 2366,2276 2411,2273 2455,2270 2500,2270 2545,2267 2590,2264 2634,2261 2679,2258 2724,2258 2769,2255 2813,2255 2858,2252 2903,2252 2948,2249 2992,2246 3037,2246 3082,2241 3127,2241"/>
                <TextEquiv>
                    <Unicode>der von mir? Freilich, wir waren befreun,</Unicode>
                </TextEquiv>
            </TextLine>
            <TextLine id="tr_1_tl_14" custom="readingOrder {index:13;}">
                <Coords points="1045,2530 3039,2445 3088,2329 1053,2387"/>
                <Baseline points="1062,2491 1077,2491 1122,2488 1166,2485 1211,2482 1256,2482 1301,2479 1345,2479 1390,2476 1435,2476 1480,2473 1524,2470 1569,2470 1614,2467 1659,2467 1703,2464 1748,2458 1793,2458 1838,2455 1882,2452 1927,2452 1972,2449 2017,2446 2061,2443 2106,2443 2151,2443 2196,2440 2241,2440 2285,2437 2330,2431 2375,2431 2420,2431 2464,2431 2509,2431 2554,2429 2599,2426 2643,2423 2688,2417 2733,2417 2778,2414 2822,2411 2867,2408 2912,2408 2957,2405 3001,2402 3046,2402 3091,2393"/>
                <TextEquiv>
                    <Unicode>det.Nun, was bleibt mir übrig? Einen Au-</Unicode>
                </TextEquiv>
            </TextLine>
            <TextLine id="tr_1_tl_15" custom="readingOrder {index:14;}">
                <Coords points="1059,2706 1108,2703 1174,2659 1240,2646 1276,2665 1301,2646 1405,2643 1449,2670 1548,2670 1554,2571 1488,2571 1416,2538 1199,2566 1160,2538 1138,2549 1067,2527"/>
                <Baseline points="1077,2658 1110,2652 1154,2646 1199,2643 1244,2640 1289,2634 1333,2631 1378,2628 1423,2628 1468,2628 1512,2634 1557,2634"/>
                <TextEquiv>
                    <Unicode>genblick.</Unicode>
                </TextEquiv>
            </TextLine>
            <TextLine id="tr_1_tl_16" custom="readingOrder {index:15;}">
                <Coords points="1062,2822 2321,2747 2467,2797 2753,2731 3033,2783 3080,2615 1067,2698"/>
                <Baseline points="1077,2805 1113,2799 1157,2799 1202,2796 1247,2790 1292,2790 1336,2787 1381,2784 1426,2784 1471,2781 1515,2781 1560,2778 1605,2778 1650,2775 1694,2772 1739,2772 1784,2769 1829,2766 1873,2766 1918,2760 1963,2760 2008,2757 2053,2754 2097,2754 2142,2751 2187,2751 2232,2748 2276,2748 2321,2745 2366,2742 2411,2739 2455,2739 2500,2736 2545,2733 2590,2730 2634,2730 2679,2724 2724,2724 2769,2718 2813,2718 2858,2715 2903,2715 2948,2715 2992,2712 3037,2709 3082,2715"/>
                <TextEquiv>
                    <Unicode>Leutnant steht fasch auf, blickt in den</Unicode>
                </TextEquiv>
            </TextLine>
            <TextLine id="tr_1_tl_17" custom="readingOrder {index:16;}">
                <Coords points="3052,2846 3116,2854 3127,2846 3138,2852 3182,2844 3193,2835 3204,2844 3223,2838 3245,2852 3262,2838 3286,2838 3289,2794 3267,2800 3209,2753 3193,2756 3168,2736 3140,2747 3113,2775 3108,2766 3077,2783 3055,2778"/>
                <Baseline points="3067,2840 3070,2840 3115,2834 3160,2828 3204,2825 3249,2822 3294,2828"/>
                <TextEquiv>
                    <Unicode>or</Unicode>
                </TextEquiv>
            </TextLine>
            <TextLine id="tr_1_tl_18" custom="readingOrder {index:17;}">
                <Coords points="1062,2970 2544,2904 3226,2959 3272,2844 2860,2766 1064,2885"/>
                <Baseline points="1077,2960 1083,2957 1127,2954 1172,2951 1217,2951 1262,2948 1307,2945 1351,2945 1396,2942 1441,2939 1486,2936 1530,2936 1575,2933 1620,2930 1665,2930 1709,2930 1754,2927 1799,2924 1844,2921 1888,2921 1933,2921 1978,2918 2023,2915 2067,2915 2112,2912 2157,2909 2202,2906 2246,2903 2291,2900 2336,2900 2381,2897 2426,2894 2470,2891 2515,2891 2560,2888 2605,2885 2649,2885 2694,2882 2739,2882 2784,2882 2828,2879 2873,2876 2918,2876 2963,2876 3007,2879 3052,2891 3097,2897 3142,2894 3186,2894 3231,2897 3276,2906"/>
                <TextEquiv>
                    <Unicode>Hof.Frühlingsmorgen. Heute aufs Land.</Unicode>
                </TextEquiv>
            </TextLine>
            <TextLine id="tr_1_tl_19" custom="readingOrder {index:18;}">
                <Coords points="1067,3135 2932,3080 3069,3052 3074,2954 1072,3006"/>
                <Baseline points="1083,3112 1110,3112 1154,3106 1199,3106 1244,3103 1289,3100 1333,3100 1378,3097 1423,3094 1468,3091 1512,3088 1557,3088 1602,3085 1647,3082 1691,3082 1736,3079 1781,3076 1826,3076 1870,3070 1915,3070 1960,3070 2005,3070 2050,3067 2094,3067 2139,3064 2184,3061 2229,3058 2273,3055 2318,3052 2363,3049 2408,3049 2452,3046 2497,3043 2542,3043 2587,3037 2631,3037 2676,3034 2721,3031 2766,3028 2810,3028 2855,3022 2900,3022 2945,3022 2990,3022 3034,3019 3079,3016"/>
                <TextEquiv>
                    <Unicode>Leonhard tritt ein. „Du wirst dich wun-</Unicode>
                </TextEquiv>
            </TextLine>
            <TextLine id="tr_1_tl_20" custom="readingOrder {index:19;}">
                <Coords points="1081,3294 2500,3196 3099,3242 3152,3083 1254,3190 1086,3143"/>
                <Baseline points="1095,3258 1136,3258 1181,3255 1226,3255 1271,3252 1315,3252 1360,3249 1405,3246 1450,3243 1495,3243 1539,3240 1584,3237 1629,3234 1674,3234 1718,3231 1763,3231 1808,3228 1853,3225 1897,3222 1942,3219 1987,3219 2032,3216 2076,3216 2121,3213 2166,3210 2211,3207 2255,3204 2300,3204 2345,3201 2390,3198 2434,3195 2479,3195 2524,3195 2569,3195 2614,3192 2658,3192 2703,3186 2748,3183 2793,3183 2837,3180 2882,3178 2927,3175 2972,3175 3016,3172 3061,3175 3106,3175 3151,3172"/>
                <TextEquiv>
                    <Unicode>dern.Aber du bist meine letzte Hoffnung.</Unicode>
                </TextEquiv>
            </TextLine>
            <TextLine id="tr_1_tl_21" custom="readingOrder {index:20;}">
                <Coords points="1086,3448 3025,3374 3066,3228 1504,3338 1092,3294"/>
                <Baseline points="1101,3419 1142,3413 1187,3407 1232,3407 1277,3404 1321,3401 1366,3398 1411,3398 1456,3398 1500,3395 1545,3392 1590,3392 1635,3389 1680,3386 1724,3383 1769,3380 1814,3380 1859,3380 1903,3377 1948,3374 1993,3371 2038,3371 2082,3368 2127,3365 2172,3363 2217,3360 2261,3360 2306,3357 2351,3357 2396,3354 2440,3351 2485,3351 2530,3351 2575,3348 2619,3348 2664,3345 2709,3342 2754,3339 2799,3336 2843,3333 2888,3333 2933,3330 2978,3327 3022,3327 3067,3330"/>
                <TextEquiv>
                    <Unicode>Ich brauche neunhundertsechzig Kronen.</Unicode>
                </TextEquiv>
            </TextLine>
            <TextLine id="tr_1_tl_22" custom="readingOrder {index:21;}">
                <Coords points="1086,3575 2690,3556 2780,3501 3025,3553 3168,3523 3174,3399 1092,3457"/>
                <Baseline points="1101,3568 1116,3568 1160,3565 1205,3562 1250,3559 1295,3556 1339,3553 1384,3553 1429,3551 1474,3548 1518,3548 1563,3545 1608,3545 1653,3542 1697,3542 1742,3536 1787,3536 1832,3533 1876,3533 1921,3530 1966,3527 2011,3527 2056,3524 2100,3524 2145,3521 2190,3518 2235,3518 2279,3515 2324,3512 2369,3509 2414,3506 2458,3506 2503,3503 2548,3503 2593,3500 2637,3500 2682,3500 2727,3497 2772,3494 2816,3491 2861,3488 2906,3485 2951,3482 2995,3482 3040,3482 3085,3485 3130,3485 3175,3494"/>
                <TextEquiv>
                    <Unicode>Ich könnte rund sagen tausend.Du weisst,</Unicode>
                </TextEquiv>
            </TextLine>
            <TextLine id="tr_1_tl_23" custom="readingOrder {index:22;}">
                <Coords points="1084,3737 2978,3690 3176,3655 3182,3542 1089,3627"/>
                <Baseline points="1101,3721 1124,3724 1169,3721 1214,3718 1259,3715 1304,3712 1348,3712 1393,3709 1438,3706 1483,3703 1527,3703 1572,3703 1617,3703 1662,3697 1706,3694 1751,3691 1796,3691 1841,3688 1885,3685 1930,3685 1975,3682 2020,3682 2064,3679 2109,3679 2154,3673 2199,3670 2244,3670 2288,3667 2333,3667 2378,3664 2423,3661 2467,3658 2512,3658 2557,3658 2602,3655 2646,3655 2691,3652 2736,3649 2781,3646 2825,3643 2870,3643 2915,3640 2960,3637 3004,3637 3049,3637 3094,3640 3139,3643 3183,3646"/>
                <TextEquiv>
                    <Unicode>ich habe geheiratet,habe eine Anstellung</Unicode>
                </TextEquiv>
            </TextLine>
            <TextLine id="tr_1_tl_24" custom="readingOrder {index:23;}">
                <Coords points="1084,3922 2835,3812 3121,3872 3132,3668 2079,3781 1089,3762"/>
                <Baseline points="1101,3882 1119,3879 1163,3876 1208,3876 1253,3873 1298,3870 1342,3867 1387,3864 1432,3864 1477,3861 1521,3861 1566,3861 1611,3858 1656,3855 1700,3852 1745,3852 1790,3852 1835,3849 1879,3846 1924,3843 1969,3840 2014,3837 2058,3837 2103,3834 2148,3831 2193,3828 2238,3825 2282,3825 2327,3822 2372,3819 2417,3816 2461,3816 2506,3813 2551,3813 2596,3810 2640,3807 2685,3807 2730,3807 2775,3804 2819,3804 2864,3801 2909,3798 2954,3795 2998,3795 3043,3792 3088,3801 3133,3798"/>
                <TextEquiv>
                    <Unicode>in einer Bank, kurz die alte Geschichte</Unicode>
                </TextEquiv>
            </TextLine>
            <TextLine id="tr_1_tl_25" custom="readingOrder {index:24;}">
                <Coords points="1092,4062 3061,3996 3066,3913 2896,3864 1100,3922"/>
                <Baseline points="1110,4034 1142,4031 1187,4037 1232,4037 1277,4034 1321,4034 1366,4031 1411,4028 1456,4028 1500,4022 1545,4019 1590,4016 1635,4013 1680,4010 1724,4007 1769,4004 1814,4004 1859,4001 1903,3995 1948,3995 1993,3992 2038,3989 2082,3986 2127,3986 2172,3986 2217,3986 2261,3986 2306,3983 2351,3980 2396,3977 2440,3974 2485,3971 2530,3968 2575,3965 2619,3962 2664,3962 2709,3959 2754,3959 2799,3956 2843,3953 2888,3953 2933,3950 2978,3947 3022,3947 3067,3947"/>
                <TextEquiv>
                    <Unicode>es ging nicht anders,morgen Revision.</Unicode>
                </TextEquiv>
            </TextLine>
        </TextRegion>
    </Page>
</PcGts>
