6840 4328
6023 53 6347 243 201
250 327 556 584 "4
3748 366 3931 478 1.
2303 313 3066 573 D. Trinteb
4167 345 4374 591 1
6203 366 6561 626 17 2
3601 454 3924 658 170
2817 492 3140 651 u,
355 478 2827 809 Winten, I bek ny it.
3724 545 6343 897 kopf auf dem gröblengen Bettpræste: -
3703 812 6407 1139 das ich de blape etc weken jeich
380 798 2591 1164 or Uldaf een ganz i vorito,
3710 1087 6189 1403 auf das, durch die Spalt der
327 1048 3024 1438 m. 50 leneur (ich gewacht)
3678 1220 6354 1617 schaft fl Holzwöl. in
408 1378 3063 1579 u cet vierigt.... .   .,, ich wird
3660 1519 6273 1885 das ein de Läumlicht des Tim¬
636 1558 2771 1843 in rien überhaupt alle...
3615 1726 6217 2113 wie sich... Sie wä in holllück.
679 1850 2926 2050 Ma voir. Elle de Voiret...
3692 1969 6368 2286 Er wenn sich den Eiligen Ruiss mit den
373 2057 2999 2342 Eske wd to in Cibe Ouket will
3745 2198 6115 2447 Sophie Helbeid. of de Rogh A
4174 2338 4550 2497 Quin
390 2303 2831 2623 du mois qu'est. un est Hoffin
3696 2395 6122 2676 laut Koss, die, ut der F wifl
3625 2581 6037 2943 neilen Belfdeit lang. E. he
309 2539 3129 2897 & of m begieven.
496 2834 3112 3112 „ Enlant & lit.. 1/2 1.
3671 2809 6284 3189 we ami noe liege geblieben doer ne
4810 3087 5274 3249 or 6 rth
3646 3056 6319 3502 nalv er niet wirall in de Borlin
447 3013 2915 3326 " End de feil. of wasfor.. - to-
3608 3270 6241 3636 expl jui heuet auplut. Etat
432 3365 3112 3682 dr. erleibt über den Litstelleren.
3597 3530 5911 3854 E telle ait. Dieu in beimd
432 3551 2852 3868 no crstillirt.. Baïdt... who
3594 3755 6153 4118 sulleit ind lewendig geven, dess
447 3829 1603 4051 - et ils une tat
