6840 4328
362 385 685 676 en
698 462 3168 721 Hut usf - aber.. sie jus wisstet.
1587 630 1930 773 Hin
685 666 2832 944 So but is in theint him, und
601 853 3200 1099 sich in da dann karenbef hinnt...
608 1067 2900 1358 as interesuuei die hebben
627 1299 2874 1535 we d not sorging.... Eup¬
676 1500 2828 1801 Tolret... En pe- Offis tres
698 1736 2786 1959 sorbe - in an deuil in ae
727 1920 3006 2114 Cestive soper in p Sol ales
766 2133 2809 2441 (Ein jure M.D. her... bis Mlle
766 2324 2651 2583 a de huit... bien tis —
769 2479 3123 2757 tres obor in regia in in
811 2706 2719 2993 Killy but... Een F. C. it
853 2864 2980 3165 in in Rauren in en Tup De
860 3087 2851 3352 vorbegehote. „ Ein Offen¬
1691 3320 2832 3540 ib in ul d Rt
824 3346 2292 3624 find eil & daneld
860 3514 2773 3779 mit einen Toblitt.
937 3711 2654 4015 auf den xxx, die mit
6022 48 6378 265 20r
6093 246 6413 459 20 I
3624 320 5899 611 hilt man,, neben Leopol jetrele... so
5111 546 5857 676 en ce tout si
3688 627 5990 844 wel an vie heren; ihr bln kleit, wurde Bln
3682 756 6129 967 Darmit von aller ein wenig leese.
3711 905 5932 1196 The 6 had from his schlaff sumle; a
3704 1115 6000 1374 Nun bericht eine meubles bei je (2).
3727 1257 5773 1568 at iin de bordwitt weg
3704 1413 5799 1649 als du selve nie
3801 1623 5873 1807 votel en veut, et du cécie en
3808 1768 5896 1965 had on rerreible.. Ihr kam
5204 1914 5683 2046 li cem
3866 1956 5654 2117 wirbet uit weilt al sich
3746 2085 5831 2360 been hele; j. at Ting still lead
3743 2305 5586 2531 Jus du cemers.....
3750 2570 5770 2786 Lez Off unt xxx lant; xxx
3682 2738 5919 2900 bei heftig iene u
3795 2942 5844 3171 weil deut, — i hin lassen
3740 3110 5954 3346 desir from  for off clam
3753 3342 5851 3585 und nacht gemeht die¬
3873 3491 6009 3856 Tromstelon die Übrige
3824 3801 5799 3999 recevoir. un peut en 1er
