6792 4472
6216 137 6483 398 15
4062 123 4365 434 not
6313 369 6545 542 15
520 369 3126 723 14/4; er bleib mit Kerkloff zu
3635 444 6541 723 ahi hart weil ihn ganz verprae. til alho
2139 589 2999 748 sont trin leur
3664 654 6494 968 auf: die Antwort, daß man die will¬
506 669 2981 961 neben raal wieder und er in
491 882 2103 1102 usut engelosse.
3592 893 6407 1142 myelen hills, by with - aber t-il
546 1019 3133 1290 Von Onhek sept xxx
3621 1156 6461 1435 mir veranlaßen; und ande
1127 1225 1305 1341 letz
473 1265 3260 1525 nicht in Tala, wenn stand an einem
2858 1420 3079 1536 be
3654 1377 6317 1637 anz dreits i er sagt.
502 1467 3346 1785 of for toher Bagefem Fustes.  at me
3635 1579 6378 1854 Auf der Herrn Urtel. ich tat nicht
571 1666 3111 1951 Eintur halle er die Stern nie
3635 1767 6205 2096 gericht... dd u semit nllom
618 1836 3097 2063 de Tcheil je drückt.- un coemt est
3664 1995 6432 2298 ........ di leld joue jurichgg toin
636 2013 3097 2316 erst bei hell Eintrekte eine... Er
2486 2208 3158 2400 gnlge tull.
531 2284 3162 2559 brug out d Tila, inden evie at clin
3704 2212 6342 2573 soo in, ob die er gut ausgekommen werden
1388 2421 3191 2652 dichter Sohn, mit uns er hilk in kurzste
549 2577 3130 2761 abgeteeken. Lagerung in euer
3675 2522 6263 2826 - reçuyt zwar zu... Es gibt ein
1879 2645 2634 2819 in alte Lantschuh
2483 2692 2960 2851 weiter,
524 2750 3111 3025 die hoffe in einer in eine eben zweillich
3722 2746 6505 3039 and yours just is not... jd wl doit.
1413 2905 1738 3025 Haver
571 2989 3007 3198 aber nun die Gerts entgegen.. oben -
3831 2978 6259 3281 - - id - hilf... 2t.. 4-7 in
538 3213 3010 3509 angebragt. Es hei
3700 3213 6205 3534 in uoce at... auf den Schreibt
672 3411 3289 3697 Plats in reianctum - Greifs de fokt hills
3700 3473 6165 3693 lage Sine in gerotali; - in de
647 3599 3209 3885 sagte er, - schön, auf die den wieder einen
3766 3682 6237 4062 Bibliothek... die gegen Verkommen von 1x & 2
607 3816 3357 4094 men lood in dein all take: Hel wch
5760 3957 6096 4116 a
4727 3917 5041 4091 u
607 4015 2920 4286 yours, aussi que
