3528 4472
1984 297 2953 560 --..1
808 399 1306 605 ...
2685 619 2877 766 213
2448 644 2555 811 G.F.P.
772 709 1792 989 Anderer Schluss.
822 873 2985 1114 Nach Leopoldinens Weggehen ist er beinahe
834 1065 3112 1376 entschlossen zu sterben. Da kommt ein Billet
837 1229 2934 1506 des Konsuls: Die Anzeige ist erstattet,
848 1334 3066 1608 aber ich biete Ihnen Gelegenheit ein neues
870 1501 3117 1812 Leben zu beginnen. Ich habe eine Stellung
924 1690 3027 1964 für Sie. Wenn Sie darauf reflektieren,er
882 1846 3143 2125 warte ich Sie binnen achtundvierzig Stunden
910 2001 2987 2241 in Hamburg. Das Eisenbahnbillet lag bei.
1382 2097 3182 2337 Ist er toll? denkt Willy.Dann über-
916 2402 1357 2583 legt er.
1399 2433 3202 2637 Nun kommt ein Expressbrief von Wim-
921 2611 2985 2866 mer aus paden. Er solle ja nicht zahlen.
969 2756 3010 3001 Eben erfahren wir, dass der Konsul Wien
910 2905 3072 3146 verlassen hat, weil er im Klub beim Falsch
958 3064 3171 3329 spiel ertappt worden ist. Ein öffentlicher
972 3160 3245 3448 Skandal wurde vermieden. Gratuliere.Du hast
978 3476 1309 3603 Glück
1311 3513 3061 3736 Was ändert das? denkt Willy. Er
1020 3649 3233 3897 lässt für Bogner das Geld zurück, will nach
1029 3722 3310 4030 Hamburg fahren,um den vonsul zu insultieren,
1037 3889 3021 4189 dann will er sich umbringen. Er fährt
