6760 4408
3557 304 6473 558 trut bemecht, in u wuthen de konf '14
355 420 688 583 sot
2985 402 3253 609 108
6249 471 6448 616 16
3594 605 6470 801 in Schlegen - I... he is;.. de jul twint
485 533 3101 790 - dus picto to from jutie weil...
3630 735 6278 985 that nicht kaufen nur u jusstiel u
471 699 2923 1003 an legt of the him. Ein Tgern-in
3680 927 6386 1192 einmal.. so erhalten..  u. d.
464 891 3086 1246 in which I am, - he, I is
3717 1119 6452 1435 bet si wie ein en Art. 4-2-am
507 1127 3177 1503 S Ribonstel, u en F. A. wenn
3648 1293 6339 1605 venis, ganz ober fiefe. Alls war
504 1391 3021 1677 Voraout Pils   ƒ
3644 1467 6184 1869 point gens gewesen.    2   Un
533 1634 3039 1963 me in. J. heim poufd... de
3648 1670 6137 2029 meve mouvert en laiur jusqu'il
3684 1855 6289 2279 gleich isev. zweifenhel trückatt ein ver¬
485 1847 3249 2224 Hinar warut wie j. Cviel
3775 2072 6274 2452 in ein Förben 5 Skruppbergk
471 2058 3112 2413 sul en tallg & ant eenig.
551 2340 3206 2648 haben ganz wie. Ich, kam sie
3709 2376 6198 2720 Oh ve... de jute Crone deut
3673 2565 6213 2985 it veuerd jil sa.... No ouest
554 2601 3275 2938 und Ärgere lege d. in pa laisen.
3670 2775 6205 3177 I will went out. We will man
569 2869 3239 3191 votel de Concil.   ...   das nicht
543 3061 3032 3459 was    vollleicht uns kr
3630 3123 6191 3383 xx 1-10 C-2 toiren.
572 3293 3304 3626 sehl wier lauend.  Nun - nicht.
3655 3358 6010 3626 Oh de Cwint imme it in
634 3575 3177 3891 Seit.. Hen. Hr Cornel? - midi
3630 3528 6176 3898 belange.- and
3651 3796 6455 4137 d in T....    Un S. wis and
