6792 4456
366 442 662 620 10 1
232 576 484 805 216
455 601 2914 907 tige; - u wolle il sige. deſs.
1263 811 1782 973 serai
407 868 2742 1145 du de delit, defé en et deux
404 1078 2516 1336 gept das will in beleend
340 1266 2895 1511 Wirtt gestehe se; - das ihr fehlt.
366 1473 2628 1721 wir halb e etre dauert luf
420 1657 2819 1979 gehalte. Daß er nie weit jene
420 1934 2701 2179 Degatst ervieds   ..   tak.....
404 2081 2688 2386 Und Eshell it on rge huuri.
417 2290 2701 2653 despeisit u de ttout haut
391 2532 2475 2780 wullut in ien vielubt
1632 2679 1836 2784 sin,
531 2650 2920 3022 Jegendr.. April u. a deese Aletin
344 2863 2803 3175 in de  la Cebritium.. en
398 3099 2790 3404 sich zuerbließen, die u a und
538 3280 2752 3576 oublege de, jegeles in
515 3445 2841 3770 will me drift;   to
541 3639 2739 3954 I in the yme j breik
579 3903 2758 4199 <gap/> in
