3432 4200
2582 415 2775 553 170
700 596 2870 787 die anonymen Briefe erst in dem Augenblick als
706 789 2875 994 vorhanden betrach tot habt, als der Konsul gegen
1366 908 1775 1029 gewonnen
2518 902 2916 1092 selfehr hin:
709 959 2224 1124 einen von uns xaxlaxan hatte. “
2599 1031 3005 1158 & to yee
1132 1112 3020 1328 Greising lachte unwillkürlich..Einer von
723 1285 1977 1475 uns? Du, mein lieber Kasda."
1043 1446 2950 1654 „No ja, ich habe ja allen Grund Euch dank-
717 1671 1403 1870 bar zub sein —"
1193 1812 2887 1994 „Na höre, du bist aber grossartig, das
720 1985 2881 2152 muse man schon sagen.Wir versuchen alles, nicht
732 2196 2812 2351 ganz ohne einiges pisiko für uns selbst, dich
726 2357 3040 2533 herauszureissen, dich zu retten, dich als Kameraden
723 2576 2230 2700 zu erhalten mit einem Wort - "
1204 2737 2778 2945 „Zu spät", unterbrach ihn Kasda.“,
1222 2930 1936 3063 „Wie so zu spät?
1262 3089 2803 3259 „Ich bin Euer Kam rad nicht mehr.
1363 3273 1518 3406 -?
1271 3383 2913 3584 „Wae immer Ihr unternhmen wollt,ee
