6792 4456
6205 177 6421 362 15
4019 115 4350 428 1nd
2899 386 3191 640 145
6348 421 6609 665 1744
3668 421 6466 720 utiell at Rasse u d/Hem, den 2.5,
616 519 3010 825 up he is allentl gue die be
3675 626 6365 1016 viel ungestellt Tibel, Hängen, u
1034 741 1615 867 in your geld
390 748 3024 1054 heb Belia das -d Erfol seur eignen
3703 905 6354 1312 denn.- we r einer dienstlil
525 964 3055 1218 Einleich in Tr dell kennt -
3640 1068 4374 1336 Unter to
4440 1228 4660 1333 du 1e
508 1155 3191 1448 so wert und seelen auf¬
4113 1284 4792 1444 fraillig vielle
5613 1319 5805 1472 7.
3734 1354 6309 1615 Aber. Wirklich - sagte Robert Wihan, mit eine jeune
487 1392 3115 1674 in der Bäte, die Tören und novemte zu
5919 1472 6522 1660 The bijntlet
3786 1531 6386 1771 Heslieben lorscheit, aber tt dort weit wil ablebuen
1563 1563 2015 1716 on the
5752 1677 6236 1817 wollh
501 1601 3007 1872 de Sène, die nächst, teil en
3727 1670 6250 1945 Hilxx, und xxx
602 1834 2680 2109 Enlftern gelde. Estervallen
3699 1848 6393 2088 fehr entilten ich diesen; ohne weitere hielt
418 2032 2645 2318 1) in eilf ten silde.....
3678 2057 6208 2339 hilly soi de beste, opeut
755 2189 1333 2377 trer uit mit
3647 2262 6302 2499 lichkeit besorgssichen Hochweilen seitge¬
1444 2262 3014 2485 Rob hibom    sakled
574 2255 1465 2530 Stunden
4778 2401 5533 2554 sd me le etc.
2262 2422 2777 2554 ohne Crup
3671 2457 6417 2676 fahre. - Ist habe einer dürflichen Leitirung
693 2443 3066 2756 il est criderte hills... inbeiten
3654 2648 6316 2822 begangen sein unterzück zum Gelde
567 2687 3111 2986 is it in klein Kring Mll nur
3633 2774 6389 3031 it is inceven Leben.. It habe gepores.
1389 2861 1931 3017 seit habr
480 2930 3132 3191 an will eutstuld int will (wen
3630 2972 6365 3240 -ul tabi wek vesquell, et-il besch: im
4820 3181 5551 3334 men to
452 3111 3045 3435 Siedler) will bestinge i of kau¬
3647 3202 6323 3480 wis ich die somme nicht be¬
501 3344 3028 3630 a will thin. A des, ibeise. Ist
3633 3396 6285 3644 but aben i neb Uhr. bezahlt hab...
501 3584 2850 3887 it in my tif... Re kart. -in
3657 3581 5766 3825 ist hi-it where he wt... wenn
546 3776 2982 4127 avech daß er beweil wer... in oge¬
3699 3758 6104 4106 Es den Frau Eitel.... Robert Welt
