3336 4216
2055 204 2248 337 n
2487 512 2668 668 142
479 677 2635 864 Kasda. Noch immer etwas verwirrt, der Herr
482 822 2682 1050 Leutnant?) Schon darum war es das Beste den
485 926 2845 1180 kurzen Weg in die Zimmermannsgasse zu Fuss zu
488 1142 2798 1360 gehen bei dem schönen Frühlingswetter. Schön
488 1257 2827 1476 wär's heute auch in Baden, im Helenental. Nun,
1550 1443 1780 1523 in & a
500 1482 2804 1668 am nächsten Sonntag wird es hoffentlich auch
500 1562 2848 1804 schön sein. Und da das Café Schopf jedenfalls
2171 1709 2591 1816 Auisstlutel
488 1760 2653 2005 wegfiel, so konnte man sich wohl/den Damen
506 1902 2887 2112 Kossner widmen. Wem? Der Alten oder der Jungen?
512 2044 2857 2257 Nach der Reihe ganz einfach. Und wenn man die
515 2189 2715 2440 Junge drankriegte,was am Ende nicht gar so
518 2393 2715 2623 schwer sein konnte,da musste der Herr Papa
521 2511 2830 2730 wohl oder übel Ja sagen. Nun, so weit war man
532 2679 2632 2881 freilich noch nicht.aber etwas Besondere
532 2830 2739 3052 war es schliessl ch nicht, dass ein fescher
562 2987 2739 3200 junger Offizier eine gute Partie macht. Udd
553 3153 2895 3366 daneben konnte man ja das Verhältnis mit Leo-
559 3268 2922 3555 poldine Wilram mit der Frau Tante immerhin wei-
529 3419 2801 3647 terführen,zum mindesten bis man die elftau-
367 3404 491 3685 17.
