3416 4216
2789 502 2965 672 154
772 698 2145 863 Ihre Schuld beglichen ist.
1302 823 3047 1010 „Und wenn ich Sie nun ersuche, Herr
724 1019 2971 1172 Konsul, dem edlen Spender oder der
732 1155 2866 1371 ed en spenderin mitzuteilen,dass ich ihre
1566 1271 2222 1382 in la fin très
729 1285 2877 1498 Gnade nicht annehme, wenn ich nicht weiss,
1921 1405 2761 1580 M. beventet
738 1487 1592 1671 woher sie kommt.
1325 1603 3025 1782 „Ich mache Sie darauf aufmerksam,
366 1640 760 1793 I'd were. d-
292 1737 826 1915 nem Chtietssen
738 1779 2843 1947 Herr Leutnant, dass davon keine Rede mehr
423 1887 613 1986 in
752 1887 2903 2091 sein kann.Der petrag ist in meinen Händen
749 2066 3030 2242 und ich denke nicht daran ihn wieder zurück-
755 2225 2900 2398 zustellen. (Sie sind nun einmal gerettet,ob
758 2429 1930 2579 Sie wollen oder nicht."
1319 2511 2945 2698 Willi schwieg einen Augenblick.
777 2693 2772 2855 Und wenn ich die Bedingungen erfüllen
763 2857 2849 3067 sollte, ohne selbst zu wissen, dass es ge-
775 3070 1399 3240 schehen ist"
1359 3135 2823 3379 „Sie werden es erfahren, Herr
792 3377 1297 3567 Leutnant."
1373 3470 2934 3683 „Herr Konsul, da sie doch heute
786 3700 2801 3862 Sbend abreisen und von meinem weiteren
