3608 4344
2770 647 2946 783 126
1230 624 1369 835 in-
783 771 2935 937 ob er ein Wort dazu schreiben sollte: Mit
774 916 2859 1099 Gruss? - Lebwohl? -Viel Glück? - Aber er
777 1102 3071 1273 schrieb nichts als die „dresse aufs Couvert.
774 1209 2790 1433 Herrn Oberleutnant Franz Bogner.Er gab
809 1380 2897 1589 ihm die Charge wieder zurück aus eigener
786 1546 3083 1688 „ach tvollkommenheit, irgendwie blieb man doch
783 1688 2990 1842 Offizier -immer, da mochte einer angestellt
777 1821 3088 1995 haben, was er wollte (Ja, aber wo wohnte er, der
1775 1960 2851 2143 Daniel de Bursch
780 2021 1491 2178 Franz Bogner?
1238 2123 3138 2337 Der Bursch klopfte, trat mit dem Früh
777 2332 3112 2482 stück ein, vermied mit deutlicher Absicht dem
777 2445 3042 2610 Herrn Leutnant ins Gesicht zu sehen (während
792 2613 2851 2816 er einschenkte.) „Josef“, sagte Wölli, -ich
780 2784 3051 2949 mach mich jetzt fertig,ich muss wieder früh
774 2903 3010 3120 beim Augenarzt sein) Den Brief da bestellen
800 3100 3051 3274 wie an den Herrn Oberleutnant Bogner.Drüben
789 3216 3051 3428 im Kaffeehaus im Adressbuch schaun S' nach,
783 3428 3074 3596 wo er wohnt. Beamter bei einer Elektrizitäts-
783 3544 3048 3776 gesellschaft ist er,sie werden a schon fin
