3608 4472
2867 441 2996 686 11
1098 642 2959 900 Der Onkel gibt ihm ihre Adresse und
1093 837 1927 1030 er fährt zu ihr.
1096 950 3179 1143 Oh,Herr Leutnant,was verschafft mir das
1109 1106 3144 1323 Vergnügen? Sie hat sich sehr verändert,
1093 1294 3007 1457 ist noch schön, aber in einer anderen
1101 1436 3160 1621 Weise als früher.Streng.Nichts in ihrem
1090 1558 3184 1779 Benehmen deutet darauf hin, dass sie sich
1119 1721 3118 1925 ihrerkeinstigen Beziehungen zu Wilhelm
1093 1901 3049 2083 überhaupt erinnert.Er bringt sein An-
1098 2041 3157 2228 liegen vor. Sie schüttelt den Kopf. Sie
1096 2207 3168 2371 besitzt kein Bargeld.Alles ist in Speku-
1096 2350 2930 2540 lationen angelegt.Es ist unmöglich.
1088 2492 3002 2688 Allmäh ich bestimmt Wilhelm sie aber
1090 2645 3118 2806 doch dazu; sie wird mit ihrem Advokaten
1096 2817 3181 2981 sprechen, am Abend soll er Antwort haben.
1096 3007 2996 3147 Der Leutnant fährt in seine Wohnung.
1104 3139 3226 3326 Wie hat sich die ganze Existenz seit ges.
1109 3311 2262 3416 tern für ihn verändert
2051 3300 2872 3464 n.    in hand.
1096 3429 3189 3596 Leonhard erscheint.Die Revision ist auf-
1098 3590 3105 3783 geschoben,bis morgen.Hast du gewonnen?
1093 3725 3062 3936 Wilhelm: Nein.Ich bin jetzt selbst so
1098 3918 3176 4113 viel schuldig wie du. Wir können uns non-
