3432 4216
2667 595 2869 786 175
694 731 2960 885 Doch ehe er sich auf den Weg machte, das war
703 919 2900 1096 ihm klar, hatte er alle Brücken hinter sich
697 999 2932 1258 abzubrechen. Er setzte sich an den Tisch und
700 1221 2863 1400 entwarf sein Abschiedsgesuch. Über die end-
686 1363 2937 1520 gültige ordnungsmässige Form machte er sich
675 1489 2895 1648 weiter keine Gedanken - was bede tete Form
675 1662 2923 1844 in diesem Augenblick.Er schrieb einfach auf
675 1810 2815 1992 einem Bogen Papier,dass er freiwillig die
675 1961 2946 2106 charge ab lege, und ersuchte gleich um Entlas-
652 2123 2943 2294 sung aus dem Heeresverbandeÿ Er tat die Ein-
657 2283 2821 2445 gabe in einen Umschlag,adressierte sie an
652 2416 2801 2596 das Regimentskommando; dieser Brief sollte
629 2613 2758 2749 für alle Fälle hier auf dem Tisch liegen
640 2747 2878 2903 bleiben,wenn er die Kaserne verlassen hatte.
629 2892 2792 3037 Schon wollte er aus dem zimmer treten als
640 3023 2926 3193 er sich nochmals besann. Nach dem Entschluss,
675 3191 2909 3376 den er gefasst,konnte er unmöglich die Uni-
620 3367 2775 3518 form weiter tragen. Ob er ihrer nicht mehr
615 3501 2821 3672 würdig war oder ob er und das militärische
620 3640 2741 3831 Gewand einfach nicht mehr zu einander ge-
615 3766 2809 3982 hörten,- es wäre ihm wie eine anredlichkeit
