6808 4440
6199 158 6445 319 152
3979 234 4298 418 Lud
3543 125 3968 440 E
6214 282 6456 425 130
2275 271 2444 447 a
6162 407 6401 568 15
3466 421 3737 656 2:-...
4609 487 5162 641 we don't
535 403 3089 733 and put untour nythin me
3484 524 6133 839 Er wch berichte der mit den J. Lieutnant an
2455 637 2803 795 by the
583 696 3154 978 Hans Spaziergang, in der Anlage
3514 758 6294 1051 Pieter en Vazurzinsløsel;
3481 887 6430 1202 wundt angekneitft künfte Neme lekschap
498 916 3008 1198 de Stadt; - dès du félisse
3506 1084 6177 1411 in nier nur weil geb es takufehrten, an
561 1117 3228 1466 daneb fort; -
3514 1297 6415 1579 denes zu weilen vorblick wegen Frauen Ehe hiebe
637 1392 3048 1689 min p oul ongumis, ont
3528 1498 6093 1784 wubl froblick giis Bamee theile
3499 1663 6203 2008 für Soll alte ein weil der miraprit
535 1623 3037 1905 bale nicht; - wobeit blieb
5525 1792 5737 1978 sul
3510 1901 5924 2187 bekom - havitud og kuleb is in
528 1814 3169 2250 de Geräus; - ein hoflicht, hefte
4580 2011 6064 2209 in solcher Gesellschaft, d.d.
3561 2026 6144 2385 Tubermastiong, he Vortheile serie Jige
517 2158 2979 2422 betung mir witt beantisstet, d
3583 2228 6074 2656 regment der alhierte kommt  en
1634 2319 2799 2510 oh Cingel i from
623 2396 2817 2733 wil ab kling bei i n i
3612 2462 6115 2777 augungen; aber es fütllt mit an
575 2605 3092 2968 auf ein dritte hofte en hin kur
3568 2664 6031 3056 m A: der wieder veranlaat die
3609 2902 6177 3257 Eitelkeit und der erfreundl Regens
539 2865 3026 3180 al Jntall dap un leid- und
3583 3129 6441 3440 den Abändern kommen nicht zu welchen. -
583 3158 2993 3448 wch in der Lage.re - u
4576 3316 5510 3499 ohne ligen 11 d
3605 3371 6316 3722 & ce déloite es vage,
575 3374 3026 3693 in me as blad it do than
3609 3653 6100 3909 und wird der anders mit den gelegen
542 3638 3085 3939 & n de Ungass veuilleren. Er
3737 3766 6346 4078 de gelegentliche Lüßte. Überrecht
5290 3931 5862 4092 Rundert
198 4008 2865 4243 un a paru un peu
