3592 4472
2841 690 2932 806 2
599 775 2779 985 sen. Er selbst hat die Sache längst vergessen.
662 1029 3152 1151 Vielleicht ist es auch so gewesen, dass er öfters mit
649 1164 3036 1280 dem Onkel und mit ihr gespeist hat, nach dieser Ge-
602 1327 2992 1424 schichte, von der der Onkel natürlich nichts weiss.
649 1483 2961 1628 Der Onkel sagt ihm jetzt: Ich kann dir diese 1000
602 1618 3014 1753 Gulden nicht geben; wenn du sie haben willst, musst
649 1778 1794 1935 du Augusta darum bitten.
652 1948 3064 2076 Er hat anfangs Bedenken; dann denkt er sich: Morgen
596 2064 2939 2217 ist ja mein Kamerad wieder da, ein intimer Freund,
405 2104 508 2217 you
643 2208 2932 2409 der ihn noch nie im Stich gelassen hat, - und so
655 2415 2440 2525 entschliesst er sich, zu ihr zu gehen.
593 2540 3045 2685 Augusta sagt ihm: Ich will Ihnen die 1000 Gulden ge-
643 2703 3030 2832 ben, aber ich habe sie jetzt nicht; ich werde sie
630 2888 1599 3014 Ihnen Abend bringen.
621 3011 3083 3130 Sie gefällt ihm jetzt wieder sehr gut. Er xxx denkt:
630 3136 3102 3299 Na später, wenn ich ihr’s zurückgezahlt hab' - warum
627 3337 3146 3497 nicht? Ob sie den Onkel mit mir oder mit einem Andern
630 3491 2992 3622 betrügt.... Sie benützt die Sache, so scheint ihm,
627 3641 2057 3798 um wieder mit ihm anzubandeln.
621 3782 3092 3939 Abends kommt sie zu ihm. Sie tut anfangs, als wollte
615 3914 2917 4124 sie gleich wieder gehen; aber er wird zärtlicher
354 4077 467 4309 e
