<?xml version="1.0" encoding="UTF-8" standalone="yes"?>
<PcGts xmlns="http://schema.primaresearch.org/PAGE/gts/pagecontent/2013-07-15" xmlns:xsi="http://www.w3.org/2001/XMLSchema-instance" xsi:schemaLocation="http://schema.primaresearch.org/PAGE/gts/pagecontent/2013-07-15 http://schema.primaresearch.org/PAGE/gts/pagecontent/2013-07-15/pagecontent.xsd">
    <Metadata>
        <Creator>prov=READ-COOP:name=TrHtr:version=2.1.0:model_id=51170:date=15_08_2023_00:17</Creator>
        <Created>2023-05-10T14:46:27.109+02:00</Created>
        <LastChange>2023-08-15T00:17:45.180+02:00</LastChange>
        <TranskribusMetadata docId="1428675" pageId="55426334" pageNr="175" tsid="132832020" status="IN_PROGRESS" userId="64420" imgUrl="https://files.transkribus.eu/Get?id=AAZEPHTCCNASBHDDYHQRTGQE&amp;fileType=view" xmlUrl="https://files.transkribus.eu/Get?id=OMVWWQKHFBMCULDJKWJONMGG" imageId="44700411"/>
    </Metadata>
    <Page imageFilename="1428675_0175.jpg" imageWidth="3432" imageHeight="4216">
        <ReadingOrder>
            <OrderedGroup id="ro_1711813252778" caption="Regions reading order">
                <RegionRefIndexed index="0" regionRef="tr_1"/>
                <RegionRefIndexed index="1" regionRef="tr_2"/>
            </OrderedGroup>
        </ReadingOrder>
        <TextRegion id="tr_1" custom="readingOrder {index:0;}">
            <Coords points="603,565 2908,565 2908,2556 603,2556"/>
            <TextLine id="tr_1_tl_1" custom="readingOrder {index:0;}">
                <Coords points="2478,630 2504,632 2524,650 2555,630 2572,638 2584,630 2595,638 2638,635 2649,647 2664,647 2661,510 2587,516 2527,493 2501,510 2496,504 2476,510"/>
                <Baseline points="2493,615 2537,615 2582,615 2627,615 2672,618"/>
                <TextEquiv>
                    <Unicode>156</Unicode>
                </TextEquiv>
            </TextLine>
            <TextLine id="tr_1_tl_2" custom="readingOrder {index:1;}">
                <Coords points="615,803 2837,877 2900,647 615,701"/>
                <Baseline points="630,767 674,764 719,764 764,764 809,764 853,764 898,767 943,767 988,767 1033,767 1077,767 1122,770 1167,770 1212,767 1257,767 1301,767 1346,767 1391,767 1436,767 1480,767 1525,767 1570,767 1615,767 1660,767 1704,767 1749,767 1794,767 1839,767 1884,767 1928,770 1973,770 2018,770 2063,773 2108,770 2152,770 2197,770 2242,770 2287,770 2331,770 2376,770 2421,770 2466,767 2511,770 2555,770 2600,770 2645,773 2690,773 2735,770 2779,770 2824,770 2869,770 2908,773"/>
                <TextEquiv>
                    <Unicode>chen sein „Er streckte dem Leutnant die Hand</Unicode>
                </TextEquiv>
            </TextLine>
            <TextLine id="tr_1_tl_3" custom="readingOrder {index:2;}">
                <Coords points="604,954 846,1020 1359,937 1726,1023 2558,969 2809,1028 2806,875 2706,843 601,843"/>
                <Baseline points="621,916 665,916 710,916 755,916 800,919 844,922 889,919 934,919 979,922 1024,922 1068,922 1113,922 1158,922 1203,922 1248,922 1292,922 1337,919 1382,919 1427,919 1472,919 1516,919 1561,919 1606,919 1651,919 1695,919 1740,922 1785,922 1830,922 1875,922 1919,922 1964,922 2009,922 2054,925 2099,922 2143,922 2188,925 2233,922 2278,925 2322,922 2367,922 2412,922 2457,922 2502,922 2546,925 2591,925 2636,922 2681,922 2726,919 2770,916 2812,919"/>
                <TextEquiv>
                    <Unicode>entgegen, ein nicht misszuverstehendes Zei-</Unicode>
                </TextEquiv>
            </TextLine>
            <TextLine id="tr_1_tl_4" custom="readingOrder {index:3;}">
                <Coords points="615,1114 2883,1117 2883,1026 2658,977 615,1026"/>
                <Baseline points="630,1077 650,1071 695,1071 740,1071 785,1071 830,1074 874,1074 919,1074 964,1074 1009,1074 1054,1074 1098,1074 1143,1071 1188,1071 1233,1071 1277,1074 1322,1074 1367,1074 1412,1074 1457,1074 1501,1074 1546,1074 1591,1074 1636,1074 1681,1077 1725,1077 1770,1077 1815,1077 1860,1077 1904,1077 1949,1074 1994,1074 2039,1074 2084,1074 2128,1077 2173,1077 2218,1077 2263,1074 2308,1077 2352,1077 2397,1077 2442,1077 2487,1077 2531,1077 2576,1077 2621,1080 2666,1080 2711,1077 2755,1077 2800,1074 2845,1074 2890,1074"/>
                <TextEquiv>
                    <Unicode>chen, dass die Audienz zu Ende. Erst nach ei-</Unicode>
                </TextEquiv>
            </TextLine>
            <TextLine id="tr_1_tl_5" custom="readingOrder {index:4;}">
                <Coords points="610,1259 2065,1322 2829,1273 2829,1177 2612,1122 1083,1177 610,1111"/>
                <Baseline points="624,1224 668,1224 713,1224 758,1224 803,1224 847,1227 892,1227 937,1227 982,1227 1027,1227 1071,1227 1116,1230 1161,1227 1206,1227 1251,1227 1295,1227 1340,1230 1385,1230 1430,1230 1475,1227 1519,1227 1564,1227 1609,1230 1654,1230 1698,1230 1743,1230 1788,1230 1833,1230 1878,1230 1922,1227 1967,1230 2012,1233 2057,1233 2102,1233 2146,1230 2191,1230 2236,1230 2281,1233 2325,1233 2370,1233 2415,1233 2460,1233 2505,1233 2549,1233 2594,1236 2639,1236 2684,1233 2729,1233 2773,1230 2818,1233 2836,1230"/>
                <TextEquiv>
                    <Unicode>nem kurzen Besinnen nahm Willi die dargebo-</Unicode>
                </TextEquiv>
            </TextLine>
            <TextLine id="tr_1_tl_6" custom="readingOrder {index:5;}">
                <Coords points="604,1441 772,1402 980,1487 1185,1407 1872,1396 2137,1487 2615,1459 2738,1413 2738,1293 601,1310"/>
                <Baseline points="618,1379 662,1376 707,1376 752,1379 797,1379 842,1382 886,1382 931,1382 976,1382 1021,1385 1065,1385 1110,1388 1155,1388 1200,1385 1245,1385 1289,1382 1334,1382 1379,1382 1424,1382 1469,1382 1513,1382 1558,1382 1603,1382 1648,1382 1692,1382 1737,1382 1782,1382 1827,1385 1872,1385 1916,1385 1961,1388 2006,1388 2051,1385 2096,1388 2140,1385 2185,1385 2230,1385 2275,1385 2319,1385 2364,1385 2409,1385 2454,1385 2499,1388 2543,1385 2588,1385 2633,1385 2678,1385 2723,1388 2746,1394"/>
                <TextEquiv>
                    <Unicode>tene Hand, fand kein rechtes Abschiedswort</Unicode>
                </TextEquiv>
            </TextLine>
            <TextLine id="tr_1_tl_7" custom="readingOrder {index:6;}">
                <Coords points="595,1638 2441,1678 2837,1638 2837,1530 595,1550"/>
                <Baseline points="612,1609 656,1609 701,1609 746,1609 791,1612 836,1612 880,1612 925,1612 970,1612 1015,1612 1059,1612 1104,1612 1149,1612 1194,1612 1239,1612 1283,1612 1328,1615 1373,1615 1418,1615 1463,1615 1507,1615 1552,1615 1597,1615 1642,1615 1686,1615 1731,1615 1776,1615 1821,1612 1866,1615 1910,1615 1955,1615 2000,1615 2045,1615 2090,1615 2134,1615 2179,1615 2224,1618 2269,1621 2314,1621 2358,1618 2403,1621 2448,1618 2493,1618 2537,1621 2582,1621 2627,1621 2672,1618 2717,1615 2761,1615 2806,1615 2845,1618"/>
                <TextEquiv>
                    <Unicode>und sagte endlich: „Es wäre möglich, dass Sie</Unicode>
                </TextEquiv>
            </TextLine>
            <TextLine id="tr_1_tl_8" custom="readingOrder {index:7;}">
                <Coords points="587,1798 2686,1798 2684,1706 2159,1655 1795,1721 587,1715"/>
                <Baseline points="603,1767 647,1764 692,1764 737,1767 782,1767 827,1767 871,1767 916,1767 961,1767 1006,1764 1051,1764 1095,1764 1140,1764 1185,1764 1230,1764 1274,1767 1319,1767 1364,1770 1409,1770 1454,1770 1498,1770 1543,1770 1588,1767 1633,1767 1678,1764 1722,1767 1767,1764 1812,1767 1857,1767 1901,1767 1946,1767 1991,1767 2036,1767 2081,1767 2125,1767 2170,1770 2215,1770 2260,1770 2305,1770 2349,1767 2394,1770 2439,1773 2484,1770 2529,1770 2573,1770 2618,1770 2663,1770 2690,1770"/>
                <TextEquiv>
                    <Unicode>noch heute von mir hören werden. Für alle</Unicode>
                </TextEquiv>
            </TextLine>
            <TextLine id="tr_1_tl_9" custom="readingOrder {index:8;}">
                <Coords points="590,1931 2413,1949 2413,1832 2268,1818 2102,1872 1496,1815 590,1846"/>
                <Baseline points="606,1919 650,1916 695,1916 740,1916 785,1916 830,1916 874,1916 919,1919 964,1916 1009,1916 1054,1919 1098,1919 1143,1919 1188,1919 1233,1916 1277,1919 1322,1919 1367,1916 1412,1919 1457,1922 1501,1922 1546,1922 1591,1922 1636,1919 1681,1922 1725,1922 1770,1922 1815,1922 1860,1922 1904,1922 1949,1922 1994,1922 2039,1922 2084,1922 2128,1922 2173,1919 2218,1919 2263,1919 2308,1919 2352,1919 2397,1925 2421,1928"/>
                <TextEquiv>
                    <Unicode>Fälle wünsche ich glückliche Reise</Unicode>
                </TextEquiv>
            </TextLine>
            <TextLine id="tr_1_tl_10" custom="readingOrder {index:9;}">
                <Coords points="1177,2100 1684,2134 2077,2082 2755,2151 2752,1980 2481,2031 2364,1968 1946,2023 1174,1988"/>
                <Baseline points="1191,2069 1236,2072 1280,2072 1325,2075 1370,2072 1415,2075 1460,2075 1504,2075 1549,2075 1594,2075 1639,2075 1684,2075 1728,2075 1773,2075 1818,2072 1863,2075 1907,2075 1952,2075 1997,2075 2042,2075 2087,2075 2131,2075 2176,2078 2221,2078 2266,2078 2311,2078 2355,2081 2400,2081 2445,2081 2490,2081 2534,2081 2579,2078 2624,2078 2669,2078 2714,2075 2758,2081 2761,2078"/>
                <TextEquiv>
                    <Unicode>„Danke „Herr Leutnant. Also, viel</Unicode>
                </TextEquiv>
            </TextLine>
            <TextLine id="tr_1_tl_11" custom="readingOrder {index:10;}">
                <Coords points="590,2259 1262,2268 1330,2233 1829,2276 1829,2134 1575,2122 1384,2168 1219,2097 1040,2165 735,2122 667,2165 590,2122"/>
                <Baseline points="606,2227 650,2224 695,2224 740,2227 785,2227 830,2227 874,2227 919,2230 964,2227 1009,2227 1054,2224 1098,2227 1143,2227 1188,2227 1233,2227 1277,2227 1322,2227 1367,2227 1412,2227 1457,2227 1501,2227 1546,2230 1591,2227 1636,2227 1681,2227 1725,2227 1770,2224 1815,2227 1836,2236"/>
                <TextEquiv>
                    <Unicode>leicht auf Wiedersehen!“</Unicode>
                </TextEquiv>
            </TextLine>
            <TextLine id="tr_1_tl_12" custom="readingOrder {index:11;}">
                <Coords points="1165,2538 1313,2535 1413,2615 1954,2538 2749,2587 2746,2498 2624,2444 1573,2456 1393,2376 1162,2456"/>
                <Baseline points="1179,2531 1224,2531 1268,2531 1313,2531 1358,2531 1403,2529 1448,2531 1492,2531 1537,2534 1582,2534 1627,2534 1672,2534 1716,2534 1761,2534 1806,2534 1851,2534 1896,2537 1940,2534 1985,2534 2030,2534 2075,2537 2119,2537 2164,2537 2209,2537 2254,2537 2299,2537 2343,2534 2388,2534 2433,2534 2478,2534 2523,2534 2567,2534 2612,2537 2657,2537 2702,2537 2746,2540 2755,2546"/>
                <TextEquiv>
                    <Unicode>In ainem seltsamen Zustand von</Unicode>
                </TextEquiv>
            </TextLine>
        </TextRegion>
        <TextRegion id="tr_2" custom="readingOrder {index:1;}">
            <Coords points="588,2631 2821,2631 2821,3628 588,3628"/>
            <TextLine id="tr_2_tl_1" custom="readingOrder {index:0;}">
                <Coords points="590,2706 2815,2718 2812,2587 2701,2572 587,2607"/>
                <Baseline points="606,2684 650,2681 695,2681 740,2681 785,2681 830,2681 874,2681 919,2684 964,2684 1009,2684 1054,2687 1098,2690 1143,2693 1188,2690 1233,2687 1277,2687 1322,2687 1367,2684 1412,2684 1457,2687 1501,2687 1546,2687 1591,2687 1636,2687 1681,2687 1725,2687 1770,2687 1815,2687 1860,2690 1904,2690 1949,2687 1994,2687 2039,2687 2084,2690 2128,2690 2173,2690 2218,2690 2263,2687 2308,2687 2352,2690 2397,2693 2442,2690 2487,2690 2531,2690 2576,2690 2621,2690 2666,2690 2711,2690 2755,2690 2800,2690 2821,2690"/>
                <TextEquiv>
                    <Unicode>Verwirrung und Unruhe verliess der Leutnant</Unicode>
                </TextEquiv>
            </TextLine>
            <TextLine id="tr_2_tl_2" custom="readingOrder {index:1;}">
                <Coords points="587,2854 2721,2886 2655,2749 2211,2803 584,2740"/>
                <Baseline points="600,2836 644,2836 689,2836 734,2839 779,2839 824,2836 868,2836 913,2839 958,2842 1003,2839 1048,2839 1092,2842 1137,2839 1182,2839 1227,2839 1271,2839 1316,2839 1361,2839 1406,2839 1451,2839 1495,2839 1540,2839 1585,2839 1630,2839 1675,2839 1719,2839 1764,2839 1809,2839 1854,2839 1898,2839 1943,2839 1988,2842 2033,2842 2078,2845 2122,2842 2167,2842 2212,2842 2257,2842 2302,2842 2346,2842 2391,2842 2436,2845 2481,2845 2526,2845 2570,2845 2615,2848 2660,2848 2705,2854 2726,2860"/>
                <TextEquiv>
                    <Unicode>das Haus. In einer merkwürdigen teere lag</Unicode>
                </TextEquiv>
            </TextLine>
            <TextLine id="tr_2_tl_3" custom="readingOrder {index:2;}">
                <Coords points="578,2994 2618,3014 2618,2909 2478,2889 578,2917"/>
                <Baseline points="594,2994 638,2991 683,2991 728,2991 773,2991 818,2991 862,2994 907,2994 952,2997 997,3000 1042,2994 1086,2994 1131,2994 1176,2991 1221,2994 1265,2994 1310,2994 1355,2994 1400,2997 1445,2994 1489,2994 1534,2994 1579,2994 1624,2994 1669,2994 1713,2994 1758,2994 1803,2994 1848,2994 1893,2994 1937,2994 1982,2997 2027,2997 2072,2997 2116,3000 2161,2997 2206,2997 2251,3000 2296,2997 2340,2997 2385,2997 2430,2997 2475,2997 2520,2997 2564,2997 2609,2997 2624,2997"/>
                <TextEquiv>
                    <Unicode>der Tag vor ihm, der vor wenigen Stunden</Unicode>
                </TextEquiv>
            </TextLine>
            <TextLine id="tr_2_tl_4" custom="readingOrder {index:3;}">
                <Coords points="578,3176 2419,3193 2615,3174 2615,3060 1863,3091 1735,3034 1302,3102 1151,3037 578,3108"/>
                <Baseline points="594,3150 606,3147 650,3147 695,3147 740,3147 785,3147 830,3147 874,3147 919,3147 964,3150 1009,3150 1054,3147 1098,3150 1143,3150 1188,3150 1233,3150 1277,3150 1322,3150 1367,3150 1412,3150 1457,3147 1501,3147 1546,3150 1591,3150 1636,3150 1681,3150 1725,3150 1770,3150 1815,3150 1860,3150 1904,3150 1949,3150 1994,3150 2039,3150 2084,3150 2128,3153 2173,3153 2218,3153 2263,3150 2308,3150 2352,3150 2397,3150 2442,3150 2487,3150 2531,3150 2576,3150 2621,3147"/>
                <TextEquiv>
                    <Unicode>noch zugleich so dunkel und so reich er</Unicode>
                </TextEquiv>
            </TextLine>
            <TextLine id="tr_2_tl_5" custom="readingOrder {index:4;}">
                <Coords points="584,3344 2421,3307 2703,3373 2783,3356 2783,3202 584,3225"/>
                <Baseline points="600,3305 641,3302 686,3299 731,3299 776,3299 821,3299 865,3299 910,3302 955,3302 1000,3305 1045,3302 1089,3302 1134,3302 1179,3302 1224,3302 1268,3302 1313,3302 1358,3305 1403,3305 1448,3305 1492,3305 1537,3305 1582,3305 1627,3308 1672,3308 1716,3305 1761,3305 1806,3305 1851,3305 1896,3305 1940,3305 1985,3305 2030,3305 2075,3305 2119,3305 2164,3305 2209,3305 2254,3305 2299,3305 2343,3305 2388,3305 2433,3305 2478,3305 2523,3305 2567,3305 2612,3308 2657,3305 2702,3305 2746,3302 2791,3302"/>
                <TextEquiv>
                    <Unicode>schienen war, der Tag an dessen Ende der Ab</Unicode>
                </TextEquiv>
            </TextLine>
            <TextLine id="tr_2_tl_6" custom="readingOrder {index:5;}">
                <Coords points="573,3475 2350,3538 2709,3478 2675,3376 2444,3350 2185,3404 573,3362"/>
                <Baseline points="588,3463 632,3457 677,3457 722,3457 767,3457 812,3460 856,3460 901,3460 946,3460 991,3460 1036,3460 1080,3457 1125,3457 1170,3460 1215,3460 1260,3457 1304,3460 1349,3460 1394,3460 1439,3457 1483,3457 1528,3457 1573,3460 1618,3460 1663,3460 1707,3460 1752,3463 1797,3466 1842,3460 1887,3460 1931,3457 1976,3460 2021,3457 2066,3457 2110,3460 2155,3460 2200,3460 2245,3460 2290,3460 2334,3460 2379,3460 2424,3460 2469,3460 2514,3463 2558,3463 2603,3463 2648,3463 2693,3460 2717,3463"/>
                <TextEquiv>
                    <Unicode>schluss seines Daseins gestanden hatte.Es</Unicode>
                </TextEquiv>
            </TextLine>
            <TextLine id="tr_2_tl_7" custom="readingOrder {index:6;}">
                <Coords points="578,3663 1897,3618 2581,3675 2726,3646 2726,3527 578,3547"/>
                <Baseline points="594,3615 627,3612 671,3612 716,3615 761,3612 806,3612 850,3612 895,3612 940,3612 985,3612 1030,3615 1074,3612 1119,3615 1164,3615 1209,3618 1254,3615 1298,3612 1343,3612 1388,3615 1433,3615 1477,3615 1522,3612 1567,3612 1612,3612 1657,3612 1701,3612 1746,3612 1791,3615 1836,3615 1881,3615 1925,3612 1970,3615 2015,3612 2060,3612 2105,3612 2149,3612 2194,3612 2239,3615 2284,3615 2328,3612 2373,3615 2418,3615 2463,3615 2508,3615 2552,3618 2597,3618 2642,3615 2687,3612 2732,3612"/>
                <TextEquiv>
                    <Unicode>war ihm nun gewissermassen unbequem,ärger</Unicode>
                </TextEquiv>
            </TextLine>
        </TextRegion>
    </Page>
</PcGts>
