6760 4328
6014 40 6377 341 201
392 194 616 414 "  "
4284 257 6230 535 - Aber in wis hell in gibiue
2976 374 3251 542 145
3903 458 6373 718 an tel, luth and with! - J. a he
315 451 3196 740 bell uit absin u même – un ach
3903 623 5274 843 in my animal...
326 685 3269 1063 in de Augen omme in ein de Curich
3914 759 6234 1118 Es me de trionol et du bert, et d
3812 979 5116 1184 derten  sind in...
359 916 3075 1290 byhint jeu weile toing in
3790 960 5369 1382 Ain bei Beschädigen kann,
447 1195 3207 1554 jesetr, - dedl w
3962 1275 5028 1477 A C.C.F.U.S.
3830 1341 6216 1642 (J. Hain - as it ist of her in all scharque
421 1444 3262 1737 an der altes Heim beschäftigt und auch
3980 1587 6055 1873 -th is best did to do all out in?
476 1653 3134 2016 in gevonken will uit of uitd
2368 1939 3170 2144 daran chen
1231 1876 2393 2159 + ce mar gerenten
366 1931 1242 2280 alter Reven
1235 2111 1565 2265 be
381 2060 3240 2404 si ougines, as the tenn't Bque
334 2353 3046 2686 it werir itn die Ersten
370 2573 3031 2976 & de alle tiber ian de Rolle du
341 2851 2932 3156 & in de Leben gepielt, wird
2445 3027 3214 3291 Seit aber:-
352 3141 2155 3434 in Erinnerung gerifen
308 3317 2635 3584 durch die Eileh der geben Tag
2661 3331 2947 3544 C.
315 3551 2752 3870 der.. (une état de un vautant humi¬
751 3764 2910 4057 Ebel-in of a one in thement. & in
