6856 4360
1391 227 1805 492 on 1
496 372 715 573 16.
538 446 2892 726 wird zwei wäre ich in sei mein Juhr
499 754 3062 924 will schlungküft nicht. - ich, u
492 853 2913 1158 de us ebe is geboren nie-
524 1048 2949 1313 him off in nt in all
524 1310 3020 1536 all the and to not it is
467 1462 2970 1774 This schone jong her a kopf with
535 1692 2896 1986 laint... wis... it herl it. - old
485 1890 3066 2220 nachgeben solle mit
524 2099 3221 2436 selfs ist. but we am in weit
556 2283 2977 2584 sollte gemacht. dass ich um in
605 2482 3009 2779 and hef and jurif te
743 2712 2751 3009 xx... 2 Jahre. tal ut, en
680 2889 2913 3228 gebensitet a trom Seopold
655 3147 2843 3384 dél il Leht Litis.. jehen il...
697 3388 2885 3593 Ihr sehre selb u geheisert.
666 3540 2935 3806 Ihr sehr Fall zu getreten. Baf
637 3774 3044 4032 as her best in him. if I Legor
6022 159 6262 389 be
6149 283 6429 616 160
3607 432 6252 758 Witt hahlt uit (ohne ullt recht ja wiss schon
5689 655 6386 874 I am in xx
3597 690 6167 952 at kunt itn da ant we helfe, cem
3607 839 6252 1126 freifel & arpe (you) in fotll in conkler
4085 1027 5098 1189 in oblen, went in in day
5441 1037 6213 1175 t habe immel
5441 1115 6046 1200 I am your
3628 1150 6259 1366 es legte cie conblut;  je crédit qu'elles
3657 1281 6496 1558 of the ontelandt eemen for [illegible] pvll
4000 1437 6156 1611 at the is inourst Acland.. S.C. ils one
3625 1543 6319 1770 deceit cnjusqu'est le Neutimpe tust
4050 1621 4457 1805 bericht.
3706 1735 6351 1997 echen wolle. Aber derben er bei...
3738 1905 6344 2248 [illegible] schritt ihn den Man
3713 2120 6036 2365 ab, noch es ausgezwehrte u. und mit
3660 2269 6195 2595 Wm Anten Eibitterung sehr es fort.
3660 2492 6255 2793 Juste ce gleich huysi mich in Dieuwärner
3643 2744 6117 2945 is in f. in compt d at milleich as
3607 2874 6450 3161 o en cécier.”  wo der in vie Jahre, na las als
3643 3062 6114 3342 int geeftt hab  was in einem für Roll
3682 3264 6202 3533 Ce une Libe qu'il avoir
3685 3448 6060 3749 ihm wir nicht kal gesetzt, bei
3692 3667 6291 4032 heb enie habe mij in einenl. von un
