3304 4040
2442 154 2628 311 181
427 349 2625 579 gingen,, als ich vollkommen ehrlich spielte
433 480 2689 765 und - gewann, da hielt man es für angemessen
439 631 2736 933 von den anonymen briefen gebrauch zu machen.
1355 823 1486 916 to my
986 800 2599 1044 „Es entstand begreiflicherweise
459 977 2681 1210 kein werdcht,Herr Konsul,so lange Sie ver-
471 1236 800 1413 loren.
1006 1233 2724 1518 „Das habe ich bemerkt.) Die Herren
744 1439 1044 1567 that I am
483 1489 1541 1710 sind etwas pr8mitiv.
1064 1538 2826 1820 „Mag sein, aber ich erlaube mir die
506 1707 2742 1945 Frage nach - Ihrem Zugeständmis -wo ist der
486 1890 2753 2134 Beweis, dass Sie gegen mich ehrlich gespielt
494 2140 858 2256 haben."
1151 2157 2774 2405 „Der Einwand ist nicht ohne Be-
529 2323 2727 2593 rechtigung und mein Ehrenwort dürfte Ihnen
1436 2457 2378 2623 .. Sie wachte mir schon
523 2556 1337 2721 nicht genügen?"
1172 2625 2640 2881 „In jedem Falle, ob ich Ihnen
555 2774 2675 3035 jetzt glaube oder nicht,Sie haben mit uns
550 2989 2611 3192 Allen ein unwürdiges und unfrevelhaftes
538 3126 2660 3341 Spiel getrieben. Das unbegreiflichste mit
558 3256 2899 3515 mir, der ja keinen anonymen Brief erhalten und
561 3379 2826 3687 mit dem ein Experiment nicht am Platze wat.
