6696 4408
6083 150 6346 370 11 5.
399 223 769 436 1
2972 209 3254 414 101
1006 198 1468 447 " "
3396 293 6343 593 zu erkennenen Ton. Das darf ist wohl sagen, entzynet
417 362 3181 630 ust hatt ere Curand..  der Pcte
4663 487 5032 600 natez
3356 534 6127 736 de Cromt.. ich wa gemaeße überall... nur
2361 564 3126 732 "   3  7. 4...
351 681 2983 878 -- alles... Sie ich woll in Liebe
3378 692 6317 926 in dem Feuerte na ich erstet,...  in den
296 820 3078 1080 Hincerlyct W. C. D. T. Huyler
3382 867 6277 1149 faur, in den ist laut hin, und ich nicht.
296 1025 3074 1307 was hilt wohlttal, boterin es deres
3382 1091 6259 1420 in Caiarb...  d-o ist seke so.... Aber ist
3375 1252 6178 1515 habe die Christ. nächsten auf der Comittitel
242 1292 3074 1504 Nichtlich klar.  Acht, den xal u
3400 1475 6251 1749 si ressible un tingefahr.... hilz une
296 1512 2866 1702 omt es weil in zwee.. Ich het
4930 1588 6087 1757 gleichfelt, wie auch
4630 1673 4875 1801 /
3415 1713 6343 1973 En lechte, ud hilly sichelte, deren an viele
318 1665 2833 1940 trubul ouil de fhil. Offre
3638 1812 6343 2170 Sie fuhren d'eine Ostert mit
344 1852 3206 2152 is   ich wenn nicht einen Freiwillig.
3913 2090 4850 2313 James Cauguhy
3411 2075 6127 2368 in eine Ortschaft; zwischen xxx
458 2064 3206 2368 &...it hab i. wee der Ich Geschich¬
3462 2233 6288 2547 Harsch - wenig gepflegt, Hen h.
458 2408 2935 2536 diel h. in wycheld blev
3451 2555 6079 2774 nur in weniger einig
315 2522 3224 2800 Ihr eil... M. ich tat... eine, ausgebet
3506 2858 6028 3089 Vorzeitung, und es eine in eine
542 2752 3151 3027 out Reeven. holl we nel vant
5622 2891 6145 3093 Lemde
476 2939 2943 3246 ........    M'hrhal
3514 3001 6072 3309 der Vijortibes begoft in alle hos
1149 3140 1475 3338 Se.
1804 3206 2178 3400 &c
3558 3232 6105 3503 Loly de forit Sindes schon i ren
1259 3276 1658 3510 to be
3686 3400 6222 3752 Einenbeel... Auch in Wilckowen
1537 3477 1779 3741 10
3396 3477 3572 3667 e
3722 3645 6328 3876 Ihr geöffnet; um ein St wekgebenen A
3682 3792 6332 4088 Reusch me Sie... est es nul jeinloge
