6840 4328
6226 206 6511 538 14
2919 281 3204 555 165
3578 345 6266 669 es uit jaar betheit irgum, en obilem me
328 395 3015 687 Vu double très wille, allut être, daß ce
3628 609 6237 865 Iï korrit je nieuwe - ne tell rien
310 644 3008 954 Sos hiebe gerechte inor = 2 Aar en
3542 805 6262 1139 siby an ee Arten aiggeb, wobei i
317 851 3012 1203 en gewerte... The Bild
3539 1025 6137 1367 at 11 c. c. i dreil kreil. m'a
303 1079 3030 1517 is auch solle ich das für fünf schul¬
3567 1257 6251 1588 be at & 6 at verhenclet Sibwesl.. or
388 1335 3001 1705 gang vergene ich kein gewal inspelen -
3624 1527 6493 1826 Il veut cec... abé. es half jurer dans
295 1588 2912 1873 men - erste nicht mit übergeben
3645 1784 6387 2061 en elire ferle Verhallere eine andre, er
331 1812 3037 2075 man is de in solle Küllichheit.
3631 1944 6390 2335 erfreundliche Lageren dh. als auf
374 2122 3069 2399 Essel da klewe nett. ich
3635 2204 6426 2528 du rta du ne costal and bege we..
320 2417 2816 2684 das ne do not bei einem ternerh in
3635 2496 6362 2777 we seized them or[illegible]
4247 2652 5554 2820 als Maitres cinci Bankji'ses
381 2627 3140 2912 Verstorben etwas arweid hans sant of one
3578 2706 6358 3044 hertell it ga will; -.. so if..
1880 2780 2342 3015 Hrebe
374 2919 2873 3176 vor sich, in ein klein saithof, in de
3635 2980 6216 3297 a wede je wale me ben Herwes
313 3079 2784 3361 de ce wihl komb, be itt be in
3628 3240 6372 3549 eribe, sent
367 3336 2987 3606 hint he bekandt
5529 3467 6401 3838 schernt
3674 3503 5422 3870 Adresse im Schreiben
310 3606 3012 3923 yor n durft. A ich di et blinc
3745 3859 6045 4130 vor der,- il sicem -ci
