3576 4376
2583 384 2781 570 138
1145 554 3004 740 Willi blieb mitten im Zimmer stehen,
2050 682 3055 777 Nul ici une vollle keur Freid.
612 704 2937 902 die Quittung in der Hand.Er wusste wohl, dass
618 853 2985 1048 er sich freuen sollte, aber es gelang ihm noch
618 1060 2998 1206 nicht. Das Staunen war vorbei, denn es war kein
618 1200 2891 1380 Zweifel möglich, dass es nur Leopoldine sein
624 1374 2979 1538 konnte,die seine Schuld an den Konsul bezahlt
628 1484 3004 1672 hatte. Vermutlich hatte sie es sogar schon ges
640 1685 2991 1831 tern getan, bevor sie bei ihm gewesen war.Denn
685 1791 3019 1974 wie konnte sonst zu dieser frühen Morgenstun-
634 1956 2790 2126 de die Bestätigung schon in seinen Händen
637 2132 2909 2288 sein? Warum nur der ganze spass mit dem Tau
643 2282 3092 2464 sender von heute Morgen? Er hätte übel ausgehen
311 2266 530 2437 and
302 2394 621 2541 in witzw
646 2440 2854 2592 können. Wie wenig fehlte und er hätte sich
302 2495 536 2632 ness.
286 2611 548 2717 de un
652 2614 2845 2763 gleich nach ihrem Fortgehen erschossen. Lag
329 2690 588 2830 in him.
646 2702 3040 2909 ihr so wenig daran? Warum hatte sie dann seine
292 2803 579 2976 Sterlagh
649 2894 3004 3077 ganze Schuld beglichen? Oder war sie bei sich
701 3031 2985 3229 so überzeugt, dass er sich’s lang genug übr-
649 3208 2860 3433 legen würde.-Immerhin,sie hatte für ihn ge
646 3320 3010 3558 zahlt und die tausend Gulden von heut Morgen,
652 3488 2955 3701 die waren eine Draufgabe sazusagen,vidlmehr,
