6792 4440
6302 214 6545 424 741
3805 261 4442 547 No.
6516 416 6686 568 III
2773 471 3175 681 122
6360 547 6592 829 151
3892 478 6364 883 mée. allerle-Sätze, je crois de
297 605 3164 858 gerenen.“ er ist ja nicht soltsforts mögten.
3837 717 6324 1079 Tufall ein Rev. in, mit d
391 843 3012 1043 Sie karte Nimmuete uns nicht in ver¬
5817 977 6183 1133 ber
344 999 3146 1253 gevanken ue viste weile. we went de ander
3765 963 6339 1307 & A but Robert Her pisit
391 1173 2813 1481 sein, selbst, wie, kun, Tube
3725 1213 6375 1600 hoff. He begelegenheiten of
333 1372 3052 1658 kann, in alle vier Farbe, sie unter,
3772 1575 6411 1857 it ou en voil' uit so enseil..
344 1600 3041 1850 zaufhalten die Auguste der Z von
2577 1738 2896 1886 sml
3700 1788 6371 2139 in inte of the
362 1824 3041 2114 stweert ihn... giher so viel Rantwoue
3678 1933 6397 2317 every there is the man; and
358 2027 3135 2291 auf der Will. es in unbeanten.....
3718 2201 6212 2527 de beim darin ad L2 de 8 rt.
677 2208 3135 2505 Ort er wei Stunde späle dient du Bort
333 2418 2932 2711 gericht werde, - was of it tell - a ka de
3678 2404 6223 2795 une co lon will
297 2646 2929 2907 himler geklafen. die xxx
3710 2653 6451 2947 il lany at ca tak cent jours
279 2896 2958 3120 der unt als ce die Auge offnet, gleich
3710 2878 6378 3186 tull    Es  Ewisidt
279 3059 2976 3309 da dort daß er sie offnete... verschwand
3736 3102 6194 3457 meede den ausübere, sich die
1524 3196 2299 3352 wäre nach al-
3790 3269 4576 3450 mehrsteulich
290 3272 2838 3486 die kur (will die ldse Karte ab
3808 3388 6190 3692 Eindringen de Intet
355 3464 3265 3743 - Hen Slal, mal geborsernd..... de Hen Balsentnam
3779 3663 6118 3902 insistell, dem wie u. b.
355 3667 3131 3931 haft, er greifs. erklärt. Wie sei eine Obel
3747 3859 6187 4127 mit wyselig Ärgern fort zu
413 3881 3244 4094 Ch. je: H Aarwe is wel de Herr...    Obelumb
