6744 4392
6109 352 6362 531 20a
2084 355 2425 615 Ia
348 432 636 710 21 1
6137 496 6454 661 wird
3490 460 6011 675 sst. duft. jetzt nicht-e in vivre.
109 555 359 756 20
415 548 2988 875 erled wisse; -  wsst in de tombus
3529 629 6077 882 Thl. said in does he publut wester
411 801 2854 1107 in Hinspl. ev. in Schönberg.
3511 851 6137 1160 in witt. Mes alles in
489 967 2794 1241 Ce un ouilg i me tas il vient
3522 1125 6341 1399 eben vorgegangen, und ich nie, wollte
464 1234 3030 1533 berbe; - u hatt getoff.. ia obervis
3526 1455 6323 1670 seile.. it fût légé, il tous
840 1490 2910 1712 Ilef i will eest mier de
408 1522 735 1729 x
559 1627 861 1782 red
1575 1624 1747 1779 e
3557 1599 6323 1881 Leopolle.... riefe.. dient de Cette aga an
446 1642 2731 1891 avec nicht ist.
872 1856 1135 2028 ein
3490 1838 6253 2091 at wubt u iu je nu her - hod
429 1870 2791 2137 ver Lebes auf der Spiel dar:
3536 2063 6102 2288 in kam; - je sie tiet with; in wt
499 2091 2858 2401 nen, ihr geliebt sehr - dem
3526 2260 6113 2548 sich rückte auf Bett... dar al. d
422 2320 2689 2566 in    in wil  in et
3508 2492 6207 2780 Con aif né, klag wollte, wie ne
443 2517 2752 2844 we geatul futruist beingegl
3413 2731 6042 3002 & out of Knt. ye and de
457 2794 2643 3055 he is... j we to Appellan
513 2939 2671 3308 2o dece - offent. hall in
3480 2981 6264 3209 a ue in d Ham behielt in kevne
3557 3153 6383 3473 hintert was, cesti sie in will.
446 3174 2668 3519 Stataille in der Enkel
5810 3434 6362 3652 belegte
3526 3459 6077 3715 do not get ik in getre wit
478 3466 2896 3761 at Lieb emp vogenen..
3529 3663 5997 3940 Hine, wisnpt acht he wel
467 3751 2830 4060 daß sie zu gehemen war – in
594 3902 3044 4151 it - vif ville. (ken Rekems &c
