6744 4408
6152 223 6403 457 101
3055 324 3254 492 1a
3501 296 5862 617 trille itse für einen abgeleit
492 377 3254 701 zuricht a M... - Ebe... wer half
3526 513 6190 795 Somme tielt...  ce opent.
614 561 3024 820 I will but. We spd but. on
3508 739 5897 1067 qui uble being, die hils on it
373 788 3149 1043 eu Vulvistes. unpr hattd Recht
3442 959 5932 1262 ball. A Verecht, de sullen
506 1022 3177 1346 in ungehörden (cher Besichl
3435 1196 5873 1562 en solche Verrecht wenn - und
432 1318 2975 1611 je forvieux)... Hier ainsi, huis
3467 1395 6026 1740 dess or ibus d-til notmerk for
481 1507 3066 1733 in bede; - is now bevat qu'aleand.
3494 1625 6155 1897 de nicht rech kunde. Uns
342 1719 3017 2037 du fut rester : - eintrée al
3501 1859 6065 2242 Seule wie ich    Sibjede eine
352 1960 3083 2260 lich die für immer schwellen —
3488 2103 5632 2410 Il [illegible] the dieu
380 2222 2776 2448 in em Thos in een belbe
3488 2291 5922 2696 Creyn, sogle de Cromtplizlich
380 2462 3184 2713 men mais in Wien..  en une
3498 2546 5817 2930 son mernacle.
370 2682 2989 2950 Uur de peut-t-il ave ifs de Cromt.
3460 2748 5908 3139 man frei herumlaufe... hatt
345 2940 2804 3254 tull fuhlt in dulle.
3515 3062 6155 3327 ou voir le kont qu'elles en
384 3149 2692 3505 wir nicht, mais er tödt
3498 3282 6135 3603 So had auch x Uhr ein Sine.
338 3460 2762 3840 moying - is compt int and of
3515 3564 5789 3843 de Cronl.. c'est ont ici a de
3697 3773 6326 4080 Heusit me Sie.... est es mit je déloge
2905 3896 3104 4042 in
