3416 4488
477 654 2886 843 Entschliesst sich nochmals zum Konsul zu gehen
540 849 2724 993 per Konsul: Sie haben von meiner Unannehm-
495 993 2649 1176 lichkeit im Residenzklub gehört.Bie Sache
492 1131 2787 1305 liegt zwölf Jahre zurück.gie wäre jedesfalls
501 1293 2754 1470 verjährt. Ich mache Sie aufmerksam, dass Ihre
513 1440 2757 1605 Kameraden es gewusst, oder jedesfalls geahnt
504 1572 2766 1755 haben. Aber sie haben bisher keinen Gebrauch
510 1731 2847 1905 davon gemacht, um den angenehmen Partner nicht
525 1893 2724 2088 zu verlieren. Nun,Sie können es haöten wie
525 2046 2823 2274 wollen. Ich zwinge sie nicht mit mir nach
513 2184 2901 2403 Hamburg zu fahren. Wenn es Ihnen beliebt können
519 2373 2871 2535 Sie auch weiter Offizier bleiben, umso weniger
516 2541 2853 2691 als ich natürlich keine Anzeige erstattet ha-
528 2691 2691 2865 be. (Ueberlegen sie sich's! Unser Zug geht
528 2883 1497 3033 abends neun Uhr....
807 3024 1023 3147 Livier
792 3048 1545 3267 l'eure... den beyde
