<?xml version="1.0" encoding="UTF-8" standalone="yes"?>
<PcGts xmlns="http://schema.primaresearch.org/PAGE/gts/pagecontent/2013-07-15" xmlns:xsi="http://www.w3.org/2001/XMLSchema-instance" xsi:schemaLocation="http://schema.primaresearch.org/PAGE/gts/pagecontent/2013-07-15 http://schema.primaresearch.org/PAGE/gts/pagecontent/2013-07-15/pagecontent.xsd">
    <Metadata>
        <Creator>prov=READ-COOP:name=TrHtr:version=2.1.0:model_id=51170:date=15_08_2023_00:17</Creator>
        <Created>2023-05-10T14:46:13.486+02:00</Created>
        <LastChange>2023-08-15T00:17:10.933+02:00</LastChange>
        <TranskribusMetadata docId="1428675" pageId="55425686" pageNr="97" tsid="132831940" status="IN_PROGRESS" userId="64420" imgUrl="https://files.transkribus.eu/Get?id=SWERXQWDXVQTLUTSXXXDVZYJ&amp;fileType=view" xmlUrl="https://files.transkribus.eu/Get?id=NEAARPHYMWRTZEWLMWJGYHWX" imageId="44699763"/>
    </Metadata>
    <Page imageFilename="1428675_0097.jpg" imageWidth="6856" imageHeight="4328">
        <ReadingOrder>
            <OrderedGroup id="ro_1711813002722" caption="Regions reading order">
                <RegionRefIndexed index="0" regionRef="tr_1"/>
            </OrderedGroup>
        </ReadingOrder>
        <TextRegion id="tr_1" custom="readingOrder {index:0;}">
            <Coords points="376,146 6465,146 6465,3932 376,3932"/>
            <TextLine id="tr_1_tl_1" custom="readingOrder {index:0;}">
                <Coords points="6022,224 6065,227 6112,267 6212,220 6275,240 6312,220 6352,257 6456,240 6456,90 6309,93 6262,127 6215,80 6019,57"/>
                <Baseline points="6041,196 6130,196 6220,196 6309,196 6399,202 6465,202"/>
                <TextEquiv>
                    <Unicode>201</Unicode>
                </TextEquiv>
            </TextLine>
            <TextLine id="tr_1_tl_2" custom="readingOrder {index:1;}">
                <Coords points="6125,410 6145,407 6185,437 6225,434 6249,414 6349,470 6392,447 6429,457 6409,247 6326,264 6296,240 6229,220 6209,244 6175,234 6115,267"/>
                <Baseline points="6142,352 6232,358 6321,370 6411,370 6429,376"/>
                <TextEquiv>
                    <Unicode>191</Unicode>
                </TextEquiv>
            </TextLine>
            <TextLine id="tr_1_tl_3" custom="readingOrder {index:2;}">
                <Coords points="3576,584 6219,550 6215,407 6025,460 5725,320 5532,417 4761,304 3573,324"/>
                <Baseline points="3593,489 3683,483 3772,483 3862,477 3951,483 4041,483 4131,477 4220,477 4310,477 4399,471 4489,471 4578,471 4668,477 4757,471 4847,477 4936,477 5026,471 5115,471 5205,483 5295,489 5384,489 5474,483 5563,483 5653,489 5742,489 5832,501 5921,513 6011,519 6100,531 6190,537 6226,537"/>
                <TextEquiv>
                    <Unicode>früen kam die ihrer iststöhne.</Unicode>
                </TextEquiv>
            </TextLine>
            <TextLine id="tr_1_tl_4" custom="readingOrder {index:3;}">
                <Coords points="354,567 380,570 414,601 484,604 624,494 641,497 651,410 617,417 594,407 560,430 514,414 440,417 407,440 390,427 367,430"/>
                <Baseline points="376,513 382,519 471,519 561,513 644,489"/>
                <TextEquiv>
                    <Unicode>1 50</Unicode>
                </TextEquiv>
            </TextLine>
            <TextLine id="tr_1_tl_5" custom="readingOrder {index:4;}">
                <Coords points="540,741 1555,714 2155,564 3219,611 3223,517 2626,364 2292,474 1735,390 547,530"/>
                <Baseline points="561,650 632,644 722,638 811,632 901,632 990,626 1080,620 1170,608 1259,608 1349,608 1438,602 1528,590 1617,590 1707,585 1796,579 1886,579 1975,573 2065,567 2155,561 2244,561 2334,555 2423,555 2513,543 2602,543 2692,537 2781,543 2871,549 2960,555 3050,561 3140,579 3229,590"/>
                <TextEquiv>
                    <Unicode>Grei Tn sagte..  trilf -. als là beuweisen</Unicode>
                </TextEquiv>
            </TextLine>
            <TextLine id="tr_1_tl_6" custom="readingOrder {index:5;}">
                <Coords points="3687,774 3827,704 4070,804 4240,741 4334,781 4427,751 4504,771 4534,761 4537,577 4471,554 4407,591 4300,591 4077,530 3937,597 3873,574 3690,607"/>
                <Baseline points="3707,662 3737,662 3826,662 3916,656 4005,656 4095,656 4184,656 4274,656 4363,650 4453,650 4542,644"/>
                <TextEquiv>
                    <Unicode>ich kann.</Unicode>
                </TextEquiv>
            </TextLine>
            <TextLine id="tr_1_tl_7" custom="readingOrder {index:6;}">
                <Coords points="567,897 2382,801 3009,887 3049,701 2609,637 1912,777 1605,677 574,721"/>
                <Baseline points="585,859 638,865 728,865 817,865 907,859 996,859 1086,853 1176,853 1265,847 1355,847 1444,835 1534,835 1623,835 1713,829 1802,823 1892,823 1981,817 2071,811 2161,805 2250,805 2340,793 2429,793 2519,787 2608,782 2698,776 2787,776 2877,776 2966,776 3056,782"/>
                <TextEquiv>
                    <Unicode>und selbst.- All.t u. da¬</Unicode>
                </TextEquiv>
            </TextLine>
            <TextLine id="tr_1_tl_8" custom="readingOrder {index:7;}">
                <Coords points="3753,867 6339,924 6336,841 5965,731 5248,797 4731,694 4257,811 3753,744"/>
                <Baseline points="3772,823 3862,829 3951,835 4041,841 4131,841 4220,841 4310,841 4399,841 4489,841 4578,835 4668,835 4757,829 4847,835 4936,829 5026,829 5115,829 5205,829 5295,835 5384,835 5474,835 5563,841 5653,841 5742,853 5832,859 5921,865 6011,871 6100,877 6190,877 6280,883 6339,883"/>
                <TextEquiv>
                    <Unicode>Es wird wohl alle gleich, bemerkte...</Unicode>
                </TextEquiv>
            </TextLine>
            <TextLine id="tr_1_tl_9" custom="readingOrder {index:8;}">
                <Coords points="4971,947 5215,931 5295,981 5361,934 5542,971 5582,958 5578,901 5465,847 5438,874 5335,864 5241,904 5064,847 4971,891"/>
                <Baseline points="4990,913 5080,925 5169,925 5259,931 5348,931 5438,931 5527,937 5587,949"/>
                <TextEquiv>
                    <Unicode>Zemptin</Unicode>
                </TextEquiv>
            </TextLine>
            <TextLine id="tr_1_tl_10" custom="readingOrder {index:9;}">
                <Coords points="557,1201 1034,1104 1371,1144 1848,1054 2075,1104 2339,1048 2342,968 1852,998 1778,947 1478,1034 1101,921 661,951 567,1014"/>
                <Baseline points="579,1116 644,1122 734,1116 823,1110 913,1110 1002,1104 1092,1104 1181,1098 1271,1086 1361,1086 1450,1080 1540,1074 1629,1068 1719,1062 1808,1056 1898,1050 1987,1044 2077,1038 2166,1032 2256,1026 2346,1020"/>
                <TextEquiv>
                    <Unicode>Bitte Platz zu nehmen.</Unicode>
                </TextEquiv>
            </TextLine>
            <TextLine id="tr_1_tl_11" custom="readingOrder {index:10;}">
                <Coords points="3707,1061 4010,1191 5058,1198 5201,1134 5815,1191 5812,1024 5448,941 5295,984 4928,887 4581,1018 3703,861"/>
                <Baseline points="3725,1026 3814,1026 3904,1026 3993,1032 4083,1038 4172,1038 4262,1044 4351,1056 4441,1056 4530,1056 4620,1056 4710,1056 4799,1062 4889,1062 4978,1062 5068,1056 5157,1062 5247,1062 5336,1062 5426,1062 5515,1068 5605,1062 5695,1062 5784,1056 5820,1062"/>
                <TextEquiv>
                    <Unicode>Killy, in der Schmiede,</Unicode>
                </TextEquiv>
            </TextLine>
            <TextLine id="tr_1_tl_12" custom="readingOrder {index:11;}">
                <Coords points="634,1375 1641,1258 1922,1341 2532,1208 3219,1345 3229,1074 2432,1041 2182,1161 2015,1091 1355,1231 644,1174"/>
                <Baseline points="656,1283 728,1289 817,1289 907,1289 996,1283 1086,1283 1176,1283 1265,1277 1355,1271 1444,1265 1534,1265 1623,1259 1713,1253 1802,1247 1892,1241 1981,1235 2071,1229 2161,1229 2250,1223 2340,1217 2429,1211 2519,1211 2608,1205 2698,1205 2787,1205 2877,1205 2966,1211 3056,1217 3146,1223 3235,1229"/>
                <TextEquiv>
                    <Unicode>Susal is mit einen freunden Heller best.</Unicode>
                </TextEquiv>
            </TextLine>
            <TextLine id="tr_1_tl_13" custom="readingOrder {index:12;}">
                <Coords points="3807,1298 4537,1268 5318,1438 5595,1334 6399,1365 6396,1221 6082,1138 5395,1264 3803,1118"/>
                <Baseline points="3822,1243 3916,1241 4005,1247 4095,1247 4184,1247 4274,1253 4363,1259 4453,1265 4542,1271 4632,1277 4721,1283 4811,1289 4901,1289 4990,1289 5080,1295 5169,1295 5259,1295 5348,1289 5438,1283 5527,1289 5617,1289 5706,1289 5796,1289 5886,1289 5975,1283 6065,1289 6154,1295 6244,1307 6333,1325 6405,1343"/>
                <TextEquiv>
                    <Unicode>I de huil wohl in or auf de Borta¬</Unicode>
                </TextEquiv>
            </TextLine>
            <TextLine id="tr_1_tl_14" custom="readingOrder {index:13;}">
                <Coords points="657,1571 954,1611 1501,1451 2846,1438 3189,1555 3219,1324 2369,1411 1778,1298 1355,1421 978,1304 661,1358"/>
                <Baseline points="674,1456 716,1462 805,1462 895,1468 984,1456 1074,1456 1164,1456 1253,1462 1343,1456 1432,1450 1522,1450 1611,1456 1701,1456 1790,1462 1880,1456 1969,1456 2059,1456 2149,1450 2238,1450 2328,1450 2417,1450 2507,1450 2596,1444 2686,1438 2775,1432 2865,1432 2954,1438 3044,1438 3134,1438 3223,1438"/>
                <TextEquiv>
                    <Unicode>in ficem incissitie enversbrunnen.-</Unicode>
                </TextEquiv>
            </TextLine>
            <TextLine id="tr_1_tl_15" custom="readingOrder {index:14;}">
                <Coords points="3757,1541 4377,1458 5205,1595 6379,1548 6376,1465 5975,1368 5211,1438 4557,1328 4340,1431 3750,1365"/>
                <Baseline points="3772,1444 3862,1456 3951,1462 4041,1462 4131,1456 4220,1456 4310,1462 4399,1456 4489,1468 4578,1474 4668,1480 4757,1486 4847,1492 4936,1498 5026,1504 5115,1504 5205,1504 5295,1504 5384,1504 5474,1516 5563,1516 5653,1516 5742,1516 5832,1516 5921,1516 6011,1516 6100,1522 6190,1522 6280,1534 6369,1540 6387,1540"/>
                <TextEquiv>
                    <Unicode>anE. Sie sehr in d. Ech. de</Unicode>
                </TextEquiv>
            </TextLine>
            <TextLine id="tr_1_tl_16" custom="readingOrder {index:15;}">
                <Coords points="587,1765 2989,1655 2896,1518 2522,1581 2325,1481 1888,1648 1551,1561 1324,1631 1054,1548 591,1595"/>
                <Baseline points="608,1653 668,1659 758,1665 847,1671 937,1671 1026,1671 1116,1671 1205,1671 1295,1677 1384,1677 1474,1677 1564,1677 1653,1683 1743,1683 1832,1677 1922,1683 2011,1677 2101,1677 2190,1671 2280,1671 2369,1665 2459,1659 2549,1653 2638,1641 2728,1647 2817,1641 2907,1641 2996,1641"/>
                <TextEquiv>
                    <Unicode>braabe wortt ue. de Conseil mil</Unicode>
                </TextEquiv>
            </TextLine>
            <TextLine id="tr_1_tl_17" custom="readingOrder {index:16;}">
                <Coords points="3670,1705 6225,1785 6189,1611 4821,1671 3667,1521"/>
                <Baseline points="3689,1665 3778,1665 3868,1671 3957,1671 4047,1677 4136,1677 4226,1677 4316,1683 4405,1683 4495,1689 4584,1695 4674,1701 4763,1707 4853,1707 4942,1701 5032,1707 5121,1707 5211,1713 5301,1707 5390,1707 5480,1707 5569,1707 5659,1707 5748,1707 5838,1713 5927,1719 6017,1725 6106,1725 6196,1731 6232,1731"/>
                <TextEquiv>
                    <Unicode>in der noch Einzuthen, welche</Unicode>
                </TextEquiv>
            </TextLine>
            <TextLine id="tr_1_tl_18" custom="readingOrder {index:17;}">
                <Coords points="2632,1808 2659,1802 2699,1758 2766,1775 2792,1792 2812,1788 2789,1681 2772,1685 2716,1661 2702,1671 2662,1661 2636,1678 2622,1665 2606,1668"/>
                <Baseline points="2638,1737 2728,1761 2817,1772"/>
                <TextEquiv>
                    <Unicode>7.</Unicode>
                </TextEquiv>
            </TextLine>
            <TextLine id="tr_1_tl_19" custom="readingOrder {index:18;}">
                <Coords points="587,2005 2496,1845 3223,1935 3226,1755 3139,1735 2849,1812 2462,1705 1788,1818 1141,1732 901,1828 594,1788"/>
                <Baseline points="608,1874 698,1874 787,1880 877,1880 967,1886 1056,1886 1146,1880 1235,1886 1325,1886 1414,1886 1504,1886 1593,1892 1683,1886 1772,1880 1862,1880 1952,1874 2041,1874 2131,1862 2220,1862 2310,1850 2399,1838 2489,1832 2578,1832 2668,1832 2757,1838 2847,1838 2937,1844 3026,1856 3116,1862 3205,1868 3229,1874"/>
                <TextEquiv>
                    <Unicode>Dr. erlften Gul haben? Sie nur</Unicode>
                </TextEquiv>
            </TextLine>
            <TextLine id="tr_1_tl_20" custom="readingOrder {index:19;}">
                <Coords points="3710,1972 4104,1898 5018,2002 5181,1922 5361,2038 5768,1935 6095,2085 6346,2012 6292,1808 5088,1888 4791,1778 3703,1778"/>
                <Baseline points="3725,1886 3814,1886 3904,1892 3993,1892 4083,1892 4172,1898 4262,1910 4351,1910 4441,1916 4530,1916 4620,1916 4710,1922 4799,1916 4889,1910 4978,1916 5068,1922 5157,1922 5247,1928 5336,1928 5426,1934 5515,1928 5605,1928 5695,1934 5784,1934 5874,1940 5963,1946 6053,1952 6142,1958 6232,1975 6321,1981 6351,1987"/>
                <TextEquiv>
                    <Unicode>R. L. and de T. Sireitt; - and allot</Unicode>
                </TextEquiv>
            </TextLine>
            <TextLine id="tr_1_tl_21" custom="readingOrder {index:20;}">
                <Coords points="4030,2099 4054,2099 4107,2038 4144,2025 4160,2005 4197,2018 4210,2008 4244,2025 4320,2012 4317,1925 4294,1932 4160,1905 4140,1922 4110,1905 4070,1938 4020,1945"/>
                <Baseline points="4041,1987 4131,1981 4220,1993 4310,1999 4328,1999"/>
                <TextEquiv>
                    <Unicode>Cter</Unicode>
                </TextEquiv>
            </TextLine>
            <TextLine id="tr_1_tl_22" custom="readingOrder {index:21;}">
                <Coords points="621,2175 1795,2075 2155,2135 2389,2052 2916,2065 3083,2182 3193,2145 3199,1978 2439,1925 2279,2012 2035,1925 1615,2042 951,1945 624,2008"/>
                <Baseline points="638,2113 698,2113 787,2107 877,2107 967,2101 1056,2095 1146,2095 1235,2095 1325,2095 1414,2095 1504,2089 1593,2089 1683,2089 1772,2077 1862,2071 1952,2071 2041,2071 2131,2071 2220,2065 2310,2059 2399,2053 2489,2047 2578,2053 2668,2053 2757,2053 2847,2059 2937,2065 3026,2071 3116,2077 3205,2089"/>
                <TextEquiv>
                    <Unicode>u d He at ewei T-</Unicode>
                </TextEquiv>
            </TextLine>
            <TextLine id="tr_1_tl_23" custom="readingOrder {index:22;}">
                <Coords points="3693,2172 5235,2145 6322,2325 6316,2135 5919,2045 3687,2042"/>
                <Baseline points="3707,2113 3796,2113 3886,2113 3975,2107 4065,2107 4154,2113 4244,2113 4333,2119 4423,2119 4513,2119 4602,2119 4692,2119 4781,2119 4871,2131 4960,2131 5050,2131 5139,2137 5229,2143 5318,2149 5408,2149 5498,2155 5587,2155 5677,2161 5766,2166 5856,2172 5945,2178 6035,2178 6124,2196 6214,2202 6303,2214 6327,2220"/>
                <TextEquiv>
                    <Unicode>bei Schwert ab, den Thien qui oeplitut jure</Unicode>
                </TextEquiv>
            </TextLine>
            <TextLine id="tr_1_tl_24" custom="readingOrder {index:23;}">
                <Coords points="2582,2275 2646,2272 2666,2289 2692,2289 2712,2272 2789,2285 2836,2255 2856,2259 2856,2078 2809,2085 2756,2122 2732,2099 2692,2112 2646,2082 2626,2088 2602,2068 2582,2072"/>
                <Baseline points="2602,2190 2692,2190 2781,2190 2865,2190"/>
                <TextEquiv>
                    <Unicode>lui.</Unicode>
                </TextEquiv>
            </TextLine>
            <TextLine id="tr_1_tl_25" custom="readingOrder {index:24;}">
                <Coords points="1024,2232 1094,2262 1158,2222 1211,2222 1261,2255 1324,2225 1375,2249 1435,2219 1495,2235 1495,2179 1395,2132 1314,2145 1268,2115 1228,2115 1098,2172 1024,2169"/>
                <Baseline points="1044,2208 1056,2202 1146,2202 1235,2196 1325,2202 1414,2202 1504,2196"/>
                <TextEquiv>
                    <Unicode>wassenbar</Unicode>
                </TextEquiv>
            </TextLine>
            <TextLine id="tr_1_tl_26" custom="readingOrder {index:25;}">
                <Coords points="651,2342 3166,2389 3169,2199 2923,2162 2672,2292 2429,2152 2045,2219 1738,2102 1375,2275 654,2175"/>
                <Baseline points="668,2334 758,2334 847,2334 937,2334 1026,2334 1116,2334 1205,2334 1295,2334 1384,2328 1474,2316 1564,2322 1653,2322 1743,2316 1832,2316 1922,2310 2011,2316 2101,2310 2190,2310 2280,2310 2369,2310 2459,2310 2549,2316 2638,2316 2728,2316 2817,2322 2907,2322 2996,2328 3086,2340 3175,2346"/>
                <TextEquiv>
                    <Unicode>belbte sei, de viehren blau kler</Unicode>
                </TextEquiv>
            </TextLine>
            <TextLine id="tr_1_tl_27" custom="readingOrder {index:26;}">
                <Coords points="3737,2359 4804,2349 5682,2502 5912,2419 6072,2519 6299,2459 6296,2375 5878,2282 5575,2342 4367,2175 3733,2242"/>
                <Baseline points="3754,2328 3844,2328 3934,2328 4023,2322 4113,2322 4202,2322 4292,2328 4381,2322 4471,2328 4560,2322 4650,2328 4739,2334 4829,2340 4918,2346 5008,2358 5098,2369 5187,2375 5277,2381 5366,2387 5456,2387 5545,2399 5635,2399 5724,2405 5814,2411 5903,2411 5993,2417 6083,2423 6172,2429 6262,2435 6303,2435"/>
                <TextEquiv>
                    <Unicode>me stelll dis Cquill done si noedt...</Unicode>
                </TextEquiv>
            </TextLine>
            <TextLine id="tr_1_tl_28" custom="readingOrder {index:27;}">
                <Coords points="921,2489 1058,2452 1118,2482 1224,2465 1278,2512 1378,2435 1588,2486 1762,2442 1855,2489 1892,2472 1895,2379 1538,2405 1491,2372 1421,2412 1318,2355 1194,2409 1118,2372 1034,2402 924,2379"/>
                <Baseline points="943,2453 1008,2453 1098,2453 1187,2453 1277,2441 1367,2435 1456,2441 1546,2441 1635,2441 1725,2441 1814,2441 1904,2435"/>
                <TextEquiv>
                    <Unicode>mitwess. Auf d Ros</Unicode>
                </TextEquiv>
            </TextLine>
            <TextLine id="tr_1_tl_29" custom="readingOrder {index:28;}">
                <Coords points="3733,2566 5695,2602 6129,2749 6399,2722 6392,2516 5468,2562 4547,2402 4374,2482 4120,2365 3730,2499"/>
                <Baseline points="3748,2531 3838,2537 3928,2543 4017,2549 4107,2543 4196,2549 4286,2549 4375,2555 4465,2555 4554,2555 4644,2560 4733,2566 4823,2566 4913,2572 5002,2578 5092,2578 5181,2584 5271,2590 5360,2596 5450,2596 5539,2596 5629,2602 5718,2602 5808,2614 5898,2614 5987,2614 6077,2632 6166,2638 6256,2650 6345,2662 6405,2656"/>
                <TextEquiv>
                    <Unicode>nach die Startel, der u. Hotel geherst</Unicode>
                </TextEquiv>
            </TextLine>
            <TextLine id="tr_1_tl_30" custom="readingOrder {index:29;}">
                <Coords points="657,2612 1248,2552 1595,2659 1962,2589 2699,2636 3046,2582 3046,2419 2762,2465 2609,2389 2409,2492 1948,2512 1381,2432 1251,2526 657,2442"/>
                <Baseline points="674,2549 764,2549 853,2555 943,2555 1032,2555 1122,2555 1211,2555 1301,2555 1390,2555 1480,2549 1570,2543 1659,2549 1749,2555 1838,2549 1928,2549 2017,2549 2107,2549 2196,2549 2286,2543 2375,2537 2465,2537 2555,2537 2644,2537 2734,2537 2823,2537 2913,2549 3002,2549 3056,2555"/>
                <TextEquiv>
                    <Unicode>pont.. Z. &amp; bei u eine Hertteil,</Unicode>
                </TextEquiv>
            </TextLine>
            <TextLine id="tr_1_tl_31" custom="readingOrder {index:30;}">
                <Coords points="3703,2769 5118,2903 5405,2812 5915,2973 6386,2983 6369,2702 5965,2799 5765,2699 5612,2786 4731,2652 4504,2749 3690,2562"/>
                <Baseline points="3719,2746 3808,2763 3898,2763 3987,2763 4077,2769 4166,2775 4256,2775 4345,2775 4435,2781 4524,2787 4614,2787 4704,2793 4793,2793 4883,2799 4972,2799 5062,2799 5151,2805 5241,2805 5330,2811 5420,2817 5509,2823 5599,2829 5689,2841 5778,2853 5868,2865 5957,2877 6047,2889 6136,2901 6226,2919 6315,2931 6387,2937"/>
                <TextEquiv>
                    <Unicode>Sei jetzt ein Bevorgages und trothefalle.</Unicode>
                </TextEquiv>
            </TextLine>
            <TextLine id="tr_1_tl_32" custom="readingOrder {index:31;}">
                <Coords points="607,2832 3256,2899 3253,2676 2896,2632 1448,2749 1088,2649 604,2699"/>
                <Baseline points="626,2787 716,2787 805,2787 895,2787 984,2781 1074,2781 1164,2775 1253,2781 1343,2775 1432,2781 1522,2793 1611,2787 1701,2793 1790,2793 1880,2793 1969,2793 2059,2793 2149,2793 2238,2799 2328,2799 2417,2793 2507,2793 2596,2793 2686,2787 2775,2793 2865,2799 2954,2811 3044,2817 3134,2835 3223,2853 3265,2859"/>
                <TextEquiv>
                    <Unicode>will jong morin, els na Terret</Unicode>
                </TextEquiv>
            </TextLine>
            <TextLine id="tr_1_tl_33" custom="readingOrder {index:32;}">
                <Coords points="3740,3063 6005,3103 6249,3083 6272,2989 5325,2886 5008,2986 4257,2796 3733,2869"/>
                <Baseline points="3754,2978 3844,2990 3934,2996 4023,3002 4113,3002 4202,3002 4292,3008 4381,3008 4471,3014 4560,3020 4650,3026 4739,3026 4829,3032 4918,3026 5008,3032 5098,3032 5187,3026 5277,3020 5366,3020 5456,3026 5545,3038 5635,3044 5724,3056 5814,3062 5903,3062 5993,3068 6083,3074 6172,3068 6262,3074 6280,3068"/>
                <TextEquiv>
                    <Unicode>Et tot il léquitt ai : du cahil il..</Unicode>
                </TextEquiv>
            </TextLine>
            <TextLine id="tr_1_tl_34" custom="readingOrder {index:33;}">
                <Coords points="607,3106 1284,3029 2165,3136 2969,3096 3109,3176 3106,2966 3026,2933 1231,2979 784,2836 604,2883"/>
                <Baseline points="626,3032 716,3032 805,3032 895,3032 984,3032 1074,3032 1164,3026 1253,3026 1343,3026 1432,3026 1522,3032 1611,3032 1701,3038 1790,3038 1880,3038 1969,3038 2059,3044 2149,3050 2238,3050 2328,3050 2417,3044 2507,3044 2596,3050 2686,3050 2775,3056 2865,3068 2954,3074 3044,3080 3110,3086"/>
                <TextEquiv>
                    <Unicode>Ont- mit heubtagen.</Unicode>
                </TextEquiv>
            </TextLine>
            <TextLine id="tr_1_tl_35" custom="readingOrder {index:34;}">
                <Coords points="3660,3229 4507,3263 4727,3353 6189,3330 6185,3260 5675,3143 3657,3133"/>
                <Baseline points="3677,3205 3766,3211 3856,3211 3945,3217 4035,3223 4125,3223 4214,3229 4304,3235 4393,3241 4483,3253 4572,3259 4662,3265 4751,3271 4841,3277 4930,3277 5020,3277 5110,3283 5199,3283 5289,3283 5378,3283 5468,3283 5557,3283 5647,3289 5736,3295 5826,3301 5915,3301 6005,3313 6095,3313 6184,3331 6196,3331"/>
                <TextEquiv>
                    <Unicode>nicht an eis einige lieben —</Unicode>
                </TextEquiv>
            </TextLine>
            <TextLine id="tr_1_tl_36" custom="readingOrder {index:35;}">
                <Coords points="651,3260 1001,3343 1248,3260 2499,3340 2899,3266 2899,3186 2359,3223 1872,3049 1698,3176 1158,3093 647,3149"/>
                <Baseline points="668,3235 758,3241 847,3253 937,3259 1026,3259 1116,3253 1205,3253 1295,3253 1384,3253 1474,3253 1564,3253 1653,3247 1743,3247 1832,3253 1922,3259 2011,3265 2101,3265 2190,3271 2280,3271 2369,3271 2459,3271 2549,3265 2638,3259 2728,3253 2817,3247 2907,3241"/>
                <TextEquiv>
                    <Unicode>Kopf wenn „ Verlohn“</Unicode>
                </TextEquiv>
            </TextLine>
            <TextLine id="tr_1_tl_37" custom="readingOrder {index:36;}">
                <Coords points="3710,3450 6222,3603 6155,3376 4591,3423 4130,3250 3700,3303"/>
                <Baseline points="3725,3420 3814,3426 3904,3432 3993,3438 4083,3438 4172,3438 4262,3444 4351,3444 4441,3456 4530,3468 4620,3474 4710,3480 4799,3486 4889,3498 4978,3504 5068,3504 5157,3504 5247,3510 5336,3504 5426,3504 5515,3510 5605,3510 5695,3516 5784,3516 5874,3528 5963,3540 6053,3545 6142,3551 6226,3557"/>
                <TextEquiv>
                    <Unicode>Aul as da je bordent de trusche</Unicode>
                </TextEquiv>
            </TextLine>
            <TextLine id="tr_1_tl_38" custom="readingOrder {index:37;}">
                <Coords points="711,3440 1221,3496 1988,3450 2195,3523 2195,3356 2109,3320 1842,3373 1778,3330 1641,3396 867,3313 711,3366"/>
                <Baseline points="728,3432 817,3444 907,3450 996,3450 1086,3444 1176,3444 1265,3438 1355,3444 1444,3444 1534,3450 1623,3444 1713,3444 1802,3438 1892,3438 1981,3444 2071,3444 2161,3456 2202,3456"/>
                <TextEquiv>
                    <Unicode>Sehr nicht habe sünd,</Unicode>
                </TextEquiv>
            </TextLine>
            <TextLine id="tr_1_tl_39" custom="readingOrder {index:38;}">
                <Coords points="4150,3576 4170,3580 4194,3566 4210,3570 4264,3616 4300,3596 4324,3600 4320,3466 4294,3460 4267,3480 4257,3470 4240,3483 4227,3476 4200,3500 4147,3486"/>
                <Baseline points="4166,3545 4256,3557 4333,3551"/>
                <TextEquiv>
                    <Unicode>u</Unicode>
                </TextEquiv>
            </TextLine>
            <TextLine id="tr_1_tl_40" custom="readingOrder {index:39;}">
                <Coords points="741,3596 1201,3687 3113,3616 3113,3510 3003,3460 2799,3556 2239,3453 741,3506"/>
                <Baseline points="758,3587 847,3611 937,3605 1026,3611 1116,3617 1205,3617 1295,3617 1384,3605 1474,3605 1564,3605 1653,3605 1743,3605 1832,3605 1922,3611 2011,3611 2101,3617 2190,3617 2280,3617 2369,3611 2459,3605 2549,3599 2638,3605 2728,3599 2817,3599 2907,3593 2996,3599 3086,3599 3122,3599"/>
                <TextEquiv>
                    <Unicode>See nabe sehr tätig haben Sie the..  H</Unicode>
                </TextEquiv>
            </TextLine>
            <TextLine id="tr_1_tl_41" custom="readingOrder {index:40;}">
                <Coords points="3707,3830 4180,3743 6285,3817 6275,3600 5788,3516 5335,3523 5011,3663 4691,3536 4377,3637 3983,3460 3690,3496"/>
                <Baseline points="3719,3653 3808,3653 3898,3659 3987,3659 4077,3659 4166,3665 4256,3665 4345,3671 4435,3677 4524,3683 4614,3695 4704,3701 4793,3707 4883,3707 4972,3707 5062,3713 5151,3713 5241,3719 5330,3725 5420,3725 5509,3725 5599,3731 5689,3731 5778,3737 5868,3742 5957,3748 6047,3754 6136,3766 6226,3778 6292,3784"/>
                <TextEquiv>
                    <Unicode>kist crven ne he is it you from a We</Unicode>
                </TextEquiv>
            </TextLine>
            <TextLine id="tr_1_tl_42" custom="readingOrder {index:41;}">
                <Coords points="677,3807 1124,3920 1655,3807 3076,3827 3079,3743 2482,3633 2152,3757 1661,3623 1168,3710 681,3630"/>
                <Baseline points="698,3772 787,3784 877,3784 967,3796 1056,3808 1146,3808 1235,3808 1325,3808 1414,3802 1504,3802 1593,3802 1683,3796 1772,3790 1862,3796 1952,3796 2041,3802 2131,3802 2220,3808 2310,3802 2399,3790 2489,3784 2578,3784 2668,3784 2757,3784 2847,3784 2937,3784 3026,3790 3086,3790"/>
                <TextEquiv>
                    <Unicode>up rgtesie.  Hal mich ja will jurent</Unicode>
                </TextEquiv>
            </TextLine>
            <TextLine id="tr_1_tl_43" custom="readingOrder {index:42;}">
                <Coords points="2429,3977 2586,3993 2666,3943 2786,3913 3003,3967 2996,3873 2899,3853 2839,3807 2802,3837 2716,3850 2612,3793 2569,3817 2489,3803 2449,3843 2419,3837"/>
                <Baseline points="2441,3880 2531,3886 2620,3892 2710,3898 2799,3904 2889,3910 2978,3916 3008,3922"/>
                <TextEquiv>
                    <Unicode>Beaue</Unicode>
                </TextEquiv>
            </TextLine>
        </TextRegion>
    </Page>
</PcGts>
