6712 4424
5653 150 5870 353 "
6163 203 6383 391 95
3081 311 3319 496 1st
3546 314 5995 573 inter die furde - xxx
360 381 2708 723 106 x die Gevorben de
6002 465 6271 720 105
3497 545 6278 901 eine weglicherte Handbewegen
601 653 3036 922 Covril... ist nach i uner in
4213 776 5237 940 by oubhil making
3609 832 6240 1087 de begrife veutil, ségle ce me de Heux
556 887 3144 1156 die St forstelt... She...daiis
4654 975 4993 1184 or
3497 1052 6198 1300 die so vleurs auf ihre tolter, cen solst
538 1038 3088 1307 ken in winten. W. den Coninl
2425 1202 2833 1432 neral
3536 1188 6121 1579 Schrift, da weit allen Berichtum.
576 1282 3081 1558 gengt hette - ive eine Beleur
3585 1453 6369 1771 der in den was aonstellt... der xxx
503 1527 2980 1824 fr eie komme eine mit
4573 1597 6275 1792 un dîner conseil M.S.
3501 1691 6006 1970 and been it is in
454 1694 2987 2075 [illegible] - in
5653 1813 5922 1943 ter
3550 1848 6366 2250 selbst.. nie wegleiterweis inbragt –
524 2023 2931 2348 Hollt hilf (men) is it day our
3539 2072 6271 2414 in he bitt dito könne.... Es in
5104 2278 5513 2470 ste h
507 2250 2896 2543 halten... Noch Erwer nicht
3578 2250 6139 2725 we will behouent...  ye
538 2536 2833 2788 möglich da... in fort tiegel
3592 2578 6041 2942 It is not with beken. - Aber
510 2746 3012 3029 se lassez. un jeune conte du
3585 2858 6062 3256 but the treale ist ybrb in
423 3015 2886 3399 erhof wachte.... Ich ernstell
3766 3123 6477 3487 in mehr schon Vorwurf zu warten.
573 3260 2781 3578 Heu komt. wen kemen. Il
3623 3270 6428 3675 du ist avoir collegue de Scidie.
702 3511 2578 3843 fla. Greis. onder Miel,
3644 3543 6166 3997 Auch Ihre Brüse in eine ganz
832 3735 3081 4028 Coss'n..... to Cron bitt un
3686 3745 6282 4123 Heurit me Sie mais il est un peuilage
