6792 4344
6116 151 6393 346 (08)
3546 155 5838 501 I have been be eiflgt:-
296 296 627 519 1st
692 396 915 569 20
3600 378 6245 641 Es geles ist, das ein in wen feschaf
328 476 2667 778 seopoldi; - d die nul in e tum
3568 580 5997 850 Neu reell Begriff & andre Erben
386 710 2847 919 den, ob wieder Hintweilst;
3535 789 6119 1052 ein inée in dei uberlangt.
404 919 2422 1171 in uant. met de Huf d do
3586 995 5892 1283 I am... cidie tragh
523 1081 3092 1355 ad rjut oost un bon tout
3625 1153 6065 1423 quatt ce... Sie crochel al.. in deux
414 1261 2778 1571 deh, und ein. Zwei Theil
1939 1460 2306 1582 ul
3586 1391 6195 1632 Aoÿ.. verclind erge Art with. Aber... ol
483 1528 2887 1741 Staat er Te Heil auf de Nett
3607 1672 5953 1888 in it willnten etir in ihm.
490 1751 3124 1993 soll) flei, flei lieb.
3561 1827 6458 2137 crot coll... uit... uitire uit u je ets
533 1917 2825 2220 Enll laill in bein it je ihr
3625 2029 5928 2368 Au-walle. con
465 2155 2764 2404 lichkeit.  4.  sämt.
3615 2303 6047 2587 e dirig p iven, ob in gla-kleit ist
548 2371 2721 2613 niger in der Teil, als wie
3856 2544 6213 2782 Frei ist u. verloren er mein abhoren.
494 2537 2750 2858 at auf Sopha; - u/ wir
3625 2721 6058 2988 - ue en trou.......  Ee wenn kütiger..  4,
515 2778 2645 3060 nunst nul; - w we will je
3697 2962 6058 3247 at aburellid n de cinq.
584 2988 2649 3279 druglich - is fort wie of.
3705 3189 5982 3434 I have in a lea a die kath... Sie
533 3215 2804 3442 d' weir d Chur... aller
3690 3351 5943 3654 is in which...  Sir less it in her
569 3431 2350 3683 1 Ne oubres... Beain.
4890 3550 5143 3658 in
3683 3550 6011 3824 perch & farcle in, ohne si ere
2303 3586 2757 3780 ment
721 3640 2818 3957 sagh are in... Ich trifg er von
3780 3766 5694 4004 Widebor und ganz an sind,
