3496 4232
2164 192 2330 304 n
2851 619 3040 829 144
722 814 3031 1006 flüchtig nach ihm um. Da hörte er die Stimme
740 961 3040 1141 Leopoldinens hinter der Türe: -Wer?-Hab keine
722 1138 3093 1303 Zeit." - Wie, hatte er recht gehört? Eine klei¬
722 1253 3008 1492 ne Pause und dann, noch lauter: „Bin nicht zu
728 1430 1289 1654 sprechen“.
1297 1589 3040 1808 Das Mädchen kam heraus, Willi Kas-
719 1743 2937 1931 da liess sie xxxxdengar nicht reden und
737 1905 3081 2082 begann sofort wieder etwas schmetternd: „Bitte
737 2043 3084 2220 sagen Sie der gnädigen Frau,es ist sehr drin-
743 2209 2961 2403 gend. Ich werde sie gewiss nicht länger auf
719 2374 1943 2562 halten als eine Minute
1295 2512 3108 2707 Der schreiber wandte sich nach h m
743 2639 2840 2854 um.Willi pfiff leise durch die Zähne,das
752 2810 2978 3014 Mädchen war hinter der Tür verschwunden und
737 2987 3093 3149 gleich weder hörte Willi Leopoldinens Stimme:
746 3123 2884 3335 „Haben sie mich nicht verstanden? Ich hab
737 3279 2846 3477 keine Zeit, bin nicht zu sprechen. Ich bin
734 3447 2981 3642 für den Hern Leutnant Kasda überhaupt nicht
737 3603 3102 3804 zu sprechen. Ich verbiete mir ein für alle Mal
1050 3727 1421 3869 Bile
