6856 4312
6048 35 6334 283 201
6224 251 6433 463 17
2907 307 3197 502 112
3649 286 6369 604 Stunde. (his in bestiligende City
329 424 3052 767 Aber ei ca Uhr überzeugt, daß sie it.
3596 526 6358 894 Ai Frim Robert Leendt mit ein erfahren,
406 685 2943 986 feit u feicille fehalt hatt; - der¬
3532 724 6369 1060 s'a in dure harte zeil.  überfel il et hui
343 940 2992 1240 ohne es mer.; eine bewendene habe ich,
3561 971 6164 1296 Troull.daß ne in Cen, unt jurel.
382 1176 2752 1427 ne nubt ciel beur zuver u. is.
3593 1240 6242 1519 oder wie sie auf nicht u geben ist
332 1434 3070 1671 Neu 1 - - -    in-n.o. beio-ci, h
3646 1523 6362 1816 in; met even and name-wokal;.. aber.
438 1628 3059 1964 Man C gewesen...
3589 1724 6362 2028 - eine bal hielte. I
417 1844 3112 2148 [illegible] to vell in the 10th p.r
3564 1957 6284 2247 t a fittet in d Han, auf den in
452 2095 2985 2370 ni ciel wilt monde habei... ifs:
3540 2172 6245 2519 beambel Hons deutlut i lest
413 2300 3140 2621 Ce ihr " ja weil welch als
3575 2508 6306 2787 das... Sept. Leip.... (vers. (talfold
459 2596 3172 2847 me jode huwile in cl
4723 2635 5263 2794 or Byin
3589 2671 6404 3112 (26 Sept.)   ,  Kastyane. 24.
438 2798 3271 3105 Hauerlief. in uns zu erschienen.
3589 2932 6168 3349 in Ergeb. an in der kann in Wien, die er
420 3077 3059 3381 it. I will say I suff it how
3585 3112 6115 3501 6 t Jul., Million.., die kan mit
5016 3402 5716 3607 pennem -
445 3469 1169 3709 me....
3624 3384 5963 3723 C.Nelandt... .  kntgen. d
3621 3621 5988 3879 even which in mncep-lind
735 3596 3222 3946 MrLeh der Erdenmeit lntalb
3752 3872 6136 4133 voir abord, il si mais, en
