3368 4216
2507 467 2683 689 141
1592 417 1876 668 27
488 615 2794 862 gegensah.entgegenlachte.Er fuhr sich mit dem
485 838 2924 998 Kamm durch das Haar, gab seiner in der Mitte ge-
485 971 2927 1178 scheiteltamarisur eine letzte Glätte,setzte die
2386 1073 2668 1175 moran
492 1162 2692 1323 Kappe auf - er musste sich doch eine höhere
495 1249 2977 1453 kaufen - und verliess das Zimmer. Dann rasch die
488 1428 2906 1589 Treppe hinunter, durch den Hof. (Mochte ihm auch
492 1604 2838 1790 irgendwar begegnen und wär's auch ein höherer
498 1750 2742 1913 Offizier seines Regiments - er war ja marod
495 1901 2696 2068 gemeldet. Augenarzt und so weiter. Aber er
485 2046 2788 2226 traf niemanden, der in Betracht kam.Es war ja
482 2201 2640 2414 alles ausgerückt oder hatte Dienst.Nun am
1845 2309 2093 2408 hinaus
492 2352 2869 2541 Posten vorbei und - (ertrat) auf die Strasse hi-
485 2522 2757 2733 naus. Tramway oder Fiaker? Dumm, dass er den
2257 2612 2615 2711 Bogne
482 2680 2785 2866 Tausender den Hinterbliebenen von Dobner ge-
488 2810 2890 2989 schickt hatte, die ihm doch nicht das Geringste
476 2952 2862 3165 angingen. Aber, immerhin er hätte sich noch ei-
485 3122 2931 3311 nen Fiaker leisten können, umso mehr als es ganz
488 3308 2699 3509 darnach aussah, als wenn seine Verhältnisse
498 3441 2927 3648 sich auf dem Wege einer entschiedenen Besserung
492 3598 2934 3740 befänden. Wieso denn? Was war das? Pfui Teufel,
