<?xml version="1.0" encoding="UTF-8" standalone="yes"?>
<PcGts xmlns="http://schema.primaresearch.org/PAGE/gts/pagecontent/2013-07-15" xmlns:xsi="http://www.w3.org/2001/XMLSchema-instance" xsi:schemaLocation="http://schema.primaresearch.org/PAGE/gts/pagecontent/2013-07-15 http://schema.primaresearch.org/PAGE/gts/pagecontent/2013-07-15/pagecontent.xsd">
    <Metadata>
        <Creator>prov=READ-COOP:name=TrHtr:version=2.1.0:model_id=51170:date=15_08_2023_00:17</Creator>
        <Created>2023-05-10T14:46:31.243+02:00</Created>
        <LastChange>2023-08-15T00:17:54.003+02:00</LastChange>
        <TranskribusMetadata docId="1428675" pageId="55426523" pageNr="199" tsid="132832044" status="IN_PROGRESS" userId="64420" imgUrl="https://files.transkribus.eu/Get?id=JQDWRLAVYOBFMRWWETAJCIYU&amp;fileType=view" xmlUrl="https://files.transkribus.eu/Get?id=UWHSBYETFXZHPMZHEHKRBGFM" imageId="44700600"/>
    </Metadata>
    <Page imageFilename="1428675_0199.jpg" imageWidth="3304" imageHeight="3992">
        <ReadingOrder>
            <OrderedGroup id="ro_1711813313452" caption="Regions reading order">
                <RegionRefIndexed index="0" regionRef="tr_1"/>
                <RegionRefIndexed index="1" regionRef="tr_2"/>
            </OrderedGroup>
        </ReadingOrder>
        <TextRegion id="tr_1" custom="readingOrder {index:0;}">
            <Coords points="519,412 3090,412 3090,1946 519,1946"/>
            <TextLine id="tr_1_tl_1" custom="readingOrder {index:0;}">
                <Coords points="2402,474 2431,468 2492,520 2506,508 2538,523 2561,511 2576,520 2599,497 2619,497 2622,381 2602,378 2590,390 2570,381 2524,396 2515,387 2503,393 2475,372 2405,372"/>
                <Baseline points="2419,465 2446,471 2491,468 2536,465 2580,462 2625,462"/>
                <TextEquiv>
                    <Unicode>183</Unicode>
                </TextEquiv>
            </TextLine>
            <TextLine id="tr_1_tl_2" custom="readingOrder {index:1;}">
                <Coords points="803,731 1279,696 1467,762 2004,684 2013,494 1790,488 1591,554 1458,514 1256,572 1083,537 808,609"/>
                <Baseline points="820,716 847,713 892,707 936,707 981,704 1026,701 1071,701 1115,695 1160,695 1205,692 1250,692 1294,689 1339,689 1384,686 1429,680 1473,680 1518,677 1563,674 1608,671 1652,668 1697,668 1742,662 1787,662 1831,659 1876,662 1921,659 1966,656 2010,662"/>
                <TextEquiv>
                    <Unicode>„Nicht dass ich wüsste.</Unicode>
                </TextEquiv>
            </TextLine>
            <TextLine id="tr_1_tl_3" custom="readingOrder {index:2;}">
                <Coords points="820,886 1097,869 1184,927 1377,840 2599,817 2685,788 2694,679 2151,736 1761,696 1331,780 1040,710 826,754"/>
                <Baseline points="835,862 859,865 904,859 948,856 993,853 1038,853 1083,850 1127,850 1172,850 1217,847 1262,844 1306,841 1351,841 1396,835 1441,832 1485,832 1530,829 1575,826 1620,823 1664,823 1709,820 1754,814 1799,811 1843,808 1888,808 1933,805 1978,805 2022,802 2067,802 2112,799 2157,796 2201,793 2246,790 2291,784 2336,784 2380,778 2425,778 2470,775 2515,772 2559,769 2604,769 2649,766 2694,760"/>
                <TextEquiv>
                    <Unicode>„Sewiss.Sie haben Ihren Abschied ein-</Unicode>
                </TextEquiv>
            </TextLine>
            <TextLine id="tr_1_tl_4" custom="readingOrder {index:3;}">
                <Coords points="502,1071 2567,944 2645,921 2654,803 2128,895 1964,834 1666,915 508,959"/>
                <Baseline points="519,1041 548,1041 593,1035 638,1029 683,1026 727,1023 772,1020 817,1017 862,1017 907,1017 951,1014 996,1011 1041,1008 1086,1005 1130,1005 1175,999 1220,999 1265,996 1309,996 1354,993 1399,987 1444,984 1488,984 1533,981 1578,978 1623,975 1667,972 1712,969 1757,969 1802,969 1846,966 1891,963 1936,963 1981,963 2025,960 2070,960 2115,957 2160,954 2204,951 2249,945 2294,939 2339,936 2383,936 2428,933 2473,930 2518,930 2562,927 2607,921 2652,921"/>
                <TextEquiv>
                    <Unicode>gereicht. Das war die Bedingung.Haben ihn</Unicode>
                </TextEquiv>
            </TextLine>
            <TextLine id="tr_1_tl_5" custom="readingOrder {index:4;}">
                <Coords points="2538,1227 2561,1236 2573,1230 2599,1247 2639,1239 2648,1057 2631,1054 2622,1063 2610,1063 2593,1045 2567,1068 2547,1068"/>
                <Baseline points="2561,1134 2610,1127 2652,1130"/>
                <TextEquiv>
                    <Unicode>P.</Unicode>
                </TextEquiv>
            </TextLine>
            <TextLine id="tr_1_tl_6" custom="readingOrder {index:5;}">
                <Coords points="508,1213 1091,1167 1611,1184 1683,1152 1689,1016 1504,993 1343,1100 1161,1077 1037,1115 936,1074 736,1123 514,1083"/>
                <Baseline points="525,1187 528,1184 572,1184 617,1181 662,1178 707,1175 751,1172 796,1172 841,1172 886,1169 930,1166 975,1166 1020,1160 1065,1160 1109,1160 1154,1154 1199,1154 1244,1151 1288,1148 1333,1145 1378,1145 1423,1142 1467,1139 1512,1136 1557,1133 1602,1130 1646,1130 1691,1133"/>
                <TextEquiv>
                    <Unicode>dreiwillig eingereicht.</Unicode>
                </TextEquiv>
            </TextLine>
            <TextLine id="tr_1_tl_7" custom="readingOrder {index:6;}">
                <Coords points="2183,1291 2252,1265 2316,1294 2356,1276 2428,1311 2495,1285 2553,1305 2610,1273 2636,1294 2714,1273 2711,1221 2555,1242 2469,1175 2394,1221 2327,1178 2304,1190 2258,1167 2180,1195"/>
                <Baseline points="2198,1262 2243,1262 2288,1265 2333,1270 2377,1273 2422,1270 2467,1270 2512,1270 2556,1276 2595,1270 2604,1273 2628,1273 2673,1268 2718,1265"/>
                <TextEquiv>
                    <Unicode>Sie schon...</Unicode>
                </TextEquiv>
            </TextLine>
            <TextLine id="tr_1_tl_8" custom="readingOrder {index:7;}">
                <Coords points="875,1331 941,1351 1204,1311 1305,1308 1346,1328 1372,1302 1409,1308 1415,1172 1317,1169 1221,1201 1141,1175 912,1224 881,1207"/>
                <Baseline points="895,1318 924,1315 969,1312 1014,1309 1059,1309 1103,1309 1148,1303 1193,1306 1238,1306 1282,1300 1327,1297 1372,1294 1417,1291"/>
                <TextEquiv>
                    <Unicode>„Wer also?</Unicode>
                </TextEquiv>
            </TextLine>
            <TextLine id="tr_1_tl_9" custom="readingOrder {index:8;}">
                <Coords points="863,1504 1946,1473 2235,1398 2527,1447 2708,1426 2772,1337 2674,1282 2001,1305 869,1415"/>
                <Baseline points="883,1464 898,1464 942,1461 987,1458 1032,1458 1077,1455 1121,1452 1166,1452 1211,1450 1256,1450 1300,1447 1345,1447 1390,1444 1435,1441 1479,1438 1524,1435 1569,1429 1614,1429 1658,1426 1703,1426 1748,1423 1793,1423 1837,1417 1882,1414 1927,1411 1972,1408 2016,1405 2061,1405 2106,1402 2151,1399 2195,1399 2240,1399 2285,1396 2330,1393 2374,1390 2419,1390 2464,1387 2509,1384 2553,1384 2598,1381 2643,1378 2688,1375 2732,1372 2777,1375"/>
                <TextEquiv>
                    <Unicode>Der Konspl reichte ihmein Papier hin.</Unicode>
                </TextEquiv>
            </TextLine>
            <TextLine id="tr_1_tl_10" custom="readingOrder {index:9;}">
                <Coords points="508,1640 2708,1585 2717,1418 514,1577"/>
                <Baseline points="528,1634 569,1629 614,1632 659,1629 704,1629 748,1626 793,1623 838,1623 883,1620 927,1617 972,1614 1017,1614 1062,1611 1106,1608 1151,1608 1196,1605 1241,1602 1285,1602 1330,1599 1375,1596 1420,1593 1464,1590 1509,1590 1554,1584 1599,1584 1643,1581 1688,1578 1733,1575 1778,1572 1822,1572 1867,1569 1912,1566 1957,1563 2001,1560 2046,1557 2091,1554 2136,1554 2180,1551 2225,1551 2270,1548 2315,1545 2359,1542 2404,1539 2449,1536 2494,1536 2539,1530 2583,1530 2628,1527 2673,1524 2718,1521"/>
                <TextEquiv>
                    <Unicode>Es war ein Schuldschein auf elftausend Gul</Unicode>
                </TextEquiv>
            </TextLine>
            <TextLine id="tr_1_tl_11" custom="readingOrder {index:10;}">
                <Coords points="2729,1692 2784,1709 2827,1689 2890,1715 2937,1712 2965,1730 3000,1718 3009,1571 2968,1577 2957,1565 2937,1579 2919,1556 2879,1556 2830,1522 2737,1533"/>
                <Baseline points="2744,1682 2786,1682 2831,1679 2876,1676 2920,1673 2965,1670 3010,1667"/>
                <TextEquiv>
                    <Unicode>be a</Unicode>
                </TextEquiv>
            </TextLine>
            <TextLine id="tr_1_tl_12" custom="readingOrder {index:11;}">
                <Coords points="520,1805 774,1845 1418,1750 1603,1805 1860,1730 2605,1718 2625,1655 2039,1585 523,1738"/>
                <Baseline points="537,1784 572,1784 617,1784 662,1784 707,1784 751,1781 796,1781 841,1775 886,1775 930,1769 975,1766 1020,1763 1065,1763 1109,1760 1154,1757 1199,1757 1244,1751 1288,1751 1333,1748 1378,1745 1423,1742 1467,1742 1512,1739 1557,1739 1602,1736 1646,1733 1691,1730 1736,1730 1781,1727 1825,1724 1870,1721 1915,1715 1960,1715 2004,1712 2049,1712 2094,1706 2139,1703 2183,1703 2228,1703 2273,1700 2318,1697 2362,1694 2407,1694 2452,1691 2497,1688 2541,1685 2586,1685 2631,1688"/>
                <TextEquiv>
                    <Unicode>den,unterschrieben von Robert Wilram.</Unicode>
                </TextEquiv>
            </TextLine>
            <TextLine id="tr_1_tl_13" custom="readingOrder {index:12;}">
                <Coords points="2749,1834 2792,1816 2841,1819 2916,1862 2974,1822 3035,1848 3038,1707 2991,1712 2960,1732 2873,1738 2821,1698 2752,1704"/>
                <Baseline points="2768,1799 2774,1799 2819,1802 2864,1805 2908,1802 2953,1799 2998,1796 3043,1796"/>
                <TextEquiv>
                    <Unicode>Uulle</Unicode>
                </TextEquiv>
            </TextLine>
            <TextLine id="tr_1_tl_14" custom="readingOrder {index:13;}">
                <Coords points="895,1958 2680,1860 2717,1735 1161,1862 901,1822"/>
                <Baseline points="915,1921 927,1918 972,1918 1017,1918 1062,1915 1106,1915 1151,1912 1196,1909 1241,1906 1285,1906 1330,1903 1375,1903 1420,1897 1464,1897 1509,1894 1554,1894 1599,1888 1643,1888 1688,1885 1733,1882 1778,1879 1822,1876 1867,1873 1912,1870 1957,1870 2001,1864 2046,1864 2091,1861 2136,1858 2180,1855 2225,1855 2270,1852 2315,1849 2359,1846 2404,1843 2449,1840 2494,1840 2539,1837 2583,1834 2628,1831 2673,1828 2718,1828"/>
                <TextEquiv>
                    <Unicode>„Was soll das bedeuten? Wie konnten</Unicode>
                </TextEquiv>
            </TextLine>
            <TextLine id="tr_1_tl_15" custom="readingOrder {index:14;}">
                <Coords points="2752,1964 2838,2001 2862,1995 2919,2039 2960,2033 2977,2053 3023,2041 3075,2018 3093,1819 3049,1822 2989,1860 2942,1839 2913,1862 2882,1831 2827,1816 2763,1828"/>
                <Baseline points="2771,1933 2777,1936 2822,1933 2867,1930 2911,1930 2956,1921 3001,1918 3046,1912 3090,1915"/>
                <TextEquiv>
                    <Unicode>algelegt</Unicode>
                </TextEquiv>
            </TextLine>
        </TextRegion>
        <TextRegion id="tr_2" custom="readingOrder {index:1;}">
            <Coords points="548,1937 2911,1937 2911,3491 548,3491"/>
            <TextLine id="tr_2_tl_1" custom="readingOrder {index:0;}">
                <Coords points="531,2108 2298,2073 2610,2039 2668,1909 1958,1966 1715,1897 1377,1987 534,2024"/>
                <Baseline points="548,2103 569,2103 614,2094 659,2091 704,2085 748,2082 793,2082 838,2079 883,2076 927,2076 972,2073 1017,2070 1062,2067 1106,2067 1151,2067 1196,2064 1241,2061 1285,2058 1330,2055 1375,2052 1420,2049 1464,2049 1509,2043 1554,2043 1599,2040 1643,2040 1688,2037 1733,2034 1778,2031 1822,2031 1867,2028 1912,2025 1957,2022 2001,2019 2046,2016 2091,2016 2136,2013 2180,2010 2225,2007 2270,2004 2315,2001 2359,1996 2404,1996 2449,1996 2494,1993 2539,1993 2583,1990 2628,1987 2673,1987"/>
                <TextEquiv>
                    <Unicode>gie sich entschliessen.Herr Konsul? Woher</Unicode>
                </TextEquiv>
            </TextLine>
            <TextLine id="tr_2_tl_2" custom="readingOrder {index:1;}">
                <Coords points="546,2258 2475,2206 2772,2174 2778,2073 552,2148"/>
                <Baseline points="563,2246 587,2246 632,2243 677,2240 722,2240 766,2234 811,2231 856,2228 901,2228 945,2228 990,2228 1035,2225 1080,2222 1124,2219 1169,2219 1214,2216 1259,2213 1303,2210 1348,2207 1393,2207 1438,2204 1482,2201 1527,2198 1572,2198 1617,2192 1661,2192 1706,2189 1751,2189 1796,2186 1840,2183 1885,2180 1930,2177 1975,2175 2019,2172 2064,2169 2109,2169 2154,2166 2198,2163 2243,2160 2288,2160 2333,2157 2377,2151 2422,2151 2467,2148 2512,2145 2556,2142 2601,2142 2646,2139 2691,2136 2735,2133 2780,2133"/>
                <TextEquiv>
                    <Unicode>dieses Vertrauen zu einem Ihnen unbekannten</Unicode>
                </TextEquiv>
            </TextLine>
            <TextLine id="tr_2_tl_3" custom="readingOrder {index:2;}">
                <Coords points="540,2400 2795,2339 2821,2235 2388,2203 780,2353 543,2301"/>
                <Baseline points="557,2398 587,2398 632,2395 677,2395 722,2392 766,2389 811,2386 856,2383 901,2383 945,2383 990,2380 1035,2374 1080,2374 1124,2371 1169,2371 1214,2368 1259,2368 1303,2362 1348,2362 1393,2359 1438,2357 1482,2354 1527,2351 1572,2348 1617,2348 1661,2342 1706,2342 1751,2339 1796,2336 1840,2333 1885,2333 1930,2330 1975,2330 2019,2324 2064,2324 2109,2318 2154,2318 2198,2315 2243,2312 2288,2309 2333,2306 2377,2306 2422,2303 2467,2300 2512,2300 2556,2297 2601,2294 2646,2294 2691,2291 2735,2291 2780,2291 2825,2291"/>
                <TextEquiv>
                    <Unicode>Mann, der, wie Sie doch wahrscheinlich wissen,</Unicode>
                </TextEquiv>
            </TextLine>
            <TextLine id="tr_2_tl_4" custom="readingOrder {index:3;}">
                <Coords points="554,2561 1984,2535 2841,2454 2847,2385 563,2446"/>
                <Baseline points="572,2556 611,2550 656,2547 701,2544 745,2544 790,2541 835,2539 880,2536 924,2536 969,2530 1014,2530 1059,2527 1103,2527 1148,2524 1193,2521 1238,2521 1282,2518 1327,2515 1372,2509 1417,2509 1461,2506 1506,2503 1551,2500 1596,2500 1640,2500 1685,2494 1730,2491 1775,2485 1819,2488 1864,2488 1909,2485 1954,2485 1998,2479 2043,2479 2088,2479 2133,2479 2177,2476 2222,2470 2267,2467 2312,2464 2357,2461 2401,2458 2446,2455 2491,2452 2536,2449 2580,2449 2625,2446 2670,2443 2715,2440 2759,2437 2804,2434 2849,2437"/>
                <TextEquiv>
                    <Unicode>keinen Kreuzer im Vermögen hat 77, der auch in</Unicode>
                </TextEquiv>
            </TextLine>
            <TextLine id="tr_2_tl_5" custom="readingOrder {index:4;}">
                <Coords points="557,2720 1478,2729 2665,2602 2844,2662 2853,2521 563,2622"/>
                <Baseline points="572,2703 617,2700 662,2700 707,2697 751,2697 796,2694 841,2694 886,2691 930,2691 975,2688 1020,2685 1065,2682 1109,2682 1154,2676 1199,2673 1244,2670 1288,2670 1333,2667 1378,2664 1423,2664 1467,2661 1512,2661 1557,2655 1602,2652 1646,2652 1691,2649 1736,2646 1781,2646 1825,2643 1870,2640 1915,2637 1960,2634 2004,2634 2049,2631 2094,2628 2139,2628 2183,2625 2228,2622 2273,2619 2318,2616 2362,2616 2407,2610 2452,2607 2497,2607 2541,2604 2586,2604 2631,2601 2676,2601 2721,2595 2765,2592 2810,2592 2855,2592"/>
                <TextEquiv>
                    <Unicode>einem und in fünf Jahren nichts im Vermögen</Unicode>
                </TextEquiv>
            </TextLine>
            <TextLine id="tr_2_tl_6" custom="readingOrder {index:5;}">
                <Coords points="563,2896 1686,2879 2327,2778 2400,2838 2821,2784 2827,2654 569,2760"/>
                <Baseline points="581,2864 593,2864 638,2858 683,2858 727,2855 772,2852 817,2849 862,2849 907,2846 951,2843 996,2840 1041,2837 1086,2837 1130,2837 1175,2834 1220,2831 1265,2828 1309,2825 1354,2825 1399,2819 1444,2819 1488,2816 1533,2813 1578,2813 1623,2810 1667,2807 1712,2807 1757,2801 1802,2798 1846,2795 1891,2795 1936,2792 1981,2789 2025,2789 2070,2786 2115,2783 2160,2783 2204,2780 2249,2777 2294,2774 2339,2771 2383,2768 2428,2768 2473,2765 2518,2762 2562,2762 2607,2759 2652,2756 2697,2753 2741,2750 2786,2744 2831,2738"/>
                <TextEquiv>
                    <Unicode>haben wird. Der diesen Wechsel niemals bezah-</Unicode>
                </TextEquiv>
            </TextLine>
            <TextLine id="tr_2_tl_7" custom="readingOrder {index:6;}">
                <Coords points="572,3029 687,3061 780,3017 803,3038 837,3026 898,3067 967,3038 1022,3064 1068,3049 1077,2913 1002,2902 927,2939 860,2913 820,2951 768,2960 719,2928 690,2945 580,2928"/>
                <Baseline points="590,3013 632,3013 677,3010 722,3007 766,3007 811,3001 856,2998 901,2995 945,2992 990,2992 1035,2989 1080,2983"/>
                <TextEquiv>
                    <Unicode>I on wird?"</Unicode>
                </TextEquiv>
            </TextLine>
            <TextLine id="tr_2_tl_8" custom="readingOrder {index:7;}">
                <Coords points="982,3150 2544,3087 2668,3130 2752,3107 2758,2986 2180,3015 1940,2954 1545,3003 1429,3081 988,3069"/>
                <Baseline points="999,3144 1017,3150 1062,3144 1106,3141 1151,3138 1196,3138 1241,3135 1285,3132 1330,3129 1375,3129 1420,3126 1464,3123 1509,3123 1554,3123 1599,3117 1643,3117 1688,3114 1733,3108 1778,3108 1822,3105 1867,3105 1912,3102 1957,3099 2001,3096 2046,3096 2091,3093 2136,3093 2180,3090 2225,3084 2270,3084 2315,3082 2359,3079 2404,3076 2449,3076 2494,3073 2539,3070 2583,3067 2628,3064 2673,3061 2718,3058 2762,3058"/>
                <TextEquiv>
                    <Unicode>Der Konsul nahm ihm das Papier aus</Unicode>
                </TextEquiv>
            </TextLine>
            <TextLine id="tr_2_tl_9" custom="readingOrder {index:8;}">
                <Coords points="583,3347 2882,3277 2908,3142 589,3231"/>
                <Baseline points="602,3323 629,3320 674,3320 719,3317 763,3317 808,3314 853,3314 898,3311 942,3308 987,3305 1032,3302 1077,3299 1121,3296 1166,3296 1211,3290 1256,3287 1300,3287 1345,3284 1390,3284 1435,3281 1479,3278 1524,3275 1569,3272 1614,3269 1658,3266 1703,3264 1748,3264 1793,3261 1837,3261 1882,3258 1927,3255 1972,3252 2016,3252 2061,3249 2106,3249 2151,3243 2195,3240 2240,3237 2285,3234 2330,3231 2374,3228 2419,3225 2464,3225 2509,3222 2553,3222 2598,3222 2643,3219 2688,3216 2732,3213 2777,3210 2822,3207 2867,3204 2911,3204"/>
                <TextEquiv>
                    <Unicode>der Hand, betmachtete es eine kurze Weile, dam</Unicode>
                </TextEquiv>
            </TextLine>
            <TextLine id="tr_2_tl_10" custom="readingOrder {index:9;}">
                <Coords points="589,3494 2091,3413 2509,3491 2746,3451 2758,3254 595,3416"/>
                <Baseline points="608,3478 611,3481 656,3478 701,3475 745,3475 790,3475 835,3469 880,3469 924,3466 969,3463 1014,3463 1059,3460 1103,3457 1148,3454 1193,3451 1238,3448 1282,3446 1327,3440 1372,3440 1417,3437 1461,3434 1506,3434 1551,3434 1596,3431 1640,3428 1685,3425 1730,3422 1775,3422 1819,3416 1864,3416 1909,3416 1954,3413 1998,3410 2043,3410 2088,3407 2133,3404 2177,3398 2222,3395 2267,3392 2312,3389 2357,3389 2401,3386 2446,3383 2491,3383 2536,3380 2580,3377 2625,3374 2670,3374 2715,3371 2759,3368"/>
                <TextEquiv>
                    <Unicode>riss er es mitten entzwei. „Er ist bezahlt“</Unicode>
                </TextEquiv>
            </TextLine>
        </TextRegion>
    </Page>
</PcGts>
