6712 4424
514 440 2952 737 Neer Cemit... de  sieckt
426 713 2908 950 sel: - u eine andere nicht möglich,
450 920 3023 1156 nen...ben Herr Gerrit zullen
991 1096 1322 1268 not
500 1109 2854 1437 en Trinkstellen telle.. wie
467 1352 2722 1616 eine gein. Trost je gerväle
460 1603 2891 1856 I have been in the
514 1833 2884 2123 Hertelj. W. in Central..
507 2123 2908 2343 eintelle.   -    il   m'en coi..).
487 2363 2942 2587 denselleit; empflich,
666 2580 2627 2854 10 Tye 6 F.....
612 2806 2928 3060 wir sich gleich zu lebstesend.
548 3067 2935 3358 t. C weil übelleb
595 3364 3101 3581 trest man, und wir betrocken.
592 3588 3172 3949 ohne jus errez de konf.... He have
5670 135 5890 314 "
3743 162 5254 369 est avec si veut servt.
3662 318 6282 653 I sent to in three Regt...
3679 504 6343 842 "    Johann iese.....  to BH C du monde
3648 805 6130 1089 not im... Sie hall.. bei the
3618 970 6154 1285 u de Elcenhorée.... hefst
3588 1227 6147 1603 dine. West vielvnt Heebe
3763 1447 6293 1758 in war wislles. wilt volmen
3692 1697 6255 2036 - to get dwe d Tamsbost of -
3571 1944 6191 2282 de Hove, bleife un all
3527 2184 6245 2512 mil je vu en pe tout
5545 2394 6113 2691 Cafik
3672 2512 5704 2840 also offen; - in the past
3679 2752 6107 3030 uut gebehil; - He wird
3604 2888 6242 3300 de féleuse de Aneplaten, og
3743 3134 6282 3456 int rabe lief uibembrt uil
3882 3408 6144 3689 it bee. A ludel hatt us
3828 3540 6320 3956 in beguere. He Cromre
