3352 4216
2402 337 2580 509 179
543 489 2723 706 an mich zu bezahlen. Und Sie wünschen wohl,
495 646 2694 849 dass ich das Geld zurückstelle, das man für
495 789 2706 998 Sie in Unkenntnis der Umstände erlegt hat
987 941 2766 1124 „Sie befinden sich in einem Irrtum
503 1110 2663 1301 Herr Konsul.Ich habe es abgelehnt von den
2191 1216 2520 1310 Scha avde
518 1270 2817 1467 Anschuldigungen Notiz zu nehmen. Aber ich wun-
578 1399 2786 1624 dere mich, dass Sie von diesen Anschuldigun-
532 1564 2783 1770 gen schon wissen, da ich meine Kameraden kei-
526 1710 2720 1908 neswegs autorisiert hatte, ja, im Gegenteil
1075 1893 2726 2033 „Sie verdächtigen Ihre Kameraden
2331 1968 2883 2076 that at long
561 2059 2734 2248 ohne Grund. Von den anonymen Briefen wusste
561 2248 1859 2437 ich bereits schon vorher.
1181 2402 1316 2534 —
1573 2425 1876 2565 4.
1090 2494 2691 2694 Ich habe die se anonymen Briefe
563 2637 2002 2840 nämlich selbst geschrieben.
1104 2788 2700 2986 „Herr Konsul, ich verstehe immer
563 2911 2734 3137 weniger.Sie haben sich selbst verleumdet?"
1344 3077 1951 3218 wee igh rond
1118 3109 2809 3283 „Keineswegs.Diese anonymen Briefe
586 3278 1808 3475 enthalten die Wahrheit.
1181 3418 1733 3604 „Sie haben
