3336 4040
1895 166 2413 344 le reste de l'honneur de lisant avec les
2943 177 3051 323 F.
2542 487 2737 664 180
635 567 1944 827 Ich habe falsch gespielt.
1219 810 2396 988 „Vor zwanzig Jahren -?“
1217 930 2244 1151 „Nein, auch später -?
1211 1111 2754 1280 „Auch noch in der letzten Zeit
610 1257 1426 1451 auch am Sonntag
1208 1371 2281 1580 „Herr Konsul „s omit -
1202 1560 2734 1726 „Nicht mit Ihnen, aber zum Bei¬
621 1735 2502 1906 spiel mit Herrn Regimentsarzt Tugut.
1242 1869 2857 2052 „Mit Tugut?Der hat ja gewonnen.
1239 2030 2785 2193 „Ich habe ihn gewinnen lassen,
593 2130 2685 2324 Geschicklichkeit,Herr Kasda. Ich kann mir
604 2290 2894 2508 solche Scherze erlauben.
2287 2436 2513 2596 (prele)
1219 2482 1869 2668 „Und -warum?"
1225 2651 2871 2828 „Ein fxperiment;wenn sie wollen.
578 2797 2877 2934 Es ist ja schon ein paar Wochen her, dass ich
578 2934 2865 3080 die anonymen briefe geschrieben habe. Man hat
587 3097 2808 3243 sie als nicht vorhanden betrachtet, so lange
575 3220 2719 3441 das Spiel ungünstig für mich verlief.Erst
578 3412 2762 3607 als ich die Dinge gehen liess,wie sie eben
