3592 4328
2358 629 2556 793 128
751 754 2992 989 Blatt Papier schreiben. Bitte, nach Belieben,
748 929 2953 1116 meine merren.-Sie standen alle seinem Her-
762 1134 2961 1309 zen gleich nach oder fern. Uebrigens,es war
757 1241 2990 1471 auch ein Zeitvertreib bis Mittag zwölf Uhr.
754 1423 2839 1595 Dem Herrn Leutnant Brodawka die Taschen
771 1539 2788 1731 uhr,dem Leutnant Bittner das Petschaft,
771 1720 2868 1904 dem Weber die gewissen Photographien.- -
768 1862 2936 2052 Und wäre es nicht eigentlich richtig auch
771 2020 2981 2227 dem Onkel ein Andenken zu hinterlassen, ob-
776 2193 2975 2349 wohl er sich nicht sehr nett gegen ihn be-
2420 2261 3069 2369 in co for rusfler
779 2341 3055 2562 nommen? Nun ja, selbstverständlich) -den Ring
1505 2463 1757 2565 Sholor
793 2477 2873 2655 und die (zwei Bilder von der Mutter.Viel-
808 2641 2893 2822 leicht auch die kleine vette, die goldene
791 2783 3060 2990 Armbandkette.Ja,all das wollte er mit gröss-
1094 2939 1488 3038 Geuenster
796 2944 3075 3137 ter Akkuratess aufschreiben und das Blatt
808 3106 2811 3310 zu sich nehmen, denn ein verschlossenes
796 3250 2924 3469 Couvert hier zurückzulassen,das immerhin
816 3409 3007 3616 gefunden werden konnte, noch ehe er Schluss
808 3565 3069 3789 gemacht hatte, das war bedenklich. Während er
813 3712 3089 3990 so nachdachte, hatte er sich des Mantels ent-
802 3877 1142 4049 ledigt
