3592 4472
361 4123 451 4362 me
423 529 514 694 8
660 903 3104 1059 Er wirft seinen besten Freund hinaus, der am Verhun-
623 1065 3126 1298 gern ist, um 1000 Gulden zu bezahlen, die er auf Wort
632 1246 1258 1448 verloren hat.
691 1482 2955 1722 Oder: Er ist eben im Begriff, die 1000 Gulden zu
676 1691 3008 1831 zahlen, eine sog.Ehrenschuld, da kommt Einer, ein
638 1825 3051 1980 alter Freund, der die 1000 Gulden brauchst; er gibt
682 1987 3070 2145 sie ihm und lässt sich dann ruhig für ehrlos erklä-
694 2198 903 2354 ren.
