6840 4328
6014 38 6390 229 20c
6185 236 6444 373 as
3032 308 3378 598 150
745 345 2383 595 Neuen wute kend....
3863 383 5778 759 Aufwesend ausd'ci
6208 448 6506 759 181
848 588 3350 800 Foù, „ der de Aseckenen sofort die!
3778 673 6355 1115 du articul coté ci vierel... Es me
742 721 3231 968 Bist die i un 8 je Havre.. Es niet
3720 950 6273 1354 ue de Leopoldin, die et cullet.
711 954 3268 1169 I....  -  Li wotuil.....  ud Duban -
841 1125 3084 1446 - - so trag.. 3. Sey Drille
3761 1203 6438 1586 I don't -  "   -    Heil von Ball in
735 1357 3145 1644 Sliege... 4.... Siebstel wieder
4855 1419 5573 1593 de ni sept
3757 1371 6321 1791 It itn do the bey die hil opeel
759 1607 3022 1904 etre nulle..  Un héon in
3747 1730 6502 2181 me nie schon ach zweitende
759 1860 3347 2140 je wenselt wen, ob, ich u..... Ersaet
3651 2007 6277 2386 Wahrend der Viubelstied (de werige Ministre)
4342 2150 5726 2455 Sevr hatt et deuil it Bianhm
981 2116 3309 2342 d’écrire. Thee... Le Aclust
3655 2167 6249 2585 Sie u b Scepoldne verlachte essen en dient in
759 2318 3022 2653 nellust on a fels.... diert en
3624 2434 6140 2786 [illegible] Stimmung de Tuberling, de Hoffier
4065 2530 4622 2704 Gelegenten
3586 2605 6102 2950 de Geripbert (Titerteil) du tutteid
735 2632 3080 2882 Verleitungen steten... - Esprit
3655 2827 5990 3108 gezogt; — x gegangen, daß er in ein Cur
701 2848 2998 3156 jus unentlid in it hpp, at
3641 2964 6113 3391 in Schmiedel die Treppe stimmte stieg.”
697 3084 2903 3395 ren Enttässigt werkte.
3597 3104 6212 3573 Nach über auf den Stiefte schon Ent allant.
3590 3296 6099 3668 forst er sich gee er reçu mit wiede...
4947 3364 5528 3528 eintwin
790 3316 3067 3682 - Adi, the Leile - at we -
3644 3491 6195 3850 das ganze schon ihnen der Teil gänzlichen Grünschen
735 3569 2195 3836 is begled it p this.
