3528 4392
2643 612 2822 811 121
668 778 2857 968 fügt, nichts anderes als gekränkte Liebe ge
674 936 1227 1146 wesen war.
1206 1066 2896 1238 Doch kaum hatte er den Gedanken
683 1233 3020 1420 weiter gedacht, dich den Jugenblick vorzustel-
692 1399 2997 1601 len versucht,wie er dort den Taster drückte,
704 1538 3041 1732 sich melden liesse, vor ihr stünde, in den Zim-
692 1705 2982 1892 mer mit der Landkarte an der Wand - ja,wenn
716 1862 3038 2029 er überhaupt so weit kam im Zimmer zu stehen
716 2023 2952 2195 war es bei ihrer Art nicht ebenso gut denk-
719 2177 3012 2358 gbar, dass sie für ihn einfach nicht zu spre-
728 2308 3035 2584 chen (sein würde). Sagen Sie ihm, ich bin nicht
725 2489 3104 2691 zuhaus, dem Herrn reutnant, schmeissen sie ihn
725 2584 3116 2819 hhinaus ein für alle Mal.Ich werde ihm schrei-
731 2824 2263 3012 ben, wenn ich wieder einmal
1304 2943 3015 3107 Er merkte erst jetzt,da er plötz
751 3092 2857 3285 lich am meuster stehen blieb, dass er die
745 3249 2908 3439 ganze weit hindurch ruhelos im zimmer auf
754 3401 3083 3600 und ab gegangen war. Im Hof unten war das Le
757 3540 3018 3745 ben allgemach erwacht.Dort drüben rangierte
