6760 4440
6270 167 6501 409 741
3780 309 4590 540 22th.
2934 412 3286 572 130
1155 455 1613 579 ermial.
1727 373 2160 647 Cultr
3677 377 5975 767 I am, should in it
398 512 3140 806 dass sind lachte mitt, ich der Band Johann
3730 657 6217 1034 de in plix for fere sche allee
441 746 3044 1005 isten in aller Verlässen schrieben nach dem
3759 885 6323 1236 sche begebel uschien war.), de
416 924 3073 1247 & tout def des Houtueux de
3748 1101 6313 1474 zurück auf Tage oder woll an
426 1176 3126 1453 clap de Heigelum auf die hiltheil im
387 1393 3037 1599 dese weit Begebung mit Schulch sehrliche
3670 1346 6299 1709 Wirken in der ### ont
441 1528 2906 1833 aber ougnung lassen die Aufs it.
3581 1574 6334 1929 teinte, wo de Iubrager en fois
458 1744 3194 2057 Hauptnove auf der hartimel de Stad
3624 1790 6121 2185 bey. Auf de Vat. Onkel in
469 1965 3236 2291 ouf hilf boedewels bergleit Auf
3670 2050 6203 2362 nicht vorüber, ist verstanden.
433 2224 2963 2522 weg insbegel hinterhärtl., trii 1-
3656 2259 6341 2636 dens balli Rofert, cher al gal, a jure
455 2433 3148 2757 Augustit c.d. H. Lieul.... He
3670 2572 6309 2913 Zeil Sib gepurt... er erin m
458 2689 3169 2931 und in ein wie ein mien
3702 2782 6245 3148 soz ditel eine Streit über et it
391 2828 3098 3101 Mittel over huil –!’ – – – - - -
387 3091 3240 3478 sich freilig, geschri Merten u sein Toile
3719 3055 6270 3439 précie de Elter, sa classe cet
2519 3243 2735 3396 &c
462 3332 3318 3631 uging get a and think ... .  Le Creyon
3670 3322 6331 3702 sillus de laill arrivée a
423 3581 3151 3894 Le zerlei Cbeant... moylitst com
3666 3659 6178 4064 de femmes jegosz we.
416 3826 3087 4114 be the 1. gevacken; or able bei not
