6840 4328
589 338 1907 553 4 - kommt.. Otto.....
603 503 2650 690 Die Reine ist auf heil 12 Uhr aus leben!-
654 603 1878 812 Titr p demen Onkel:-
618 672 2579 966 nen 4 xxx de de 1000 gilder!
2072 858 2381 1009 -:11:-
707 873 1972 1142 5. M & Erwernesten! -
603 1171 2833 1498 & wuft de resseir, or (invent)
603 1404 3024 1767 dep ne by in Garthen as fydal
654 1788 2596 2151 wie wir fünf zu kommt:
819 1943 3164 2395 J, we are bestill Name die Courment.
740 2122 3157 2507 500 Jilderj... fik wel den ust his privil.
733 2410 3053 2819 Hogeb J Surgut, Wicar Gregor
664 2693 2406 3124 Wm. Elrif, Regier
1214 3764 2869 4022 I have not... j. etc in which
6019 111 6260 417 2e
6295 312 6468 467 se
3584 352 6471 639 - - im blad hichelkopf. het in gehabt.
4995 503 5929 704 was in a 6 St
6062 528 6392 769 reter
3591 603 6069 819 Ihr Sache daß ich wie z. Hn. +
3548 772 6155 1045 will wil je when; - (talastich) ich
3573 912 6267 1307 not until (jelles) -; I met him I am
3580 1185 6464 1483 offre tat vlubes en nivelinde aient donné.
3656 1408 6267 1691 aber. - da ist der schriebel gewes.
3638 1638 6335 1849 de telle inschrei... tat ich ich ach gelt
3886 1849 6224 2087 ge herb vos nenntuil an de
3656 2018 6313 2302 danit: ab iutulud it hint oug
3681 2241 6173 2442 nicht ich selbst sch¬
3656 2388 6367 2672 it ist but he flei gebolt be in
3853 2596 6267 2891 anfangen xyz an eifang.
3735 2805 5929 3038 as say ...   . .
5225 2930 5732 3103 weill
3710 2995 6137 3257 iue erblaet. en reste en wlir.
3656 3203 6023 3455 Aberam und rück ich het unter ganz
3652 3444 6130 3685 selfs of a 1 hand ist.
3649 3620 5872 3871 it had it at will j nes ned for
