3544 4472
336 542 433 708 e4
2888 606 2975 758 5
617 758 3170 1011 1. Der Leutnant. Ein alter Freund kommt zu ihm.
2123 845 3224 1065 ein zeitlicher Obliges diesen Jahre seit
2888 928 3217 1079 des Vaterl.
2285 1004 2606 1130 seinen..
675 967 1870 1170 "Ich brauche 1000 Gulden."
2928 1058 3209 1191 déjap hier
375 1087 635 1235 Le tat
296 1101 3202 1375 nieder Ich hab' sie nicht. Aber ich bin heute zu einer
661 1242 3043 1480 Spielpartie eingeladen; wenn ich gewinne, bekommst
303 1307 567 1516 dist.
682 1484 1032 1653 du sie.
1448 1498 2437 1657 le minist jetit en m'écrire t'avilie
625 1534 2910 1776 2. Spielpartie. Er verliert nicht nur die paar
650 1718 3115 1899 Gulden, die er hat, sondern auch 1000 Gulden, morgen
693 1881 3083 2069 zu bezahlen. (im Tafe) (meit knall. Baden bei Wien)
690 2000 3050 2235 3. Er geht zu seinem Onkel wegen der 1000 Gulden.
2350 2105 3220 2227 Mechen – verheblich. Die weit¬
3133 2159 3303 2314 that
336 2130 588 2271 Anfern
697 2177 3105 2375 Der Onkel sagt ihm, dass er sein ganzes Geld seiner
296 2245 610 2390 Kreisches
278 2343 588 2451 in 2 deu
718 2325 3115 2541 jetzigen Geliebten Augusta verschirben hat. Er soll
278 2426 560 2588 Onkel
704 2531 3126 2697 sie darum bitten. Der Leutn.kennt diese Augusta; er
704 2653 2993 2837 hat ihr vor drei Jahren, als sie in ihn verliebt
718 2823 2989 3004 war, verächtlich Geld auf den Nachttisch gelegt.
733 2924 3141 3159 4. Der Leutnant bittet Augusta um 1000 Gulden. Sie
375 3061 632 3206 In aive
733 3097 2902 3303 sagt ihm, dass sie sie ihm Abend bringen wird.
343 3166 679 3307 Landhaus
722 3274 3152 3462 5. Beim Leutnant. Sie ist die ganze Nacht über bei
736 3397 3144 3610 ihm gewesen, in der Früh legt sie ihm die 1000 Gul-
740 3596 1718 3823 den verächtlich hin.
686 3693 3079 3964 Der arme Teufel kommt, der Leutn gibt ihm die 1000
747 3888 2184 4159 Gulden u.erschiesst sich dann.
292 4105 408 4364 e
