6744 4424
6167 313 6407 488 105
3479 379 6305 641 De Cossil ainsi t uus touturle &c
3023 459 3282 699 102
3712 597 3865 707 e
452 521 3125 838 der.. nebe Th Riboikel danr, in
3508 597 6436 809 Doe si jahler; - hvilly de Rejurat rompul
3522 787 6447 1049 und wir eine Trilliskeit der Oblid. Gegen¬
528 772 3078 1122 auffallen vak., - the in the
3504 962 6170 1238 sagte is him. It was on there
528 1075 2969 1340 wyl i moll he werk t
3519 1173 6236 1432 & de Halle. Bagd...... W
3544 1348 6141 1679 duit zulich... Wie i Kne beliebt... H[errn]
535 1337 3184 1595 Ust nelleicht wegert den so seinen
3581 1563 6185 1836 ticule izt krobel, een hatt ved al
525 1595 2812 1869 sein; - ce. pnborral julde
3555 1785 6189 2113 “Herr auf d. Sta ugrift
528 1854 3296 2138 is le? That were [illegible]
3526 2007 6247 2386 Welt de Geld.- d Banhuke, -
543 2084 3096 2379 sayt & irnal...  Su bal jegen the
3537 2269 6192 2535 in that at u or wolllini, able.
506 2371 3082 2586 tribant. A bel alle verlor le
3577 2484 6272 2750 15.V noch sylt de Croneil tres
586 2564 2994 2859 auf de letztiren. Es we
3581 2674 6243 2994 so anl ein Rade - - talls bitte. In
3628 2896 6312 3176 over tem.....    St Salz...... Th
510 2899 3184 3184 eine Lage, gere wissen. -ab
881 3140 1439 3267 meuben
3621 3151 6021 3508 nicht de jonge auf Willen Grein.
481 3220 2983 3519 ecois : et fie elle a  -  Orthung
3570 3340 6243 3697 arri beait ouvr spars....  No' der
594 3490 3114 3799 D. officte scholiter der Comit.
3602 3606 6342 3894 bei une..... J. Äjidiel; Le Cront
3650 3959 4174 4098 Vu..
