3592 4344
2490 660 2738 784 124
689 718 2937 971 che nen kleinen lehnenlosen stuhl und sprang
686 940 2897 1199 sofort auf Sohon formten sich die Worte in
698 1069 2955 1332 willis Hirn: Was fallt Ihnen denn ein?Haben
712 1193 3001 1464 cie mich vergessen mich aufzuwecken? Aber es
709 1352 2923 1652 wurde nur ein heiseres,unterdrücktes: „Was“
1386 1548 1773 1649 she but
706 1562 3018 1767 daraus. Und Josef sprach sofort: „Melde gehor¬
712 1683 2911 1900 samst, Herr Leutnant, ich hab Herrn Leumant
715 1842 3032 2044 marod gemeldet“.- „Marod? Wer hat Ihnen denn
732 1980 2738 2205 erlaubt - Warum haben Sie denn nicht -
940 2035 1113 2147 reff
738 2168 2978 2358 Plötlich brach er ab: „Gut is. Machensie mir
747 2329 2891 2531 einen Waffee". Und er trat wieder in sein
868 2338 1026 2441 der
738 2453 2894 2695 Zimmer zzrück und schloss die Türe hinter
747 2614 3018 2819 sich ab. Sollte er den Bufschen inquirieren
749 2790 2957 2983 war ja im Grund vollkommen egal. Wahrschein
764 2937 2906 3142 lich war der Josef schon gekommen,während
758 3122 2813 3312 die Leopoldine noch dagewesen war,hatte
749 3220 3009 3436 Stimmen gehört, vielleicht hätte Leopoldine
770 3384 3032 3600 selbst im Fortgehen die Weisung gegeben ihn
764 3566 2880 3785 marod zu melden. Sie hätte ich auch gleuch
