3448 4200
2484 354 2691 558 172
1584 492 2380 756 Ern kameras, - blai
1075 592 1279 713 bleib
500 690 1340 888 Offizier zu sein.
937 805 2852 1044 „ Entschuldige, das hast nicht du zu ent-
523 1003 986 1230 scheiden."
1000 1150 2585 1334 „Nur ich, lieber Greising, nur ick.“
1000 1320 2726 1504 „Also... ja dann....“ Er suchte nach
549 1432 2786 1757 Worten. „Ich werde es halt den Kameraden ausrich-
566 1765 794 1946 ten."
1081 1765 2794 2061 „Hier ist das Telegramm, ich machkei-
572 2061 1530 2254 nen Gebrauch davon“.
1081 2196 2895 2360 Greising zögerte einen Augenblick, dann
592 2355 2907 2573 nahm er das Telegramm, faltete es sorgfältig, steck
595 2524 2861 2751 te es in die Brieftasche. „Servus, Kasda“, sagte er
601 2680 2869 2987 endlich, reichte dem Andern rasch die Hand,wandte
618 2978 1285 3168 sich und ging.
1909 3804 2840 3979 wurde zuredlichkeit
