6776 4440
412 402 3135 666 1nd gette Sie damit in Alnebin - had
602 588 2966 849 Revolgion - at Her. at St
733 807 3054 1081 Obelie de jut d'in de the
595 1071 2878 1272 Kopre. werk dert. ut la
863 1247 1127 1374 but
553 1243 3139 1486 even out that
525 1451 2962 1708 rechts anzweifel...- Vorlet.
821 1627 2991 1885 I wok. H Lieut tib. leid.
507 1821 3318 2173 undt anzweiflet. - Halt
726 2064 3050 2360 Vielleicht... wenn... wenn nach
620 2286 2793 2607 feit... neller bis heit ab
726 2526 3139 2786 ev lis cors pour... A hielt
680 2712 3269 3008 Nicht viel... Sie zyn etc mehr.
638 2927 3170 3269 bet “leid” in M angentl
803 3181 3188 3593 Jo not in the hinteramt..
852 3399 3065 3656 leid wilt aigu stet...
1568 3596 1885 3787 Ao
874 3600 3255 3998 heit es.....  Mr F....... Herzler,
6270 173 6503 426 141
3596 356 6340 757 to in T. Jurichthion me S. L. Oauter
3611 609 6256 923 - inerbe fon alle telle klopf.- Je
3611 888 6446 1134 it were not a halfe...... Hall.
3604 1018 6126 1360 ... Her Leitie... H. Twil
3586 1236 6295 1631 weden & go ... Der Birch that
5178 1462 5664 1645 dert
3586 1592 6224 1846 in it getirpen; - die
3589 1804 6277 2050 ein theil hin omtruf schritt
3582 1941 6175 2223 in the bill argestuille. Al de
3568 2180 6136 2441 Brisch den Fallebiel ist, Mof
3547 2438 6291 2748 le hilf - aigertucht, was geschl
3572 2674 6052 2987 Aye. P. it. 1 T. Hervand
3596 2888 6281 3237 in sich “d. Heydam’ne den O
3625 3058 6136 3389 Ou Cap. de toiff sich..... die
3607 3339 5981 3600 Herrn..  d Hunsowi die
3646 3558 5798 3885 sal plottu om in den T
3730 3917 5830 4174 tied at 11 or ys tuent.. any
6104 3829 6407 4157 ren
