3592 4344
1587 163 2860 454 O.A..d Rosen
2676 535 2873 759 140
602 765 2912 956 den schmählichen Handel eingegangen. Darüber
602 910 2915 1182 konnte er sich keiner Täuschung hingeben. Und
620 1043 2930 1264 das Schlimmste: die Schmach, auch die Sehmach
629 1191 2882 1460 von heute Morgen - jetzt da er gerettet war
689 1367 3039 1563 brannte die xxx das Gefühl der Schmach
2059 1494 2482 1575 weis er nicht
644 1512 2903 1742 viel milder als vorher.Und jetzt war jetzt
650 1693 3000 1923 nichts Starkes mehr in ihm als das gefühl der
635 1817 3015 2126 Erlösung, das Bewusstsein einer fürchterlichen
650 1999 2966 2183 Gefahr entronnen zu seinund überdies mit der
659 2165 2812 2398 neuerwachten Lebensfreude eine prickelnde
671 2286 2939 2552 Lust, eine heftige Begier das hübsche Frauen
677 2419 3114 2740 z8mmer recht bald wieder in den Armen zu haben.
1200 2552 3117 2785 Er sah sich noch einmal im Zimmer um,
692 2752 3096 3015 ehe er es verliess. All das war wieder sein.Er
692 2897 3060 3124 nahm es gleichsam wieder in Besitz, den Tisch,
698 3048 3075 3269 den Schrank,die zigaretten,die gessel,das zer
714 3199 3127 3511 wühlte Bett, die Flasche Cognak, den Bl ck durch
717 3335 3075 3586 Fenster in den Kasernhof, den kahlen Baum dort
732 3505 3069 3807 drüben, den holzgerahmten Spiegel an der Wand,
729 3632 3045 3895 sein eigenes Bild, das ihm aus dem Glas ent-
