3448 4472
2288 325 2549 560 ¬
1908 339 2265 523 :- ⁠
664 624 2767 876 ohne Urlaub weg. Auf der Reise wendet er
707 785 2977 957 sich wieder dem Leben zu. Irgend ein Erleb-
661 894 2670 1127 bis? Ein Ereignis? Eine Bekanntschaft?
1040 994 2917 1253 Ins Hotel zum Konsul Schnabel. Willy:
693 1172 2828 1402 sie schuft,Falschspieler,wie durften Sie?
733 1287 2977 1540 Der Konsul: Regen Sie sich nicht auf.Es ist
1127 1339 1586 1451 in sei en wenn
741 1517 2017 1710 keine Anzeige erstattet.
1052 1601 2948 1848 Und die sache endet damit, dass Willy
759 1779 2506 2040 mit dem Konsul nach Amerika fährt
1066 1911 2819 2175 Eventuell ohne die Geschichte mit
733 2069 2928 2336 dem Falschspielen.Der Konsul sa t ihm: Die
782 2221 3040 2451 Auzeige ist nicht erstattet. Sie haben im -
741 2382 2871 2629 mer noch die Wahl. Wenn es Ihnen beliebt,
741 2538 3061 2796 können sie auch zurückfahren. Aber er bleibt
808 2693 2431 2954 und fährt mit ihm nach Amerika,
