6840 4424
6181 40 6441 242 741
3721 303 6445 636 Uit de butel Berif in hoi ged
2948 347 3230 621 132
303 470 3089 741 Hier verspiel; en muit mit de jan
4855 542 5213 697 mit
3753 578 6654 957 Rev; - u stver in Stralsund
285 690 3071 946 doce de Onkel  Robert in
3706 856 6474 1080 ergedellt sein. Soll siculich fort
358 932 3060 1261 nicht verzogenwärlig, die vielen
3724 1030 6351 1373 gebeisitet ind ved dem pite Tor
3714 1196 4032 1420 see
314 1156 3201 1449 is at pres da ruscheden. Fidel
3678 1268 6466 1586 der Frau wich ein klein Vours gehabt
368 1405 3049 1665 Robert is out in dirige in deme
3620 1459 6228 1745 das er durch unter
5545 1655 6145 1828 orile
285 1600 3016 1976 ger anders zu bekommen sein.
3656 1709 6315 1972 in Unternehmung und in einem
354 1817 3067 2135 Robert Wilme we de alte B
3634 1918 6174 2186 Unternehmen argulen in desti
289 2066 2836 2402 Mitte; at tall n A
3638 2142 6430 2525 rauch wir M.
358 2279 3063 2659 in ree Brabengul batt i it.
3620 2410 6163 2713 & ick in cine sous leurs et a du
267 2518 3143 2836 a lebens in hims,  et il a
3652 2666 6318 2998 I genl slent - tell it or so hall
228 2753 2771 3110 deneut une ni aif hi ant en
3638 2897 6246 3204 Er sich schon in verfaller zum Ent¬
267 3074 3074 3381 his put at i ini but in
3638 3110 6181 3454 un et du staat det s se
264 3266 3089 3558 elegenti  wot
3678 3399 6358 3674 stelle entjaget u. lebte u et popst
235 3454 2811 3829 deboule  - Je (wie tell in
3641 3576 6387 3923 in se Renl... Einige Jahre im
296 3771 3020 4060 seremt zweleten mußt.  zum
3786 3804 4429 4118 ung
