3416 4200
2446 342 2638 604 16 8
378 587 2920 833 glied des Klube gewesen. Ob identisch mit dem von Ihnen
388 787 2814 1032 gemeinten für uns begreiflicherweise nicht aruirbar.
385 1002 2861 1188 Gründe des Austritte aus den klubakten zu ersehen, die
398 1162 2897 1354 aber nur nach Gerichtsbeschluss Aussenstehenden vorge-
395 1371 1328 1553 legt werden können."
899 1523 2622 1703 Willi liess das Telegramm sinken und
2051 1566 3047 1742 glaubte die daß der Consul¬
415 1686 3083 1905 schwieg eine Weile. Dann sagte er: Ich bin Euch sehr
2930 1815 3057 1925 -:-
421 1878 2897 2074 dankbar für Euere Bemühungen, aber was soll denn jetzt
418 2038 2907 2237 eigentlich geschehen? Respektive was für Absicht habt
421 2287 684 2426 Ihr?“
1025 2363 2891 2565 „No du ghaubst doch nicht, dass der Mann
435 2589 2944 2774 die Courage haben wird nach dieser Depesche,die natür-
435 2761 1922 2944 lich zu deiner Verfügung steht,-
962 2874 2930 3100 „Verzeih, aus der Depesche geht auch nichts
445 3086 2768 3289 Beweiskräftiges hervor, nicht einmal die jdentität
458 3279 2901 3485 steht fest und wenn auch - bis die ganze Affaire mit
455 3412 2934 3627 Gerichtsbeschluss und Einsichtnahme etc. etc. erledigt
