6792 4376
2155 345 2490 547 " "
365 431 656 580 20 1
1283 520 2039 666 könnt
186 564 537 759 20im
507 530 2984 888 [illegible] in fact in.Es
537 835 2894 1074 es wil die fürste
454 1044 2911 1336 Augel gerifen till -ca in
441 1293 2944 1515 it in  da ime weil
457 1472 2781 1764 2. lt. geweres war.... es he
487 1760 2695 1969 vom 4. Feb ein... 2 ist 3 J
524 1946 2785 2198 wilt ougleich..... ƒ zweifs u
457 2175 2765 2380 esagtert; ugl nicht, und gleich ihn
487 2383 2824 2632 schweiterlei ich die Herr ich
494 2619 3096 2911 will in and work for un pea Stundin
554 2874 2804 3096 allen in wen Stel Cg; - i
471 3017 2791 3335 wt sind sein...    tal -  9 u
1018 3222 1565 3401 Seybofellin
494 3322 2569 3564 willy Respectly
759 3441 2838 3696 Es seel it ein daß du nel
573 3663 2874 3908 lucht die Benad - rein An
540 3852 2957 4167 begeleit i homit. defid
5970 169 6229 537 20th
3444 418 5984 729 wnt I Adme. de jutes nelle r
3491 680 5954 922 ful gebubt hall.    the
3481 865 6119 1114 Aber... Cit. cons. sullen bein Can
3557 1081 6010 1339 I bnebel uor nen Efrai een
4605 1233 4966 1372 bevor
3580 1283 6070 1585 Kunl erbalt kommt... An
3540 1535 6139 1790 es sich hiemit ich nicht entheilt
3547 1704 6013 2009 2 1/2 gr.. Dess wil devre C. Dikatter
3607 2069 6163 2244 Nein, wirdet ue stukl... und eine in
3577 2198 6245 2430 anden xxx xxx an Prag
3842 2437 6332 2675 Alo...; sie bericht nicht & is tueb....
5732 2579 6289 2742 in der S
3676 2622 6192 2844 in hant dint ihr de klei I binn ja auch
3630 2798 6053 3100 in tout it... adieu in en
3749 2980 6192 3285 ist, ich i bis geven!..... Ich
3670 3196 6073 3530 of m und es kundt keu fief
3646 3438 6043 3723 air - he wollt jch - in the
3700 3620 6000 3882 ¬febo: bnunt he bsl thion
