3448 4200
2140 183 2308 360 n
1520 183 1772 360 by the
2682 702 2854 864 147
661 876 2897 1088 Willi stand kerzengerade vor ihr, liess ihre
693 1030 2856 1221 Gelenke locker,schaute über sie hinweg an
655 1160 2807 1406 die Wand auf die Landkarte.— — — Wer also
658 1320 2929 1517 denn, wenn nicht sie? Die Anderen Möglichkei
1044 1470 1204 1566 fihm
664 1491 2926 1694 ten flogen durch das Hirn. (Die) Kameraden, de
664 1659 2914 1839 nen er leid getan und die für ihn gesammelt
1981 1743 2453 1856 halle Slegel
673 1798 2996 2016 hatten - oder man war seinetwegen bei Högäter
670 1984 2839 2166 gewesen?- Oder Kessners,die von seinem Un-
664 2108 2874 2308 glück im Spiel gehört hatten? Noch unsinni
1351 2218 2123 2334 Als dut d Rescrut
670 2274 2993 2465 ger. (Oder der Konsul hatte plötzlich ein Ein-
679 2413 2978 2630 sehen bekommen und verzichtet. Das war immer
725 2549 3004 2778 noch das Plausibelste (Für alle mälle musste
673 2740 2830 2935 er sofort hin. Noch einmal wandte er sich
679 2880 2839 3120 an Leopoldine,die ihn etwas beruhigt,eher
684 3025 3016 3239 neugierig betrachtete. Du schwörst,dass du's
670 3210 1833 3416 nicht gewesen bist?
1122 3352 2917 3529 „Ich bin noch nicht verrückt“,erwi¬
696 3480 2851 3683 derte sie ärgerlich. Es wird eine gewesen
708 3657 2474 3889 sein, der du mehr wert bist als mir
