3464 4216
2661 467 2848 640 159
634 591 2882 767 barkeit, ja eher eine Verstimmung,wenn nicht
643 790 2825 948 gar eine Erbitterung gegen den oder die, ja
631 937 2932 1110 sonderbarerweise gegen beide,die ihn irgend-
626 1061 2816 1257 wie um sein Schicksal und um seinen Tod be-
626 1251 2661 1407 trogen hatten, mit dem er sich schon ver
623 1381 1655 1574 traut gema cht hatte.
1173 1551 2865 1675 Als er die Treppe zu seinem Quar
605 1683 2704 1865 tier hinaufstieg, war es noch immer nicht
608 1871 2707 2003 später als Mittag.Josef stand im Vorraum
591 1986 2802 2185 mit Stiefelputzen beschäftigt,stellte sich
602 2171 2897 2320 sofort in Habtacht und nun erst fiel es Wil-
602 2300 2831 2505 li ein, dass nun eine Nachricht von oder
597 2482 2701 2672 über Bogner da sein müsste.Ungeffagt mel-
588 2637 2773 2842 dete der Bursche: „Melde gehorsamst,die Woh
579 2799 2871 2946 nung von Herrn Oberleutnant, vom Herrn Bogner
565 2937 2833 3159 war versperrt.Der rausmeister hat nichts ge-
556 3076 2813 3243 wusst, ich hab mich nicht getraut Brief dort
559 3275 2880 3456 zu lassen". Und er reichte ihm den Brief hin.
556 3378 2865 3638 Rasch öffnete Willi, als mollte er sich verge-
