6600 4424
232 424 487 608 10 b
310 450 2821 712 As I am. He Comt tbueb he
321 678 3002 937 ihn wei weil bei vor - einge Arbei
321 863 2965 1143 Sterlin In cist in    J in
332 1099 3005 1375 en bekleret uit... er recht sein u fernstes
391 1268 2991 1619 - jean... Hiveel! ce jeé a été
350 1519 2968 1844 ... I be in berceule de.. Et in me
376 1763 2939 2039 konnt gerechtet u beteilt i wer¬
384 1958 2673 2319 und einig übrige. Al. zu we¬
372 2168 2836 2541 gevenselt zu reu.... Wimmer
336 2390 2998 2799 legt der Herrn von Schill.....
406 2681 2994 3005 Bayr.. ye. ...,  wt veit..., as he
339 2946 2773 3293 fast & akelet... Beig nicht.
376 3116 2777 3470 Tricust. dail tuls... ke a
409 3381 3016 3772 mer Jel i meen tebe assei
513 3647 2998 3997 see was it well... but in laste
5926 310 6206 439 10x
3378 361 6335 623 self, be sentir, in loiueren.... .  the Acht!
3433 546 6036 870 Nun dritte auf..  Sitzabel zu denk
3407 881 6018 1158 " laye..... zu raufel. xx
3411 1036 6173 1386 es was set will wil as not fein.
3396 1294 6095 1656 Art. I do me houtj ouil leur
3440 1575 6313 1873 spielen al tis . 1/2 die Frei... wieder
3433 1811 6140 2161 les dres..... trois clercs. ne do
3459 2102 6011 2356 Alle... 2. I. kam darbe in
3404 2238 6158 2670 heim... bei, sie ihrem alle ernst
3437 2515 6202 2946 A e   og de Freilein Ritock
3400 2762 6114 3223 Es la Lett ue ai  étaf un
3392 3064 6033 3400 riebst nicht nicht u
3798 3363 4148 3573 ner
3418 3297 5977 3699 in an [illegible] in an dort
3411 3673 6199 3909 bennal +c Chorich... hn He Court
4628 3835 6276 4115 to me.
3444 3898 4399 4115 on an
