6840 4328
6132 178 6463 402 181
3654 293 6463 569 Sne sich ihre Tinger offenter t'eler eine
290 384 559 643 100
423 377 2917 800 unto inniges duift in and een
3644 451 6383 786 toanselte, as ld in it de i jeshaft
395 646 2980 1010 Aumelter Givite staand is...
3675 706 6156 915 lveibblud - nicht bewenden noch.
1094 856 2868 1118 Erentrifell un
3696 873 6373 1080 Kri Nellst dir do enfert in als uc
405 971 1027 1170 in &...
5492 1020 6090 1219 all - to
472 1027 3015 1373 ye  guefled    e-
3672 1048 6338 1408 tort; si rie; un un un autem m l oubrages
479 1188 2865 1544 uit uit reuuit hl. Seine
2156 1366 2495 1506 Ewer
3700 1296 6299 1628 etc in eie prouwill deput ux
489 1394 3005 1827 nem Jndruglichkeit entwils — Er bat
3640 1509 6146 1782 en sie auch Forastere abge in
493 1611 2956 1946 ni. viel Brugh t. nun fridrungl. A
3986 1705 4245 1862 un
3686 1733 6467 2131 ne.. j'ai écrit vivre s. en fell liepé...
433 1817 2998 2229 keit so entschuldigt - und
3696 1984 6369 2253 - Um nicht des.. ob geb../. derhal.....
486 2061 2921 2442 beste gelt et je Erungen.. ob nicht
3979 2191 6289 2428 in Kniut eigentliche -.
479 2271 3071 2620 doch... jeuer beider und keines
3658 2253 3868 2425 —
496 2407 2886 2868 auf der... todt xyz hiert sla
3672 2421 6121 2718 - Ihr Worte Klage goet, wie alle
5566 2652 5929 2830 ret
479 2638 3029 3043 at Witerurting - is an komen
3644 2655 6208 3029 nur et. ni ne cepuller schon ja
507 2872 2844 3288 enging in in as kombreand
3675 2861 6156 3242 bereit verbgegeb ich nicht in
566 3047 2858 3483 dort en Anleite and Korn
3749 3144 6317 3399 nest in  buchman  Mort.. an de
573 3298 2620 3661 besta en Cale as is
3661 3298 6159 3738 Mrs.    "   Ersterk - & fürl best
688 3497 2432 3812 [illegible] in the
807 3647 3019 4039 a off uglei in; in
