6760 4392
284 284 497 472 10
315 371 581 522 not
220 511 424 738 10
542 682 2824 840 und ich die Ond mit ein. Einer
497 791 2348 1032 wird erspiet...  Sie hell
556 952 1911 1228 and Appetil as...
6055 416 6338 616 200
3454 574 6100 896 Nach denke sich wertrefftest schwerke. Sie ahr
4599 788 4812 924 by the
3462 858 6002 1078 wie ein gründes Wien, mit weißen k. fl.
3854 980 5968 1155 dans de t, une-t-elle de de lieue père,
3472 1071 6097 1260 fahre, aber das sehr noch de Regel, wollen,
3482 1256 6293 1505 will en troue, die ait schon in de wertens
3462 1460 5964 1743 Kerbeirant und Conclue zu geschworen
3388 1648 5964 1918 hall... nur beide Tiste... Chocolle ine
3500 1855 6150 2128 ne schon an Grauml, in der Theil war
3482 2076 6062 2362 leer, und es we gut, daß der R. Luin
3514 2300 6066 2499 sume unt im tell the it f ooyni.
4014 2478 4956 2608 not fall ndwenn
3496 2527 6097 2768 Cajian... in rd I hend stettill...
5992 2744 6352 2940 was A
3500 2744 5656 2958 [(2] Weisbruchter] hatt ihr Hapte ge¬
6020 2891 6307 3003 habe
4168 2905 5915 3038 enmérisée, je l'autre, (luf nicht get.)
6048 2972 6272 3101 le
3591 2961 5915 3164 Und d-m -  wie es in
4333 3094 4774 3234 ment
3574 3136 5996 3395 in Sommer i trinle and - you welcher
3692 3308 5828 3563 is geben.. sollen abrücken. Offis¬
3720 3518 5912 3742 an cive jurgen enterebungslui F
3720 3689 5800 3938 in meinten ihr Licele nach u bla¬
3742 3944 5782 4120 Kedebor in peut en 1er et
