3560 4408
2521 624 2705 773 122
749 761 3133 993 sich ein Zug, vor der Türe der gantine war ein
764 910 3056 1144 Kommen und sehen, zwei Stubsoffiziere (seines
1662 1055 1810 1144 " w
752 1097 2955 1311 Regiments standen zusammen und plauderten,
749 1222 2904 1403 zwei verspätete Soldaten eilten durch den
737 1361 2987 1620 Hof (über den Sand) und Willi plötzli wurde
737 1614 3029 1733 plötzlich Angst, dass einer seiner Kameraden,
366 1712 597 1959 7th
734 1700 2851 1914 wenn nicht gar der mauptmann selbst,bei
294 1899 627 2042 Huiten
752 1864 2993 2072 ihm anklopfen und sich erkundigen könne, was
749 1998 2892 2259 eigentlich los sei Der Hauptmann zwar und
291 2033 663 2235 Ausnay
734 2179 2990 2357 die meisten Kameraden waren ausgerückt, aber
297 2241 615 2434 Es seel
734 2310 3020 2544 der Leutnant Proquaska, der war jedenfalls zu-
273 2405 550 2568 ebuen
728 2470 3035 2663 hause, er hatte Kasernendi enst.Seltsam, wie er
413 2527 630 2690 112
731 2640 3047 2863 das plötzlich wusste, und dass für Donnerstag
731 2788 3077 3026 Inspektion durch den weldmarschalleutnant an-
725 2943 2880 3157 gesagt war.Donnerstag - genau der Tag, an
725 3091 2892 3264 dem sein Begräbnis stattfinden würde. Aber
734 3201 2978 3424 orst Nachmittag um drei,-da er die Inspek-
713 3406 2987 3650 tion schon vorbei. Und er wunderte sich ein
719 3549 2913 3751 wenig,wie ruhig er dieses bevor-
713 3716 2931 3873 stehende Begräbnis dachte,- vielleicht (aber
