3592 4472
997 630 2247 853 tausend Kronen Schulden,
997 758 2850 976 Fährt Mitten in der Nacht im Fiaker
997 936 3050 1165 nach Wien. Der Consul nimmt ihnmit. Sehr
997 1130 3052 1303 freundlich, aber besteht auf Begleichung
1000 1260 2627 1484 der Schuld innerhalb 2e Stunden.
2340 1383 2760 1476 den Obullut
1002 1428 3050 1585 Wilhelm schläft nur zwei Stunden, begibt
1000 1555 2949 1744 sich in der Früh zu seinem Onkel. Wird
1002 1734 3137 1936 vorgelassen, (nach anfänglicher Weigerung)
2023 1853 2414 1959 was offizie
1000 1914 2994 2053 Er klagt dem Onkel sein Leid, der Onkel
1005 2026 2326 2225 schlägt ihm jede Hilfe ab
2042 2119 2903 2249 (derfl davon-drittain)
1010 2225 2972 2356 Wilhelm verzweifelt, appäliert an sein
1002 2326 3063 2523 Herz, endlich gesteht ihm der Onkel, dass
1013 2486 3071 2669 er nichts besitzt. Keine hundert Kronen
1010 2664 3068 2834 hat er zur Verfügung. Wilhelm glaubt es
1010 2786 2911 2978 zuerst nicht.Endlich gesteht ihm der
1010 2935 3121 3129 Onkel alles.Er ha t einer Dame sein gan###
1016 3132 3089 3257 Vermögen verschrieben,bekommt eine klei-
1013 3230 3105 3462 ne Rente ausbezahlt. Wie ist das möglich?
1016 3393 3002 3592 Der Onkel: Du ahnst nicht, was die Ver.
1016 3549 2991 3767 liebtheit aus einem alten Mann machen
1016 3722 1787 3927 kann. (Ernnt)
