3592 4328
2700 760 2884 936 134
922 805 2964 1095 die heute wacht bei ihm gewesen(ihn zum
922 944 2919 1282 Narrn gehalten,sich gerächt) ihm einen
465 987 698 1197 be
891 1160 3086 1381 Schimpf angetan hatte, der nicht wieder gut
891 1268 3128 1551 zu machen war. Im nächsten Augenblick frei-
885 1461 2975 1736 lich wusste er es wieder (und wussten dass
868 1628 3012 1869 sie ihn für eine Nacht mit tausend Gulden
842 1758 3094 2028 bezahlt hatte. Doch er wusste noch mehr, dass
842 1917 3086 2147 seine Empörung und wohl auch die Empfindung
823 2087 3069 2312 des erlittenen Schimpfes kaum solche Gewalt
2507 2102 3055 2246 I be Adresse
820 2221 3063 2468 über ihn bekommen, oder doch, dass das Gefühl
803 2365 3006 2624 der Befreiung,des Gerottetseins,das Gefühl
786 2536 2936 2788 der Beschimpfung übertäubt hätte,wenn sie
780 2680 2836 2936 ihm statt der tausend Gulden die ganzen
2456 2723 2575 2788 r
783 2856 2799 3092 elftausend vor die Füsse geworfen hätte
757 2984 2862 3265 Selbst wenn es mit dem gleichen Aüsdruck
746 3131 3004 3421 der Verachtung geschehen wäre) Und darum, ja
735 3293 3009 3545 darum war es gut, dass sie ihm nicht die gan-
2218 3341 2694 3443 I am in the
732 3460 3012 3713 ze Summe gegeben hatte, die er gebraucht, hät-
701 3616 2873 3846 tedie es ihm ermöglicht hätte Offizier zu
703 3693 2899 4033 bleiben. wenn dann hätte er sich ja wirklich
752 3869 2848 4149 erkauft und wäre erst recht nicht würdig
