6792 4440
2745 285 2946 439 "
6218 228 6447 499 95
387 330 675 475 90.
3529 380 6222 622 stellt.. Er schlie vor der R.G. de Hake
499 467 3030 721 de alles - isitie, at woll in
5434 527 5789 692 bei ihm
5881 583 6355 794 Sond
3575 576 6355 879 zusammen: - da schnittell ihm die Rank.
482 657 2896 865 viewed in a elle at the
3561 833 6215 1040 Auch im Ehef. der Teilen auch hier
485 847 2935 1160 sich in it to himmen..  it in
3511 998 6232 1315 und heimt, in d Feil Rønsel.
489 1111 2801 1378 auguste. ..  nie utol i uit en
471 1251 2935 1582 in Rich; - do kam de R. Cus on
3519 1255 6035 1504 es wenste selbst unnd de kund mit
3550 1483 6380 1765 her.  Noil a galant du Haar.
471 1526 2882 1803 An jähr wollte es fern nicht gleich
450 1684 3058 2035 der richtig Worte - de syt is,..25
3582 1715 6077 1919 So trate me alle Sie juge
453 1930 3048 2200 di kommt die cla boffiall tis en
3603 1930 6232 2158 alle hin jing in alle; - xxx
5747 2084 6439 2250 gutrebt
3550 2137 5860 2366 Sérese, un auf de tussi il
496 2141 3171 2478 we doft. Ob selbstondand the
5958 2239 6327 2453 will
520 2313 3209 2717 Repareil c. eenigute... hills......
3554 2369 6028 2689 de Tiel - Tehrel.. xxx
3751 2629 3975 2745 we
460 2580 3171 2914 it beleet... nad. Ce tat auf Uin
3596 2626 6264 2882 jours zuilutift -  de die nox la
478 2759 3114 3121 in frey in   résult it de Hand.
3585 2833 6309 3086 de Nacht über S. Blos. Landstift
531 3033 3262 3322 Ost.. an nebrt Sint auf trievante..
3596 3083 5993 3343 nun nie am Rem at Rom
527 3251 2879 3526 noch nicht biet... Ist gefält
3592 3206 6116 3547 de Slui was fort de hee hui cent
3680 3448 6190 3705 [illegible] tous
562 3448 3167 3782 Herr Lieutenant, fragte de Consul.
3613 3670 6018 3926 segendem Detent of  d Jegen
569 3680 3283 4042 Met 2 Versing Her Comonb.....   4 Departant
