6776 4472
4085 122 4336 426 id
6268 380 6565 695 140
448 426 3233 720 auf der Cours zu Rohit Wihan,
3648 430 6229 706 so jet das wir ein Kunte sider
444 627 3147 835 der in denen Hände u. a sein Schickel
3634 695 6433 946 ligte er die lebt Schrift leer Theil et
380 796 2975 1036 lag, und mêhrend er alles mögliche zu¬
2064 960 2312 1086 all
3573 882 5981 1129 loig, long de Kfarrkis,
416 1021 3118 1265 allulé elle ont  été dernierte
3609 1097 6497 1387 A inte den Bye ein mochten, in die mich
444 1186 3261 1516 Eurichten Erlehren: Meile Belangtung
3623 1319 6390 1670 Den joui, in elis getobene hoffen
430 1362 2466 1631 Kerten; "ob andem is an
2573 1462 3132 1638 dans la
452 1570 3046 1849 + auf de vol  aif de la  à Reffre
3634 1534 5372 1885 volle Hinaus gerecht.
362 1799 2996 2061 fouil in er wei Seren ihn nove
3609 1864 6304 2089 Onbe Robert wotul d in ciel Unter¬
423 1957 3164 2294 "Ob die die of Thi Tirmentifel"  Anfang
3627 2043 6340 2326 en tulturetgat Hauses; in alle
3860 2240 5053 2412 a. M. F.
362 2222 3233 2462 bustibbe in Tnventafel, de
3591 2337 6318 2595 unfendul omder Weib offete, nicht
391 2448 3003 2684 i, die Angell der veblad treu, de
3587 2523 6408 2845 die Haustell, in fonte, offa
344 2702 3172 2942 ihm bis je nur eine schapen ent byzent¬
3609 2774 6175 3068 ihn; - und auf un Tageel Neu trä¬
516 2924 3175 3164 and  a envlut.de
3598 2967 6200 3258 somt it in home, all and he
455 3111 3025 3333 Han de lriuitergige auf de M
3616 3225 6254 3505 das ich nächliche Frage zu leiten;
469 3250 3240 3659 dr Stefendorn, in it is in Jrityn
3598 3419 6300 3702 um ihr Nachlänglichkeit beide zu Christ¬
480 3530 2903 3752 "Es sera piuet neun, alch i Z d
3663 3602 6336 3885 sent at hiff & the till M. Sie auf
430 3706 3190 4089 I fferblatt enlg in luy fait;    la cœ
5691 3853 6017 4100 -
4179 3924 5032 4125 Febrillis,
491 4021 2903 4275 F.TrubyKing.
