6840 4360
446 350 678 539 161
578 346 2958 703 gelernt getroff be Volk anders
692 600 1078 749 Buch
521 617 1966 903 kein gelernt, beim
642 810 3048 1046 Brennemer wenn es nicht
600 971 3058 1249 tafel. be tottas in Verrela; -
1163 1153 1606 1278 e kon
592 1178 3158 1477 zu mit Mal habe sich zie. le serment.
560 1392 3208 1731 out in an
642 1656 3130 1881 dort hat ich nie zu mit hal zerste,
625 1788 3048 2084 in 4 or 1 haben, lang ob er heute
542 1977 3073 2266 Theil... we go in Roll we is now
589 2209 2966 2459 in wem Leben speile wird.-
585 2459 2862 2723 en wir wen in een große je et en
567 2627 2809 2912 daar auch nicht fünfte den
671 2826 3137 3087 di mir den viellen uns an und
678 2983 2905 3258 – we was.. in groß fisll bef
614 3194 2884 3444 derl;.. is in Jitilae on d
546 3362 2919 3704 (Volkes,)  this claim
560 3612 3173 3926 in tel it alle ik the ckekant
6006 150 6210 328 in
3469 261 6338 610 do bell hill in ad a hanfl or jans
3483 528 6088 842 ee da Ontel in de blons tristillor
3490 710 6299 1085 bege til sil: - abe erhell inde met jehre
3505 996 6138 1328 in p ocrrath; die wei und sich
3501 1181 6038 1595 ouit cibe. il lui a il dit de
3601 1399 6142 1727 in theul wigtte in klan,
3604 1667 6438 1974 Wien es exemple a Hl... nellen.
3608 1859 6413 2209 all in ihm das peinlich gewesen, -
4768 2113 5075 2305 by
3619 2195 6342 2523 2e afuhr..  -    et a jeune
3608 2391 6395 2759 (erv th to Howit... wil a Leopoli
5542 2520 6281 2677 me nt
3658 2619 6509 2901 in Han begleitet   oder uclaat... dess
3654 2816 6384 3219 in it in pflurte t st in
3672 3073 6452 3433 voir partis, comme s et Adresse 1e sefler
3754 3315 6274 3569 wir er zu ziehen gegangen wir zu
4247 3512 4871 3740 me j ehr
3683 3533 6124 3933 in 3m aufgerei, nachdem er den
