6808 4424
474 344 2903 677 de. Nebenhof littet mit
427 652 3070 883 d Himmelaren in wungen.
463 796 2882 1100 Dampeslond Du Wegen derernd
445 1021 2856 1213 stend si warlet .de Erlicher
500 1220 2889 1444 sass auf den Bares, mit den Tufe auf
449 1441 3084 1687 der Trittret ichlief. Schobel beantr.
478 1593 2889 1843 An and I belle; er wird noch,
525 1824 2932 2103 I left it that, I will do you.
507 2060 2968 2288 al... Ehef. de Offizme...
507 2306 2950 2509 legt untermal die Haar-il leid
804 2447 2378 2635 servis. Das viel peynung...
539 2530 2932 2701 me schleernde davon... Ine sich
572 2690 3001 2947 I have a
554 2874 3001 3182 and.....becevale, Chif. jedoch.
565 3124 2842 3385 der Ritotisch leistel nach der
601 3359 2766 3591 bee Heu Genllhaft die was
648 3540 2784 3747 his d his i fut wc...
605 3689 2806 3917 ble. She is a/c and
1951 3852 2628 4065 s korllent
6172 130 6454 391 Votre
6125 409 6364 630 95
3566 409 6042 822 been Frauler Rehendik -: Weg haben
3566 710 6208 948 ni überhaupté. Es seit et en est la hille
3569 898 6237 1111 Ee holl einmal gehort alte Herr
3555 1126 6208 1296 is de Cavec itr filibte ni Schles je
3591 1274 6226 1586 hoffer werden.. Nun wenigke. wieder
5006 1452 5495 1596 Mr.. ob a
3530 1488 6078 1759 have befhle.. her will bapt
3569 1654 6244 1958 aber er nämlte ich den Tod...
3537 1929 6415 2190 The Court which she wt byelaint; get offen be
3551 2190 6454 2407 in Clof p aigus, ulamble uit wt Trolen
3591 2342 6353 2639 Mr Rihn up een eet handgreifler
3674 2628 4713 2896 J. Michheil...
5495 2758 5683 2896 da
3692 2806 6284 3124 V. Kildé repart der Brch - Einen ließ
3653 3026 6150 3287 de huilem (d Verhitt,) to une it
5090 3207 6219 3461 auf de veille
3627 3265 5104 3548 de Platz in Wagen
5086 3396 6288 3584 i hin in is h (regleast)
3700 3461 6255 3743 Seite an; Wedel die in dege
3692 3729 6386 3975 do but with [illegible] which gepillick
