3576 4472
1943 301 3003 537 „ „
664 676 2997 889 Zum Schluss. Er schicht die tausend Gulden an
667 850 2890 1033 Bogner,beschliesst ein Ende zu machen, aber
676 1033 2896 1213 nicht ohne dem Konsul alles ins Gesicht zu
679 1151 3038 1361 sagen. In der Tiefe seiner Seele die Hoffnung
688 1296 2613 1464 doch noch etwas bei ihm auszurichten.
679 1479 2958 1650 Beim Konsul: Ich weiss, Sie haben nichts. Ich
735 1600 3050 1792 brauche einen Sekretär, tüchtigen jungen Men-
691 1760 2905 1958 schen. Fahren Sie mit mir nach Amerika, doch
697 1907 2961 2084 besser als sich umzubringen. Die Anzeige an
697 2111 1996 2256 das Kommando ist gemacht.
738 2194 3106 2424 (Vorher Willis Antwort: Wär es nicht einfacher
712 2406 2211 2578 cie stundeten mir die Summe?)
709 2510 3017 2743 Ueberlegen sie sich’s. Hier ein Billett nach
712 2722 2935 2896 Hamburg. Wollen Sie's nicht benützen, senden
712 2882 1405 3047 Sie s zurück.
715 3009 2964 3221 Willi nachhaus. Brief von Wimmer und Tugut,
729 3192 2997 3322 Nicht zahlen. Er ist Falschspieler, wir haben
720 3283 3026 3496 Dokumente, wurde seinerzeit aus dem Residenz-
729 3478 1783 3676 klub hinausgeworfen.
726 3632 3100 3785 Willi in Zweifeln und Unruhe.Die Anzeige ist
712 3782 2102 4001 doch ja desfalls erstattet.
