6792 4456
339 286 825 536 12 8bre
529 342 3177 624 rieven.- Die ausgetreten. Ich bemerlich
550 607 3054 864 da Soll eilt den Torpp hirauf, i en
501 769 2951 1005 edem und ernstichlaßen; eben ei
504 956 2500 1153 cette été en ###
473 1065 3026 1403 we d gefall de m tt du kop
508 1294 2941 1548 about it will abenu quil
487 1449 3114 1728 i la vie eine oder bevgliede Royal
483 1654 3107 2006 auf dem Habe. Ihr die Rege von diesem
487 1876 3043 2250 es offrele de noffrete a d tt
501 2028 3071 2423 sach – weil ich u überlaßen Sie im
515 2278 2750 2616 Hirran but, no de Bsor
1767 2433 3110 2624 der Stugllkarte angezogen
525 2578 3269 2835 in et avschichte, de Raffe in knte.
557 2761 3114 3138 Befd than the in Eifaltre. - He
585 2913 3050 3237 tinil, mehr geborauit, Kaffee¬
652 3163 3297 3537 gler flelig.    Gut is, ust bilt.
963 3371 2934 3706 Es bat es in sium, schloß¬
2186 3639 3001 3847 bei Schlagern
621 3688 3121 4048 Hil hørte as it was, in hegt der
6199 152 6435 289 15 x
4031 130 4228 430 in
6199 261 6481 550 12th
4355 391 4658 599 Nr.
3639 398 5843 733 wird die Freien bei erschicken - h
3600 617 6354 931 de Meldis. Leiden kei Stad gehabt.
3745 836 6199 1153 - hicht de ulber sehr, wie er
3664 1086 6069 1460 faling wurde. R. Ulrig, kam
3685 1245 6400 1566 - willndt villeidt telle M
3671 1439 6280 1742 beim Remigarmee.-
3710 1643 6150 1996 selbst den Cage in Munt. -A
3717 1816 6146 2236 telfer... Han rebertson hund
3734 2080 5998 2419 l in keur tell gemeine
3703 2218 6372 2616 toben.    E. Einklofs/die Fusten
3604 2535 6446 2920 M Ranten xyz von xxx vorüber.
3724 2740 6270 3138 forleantig,.. P. A. de... Car Et.
3798 2951 5963 3315 in de König. bleibig
3875 3107 6509 3477 ... were in Can acht.. He is nein.
3918 3318 6485 3755 am mir...  Sich in meiner
3872 3562 6559 3921 schulll tord ni reste; —
3918 3777 6481 4083 dat ’t je mitthof kommt.
3748 4080 4690 4295 or
