6824 4312
694 326 2949 620 - to all to all and.
591 527 3023 828 Uhr all wich der Ehrich u. da
577 789 2230 1108 All write.
5784 60 5986 276 as
3873 64 5363 301 est avec ici vous
6106 149 6390 350 114
3650 209 4276 414 4 & 1
3554 248 6326 715 Mes hi wert ums Hen Christi. Noi on kime
3561 496 6138 910 wil das Todes Rebrücken. Ehe
3582 687 6418 1129 ut lebenswenden uit te geweest wäre.
3600 899 6365 1310 Vielleicht halb sie
3604 1143 6177 1490 1 in jute très fois une
3653 1328 6379 1759 mydept... soll ist...
3692 1508 6245 1929 nicht zu verstorben werden.
3756 1692 6354 2046 und in Cagenblick überlegt er mütter
4570 1951 4995 2120 ses être
3752 1897 6460 2273 oh er nicht auch hinausfahren könnt.
4896 2106 5406 2280 aler T.H.
3774 2145 6464 2478 nogen wir xxx ne in ihr Terrspond
3834 2361 6453 2708 litter... Aber cie nicht
3788 2538 6337 2977 was gerecht lader... Sie konnte
3774 2758 6372 3172 & de Cossil in wisft. Dep
4885 2913 6241 3126 nichtlich, en bei
3749 3016 6595 3434 ce in   harter hevich man
3887 3179 6613 3565 ...  Um u compti en ams, if....   Une mepl
3848 3381 6570 3763 Arneclare ist, wie er dem Jahr
5749 3763 6216 4018 " -
