6792 4408
720 287 957 517 94
2888 375 3150 538 al.
3528 313 6267 738 sltater pførre. - we have
3077 513 3317 728 91
491 520 3208 808 verpflichtet - wie in de hault wie 1/2 5
3521 607 6253 880 -ar ce meillier selt. un outallurnes
462 764 3015 1059 de. 11 beiee jul 7 bezahlt. d
3496 778 6304 1135 est sine selle, werft hy jefant
458 1004 3103 1226 me in beque je en bedi:- so
3536 1069 6191 1328 vu. s. pouleé. jeur n'aient donc
418 1229 3266 1477 setzer, wie die die Sti. auf 16 mr.
3579 1317 6373 1706 gesondere und hab zeven soll als
426 1422 2983 1731 bell feet... It was in even
3619 1560 6140 1884 prie conjuncte. Sll hi ut hec.
429 1688 3259 1986 Mw rein; - wod er gab, t calveke
3547 1779 6242 2142 Prenlouwis ouftjes..def.. The
422 1873 3208 2201 am Verurfladte, a Kant wird de lebens
3601 2008 6358 2346 Eltern. Sie vielte Sich lassen in
487 2062 658 2244 nt
411 2179 3245 2437 i gel ue Wll, d in werten betrachtet
3848 2237 6486 2590 1) habe bei Alten mit erindeln.
447 2437 3205 2699 at kevend de Adres schs  leven - je sorg
3623 2495 6347 2819 Iul.. hee luill ist er die ich jederl.
1120 2535 2812 2695 so dawerte is, be, (folge heute)
433 2608 3059 2815 Er d. Länner an mich ihr un¬
3528 2721 6457 3117 wen Viben ihr ist bald, zal last.
1968 2775 2794 2910 (kreut and p acht in
1160 2775 1564 2925 Ustere
346 2834 3026 3059 dast thre jouin Besod... - hilf sal.
3557 2972 6253 3357 et ma... c'est ci da et Oberstlieut
400 3125 2845 3285 n al Karl auf, wil eine rasit
4736 3183 6115 3485 I am H Heer
378 3299 3216 3576 trews jn Conrut.. Noill de heu
3808 3408 4558 3659 & Cleya
4751 3408 6231 3648 es kla inleremit, aam
2292 3474 2750 3634 Mear
5947 3488 6166 3768 2.
5587 3510 5765 3743 my
338 3503 2779 3776 in Witz -? He is gesicht
3798 3568 4747 3845 & in Office
466 3805 3165 4103 sil will dousd and...  We we
