6808 4392
2164 409 2573 556 Nicht
373 416 624 635 20 1
890 495 3007 743 isest a beaucoup
879 685 2692 965 He is al all the
768 926 2821 1134 in wahre der letzt, währe
1436 1084 1967 1249 ^ was or
703 1105 2681 1396 ne me in d in lige
725 1328 2681 1633 I was the by yed
685 1593 2717 1845 at eigne uniai je ant
707 1816 2645 2107 habes... die ieder and
703 2028 2925 2300 wel t verall irnnd...
700 2243 2871 2487 meest co in bed a, de
1794 2415 2247 2559 klar.
725 2415 3015 2681 das Frau in den
449 2699 757 2860 sive
754 2659 2753 2925 Nententes :    a diese te
746 2860 2670 3083 une in. in der tell.
779 3068 2928 3305 -at Wilsaramende ernachtete,
725 3284 2684 3531 but lay grove Doms in
725 3470 2832 3643 de Tevel... - Leopoldre staan
725 3646 2903 3887 will -kelner - volls overleend it.
750 3811 2763 4027 de Tlorenkeit and L konf.
6169 384 6478 567 20 L
3524 441 6413 829 abz. J. - de Schirm in de Haver... Wie Canly
3506 603 6180 883 nicht ein geschlaf haben daß für das gemai¬
3549 840 6022 1134 me ue et cec feil infgesteidt.-
3531 1087 6126 1360 gis freres gewi hebben. Frei son
5096 1184 6370 1367 Sleit. durchführ¬
3481 1252 6345 1536 Eer Gerenk; - als glück d. (besäumigle)
3528 1475 6345 1751 es mit, daß es wichtig zu derken
3510 1654 6363 1952 jel. —    -   in -  achtbein
3460 1920 6219 2107 b ellen...; -  brieit ; - die für offereil beie
3553 2096 6327 2430 allies jure  in d nant Schindpoulem.
3531 2329 6165 2631 - und - in dem einzullich in dem
3488 2526 5990 2835 forOslaf. De cinqur to belef
3553 2821 6162 3054 dre neiit in noit het ik
3628 2993 6029 3338 jegon in - - ai eenige in man
3521 3190 6022 3567 A trouvé gens chez moi, de se
5563 3434 6313 3668 Charried
3546 3463 6126 3826 in a Arrigiat. Theil Most
3607 3747 5914 4080 gleich ein etwa unter aller
