6808 4392
6016 281 6369 513 208
2157 292 2485 520 ...
3503 342 5974 616 sten Blick witwe leese Schorenfra
381 420 644 573 on 1
1310 491 1534 641 as
1794 377 2072 609 "
3524 566 6084 829 toft, and a de Thun;
317 548 630 783 201
705 680 2862 943 draf in...  Ue gel aen ce
3539 705 5924 1040 u et Hand mondt nt un in
555 908 2973 1168 Hoffen:... die Lett vielleicht.. ds1 -
3624 943 6134 1296 mass ihr die Küpfen zu – u. neben
3510 1114 6016 1474 do kliebe in al Raas... Er in
452 1107 2866 1410 de je uque en ficem tingelast
3532 1335 6180 1705 wie mit eine Alsdrei-ci will rif
377 1360 2795 1648 to dur Je eibe. Aar it d T. L.
3467 1509 6130 1887 and tm wurke wilt, -e wollt an
395 1559 2901 1947 in de Mange. -   uit ewer
3517 1780 6387 2150 det i.ge - soll n it was in 12 vrkalte.
409 1862 2688 2147 o to buivis Blick irr
3588 1986 6070 2307 i, th i n Hen up de Tupf non
303 2086 2930 2414 es in ficher ist, ich auf der Tiel.
4098 2157 5166 2357 in me.
3546 2271 6048 2453 I ame to this is in
413 2328 2670 2606 es lis de ofm t i w i
5682 2449 5895 2556 in
3524 2417 6084 2734 Hos put, hee eiee Heer, de du
3393 2520 3809 2745 Leben
345 2599 2844 2809 wenn wagleit, of ne is... it with
3482 2638 6173 2944 Seite schild jll b. halfvondt de ny
2047 2759 2542 2976 Tolyte
370 2763 2844 3108 de Polst gestedt er in den Parlemen¬
3453 2809 5607 3119 die Heeg nachgelais we...
352 3001 2752 3240 das in wit terremen alle kleus
3653 2987 5682 3321 st plötzlich - mit in der
3638 3275 6024 3532 werd 2 is in griff in der Bn
285 3208 2645 3524 keite, vele de T scheinhr, a
3549 3425 5824 3692 in and it with mei -
399 3421 2731 3752 we are inbr de Ligarell le
3638 3585 5885 3827 ist, soo auch mit sein Fimp
402 3653 2542 3909 (Titall alle atmømmt) “ Ei
3795 3852 3984 4069 -7
360 3848 2545 4137 was, wie wie in einem Blad
