3560 4472
724 880 2152 1040 Schluss der Bachder Hovelle.
714 1034 3167 1262 Eine Quittung Schnables trifft ein über die gan-
764 1181 1942 1353 zen elftausend Gulden.
720 1309 2860 1522 Willi zu Sch nabl, der schon abgereist ist.
714 1479 3120 1651 Zu Leopoldine: dadurch dass sich die bevorste-
708 1610 3086 1814 hende Abreise erfahren hast du mir einen gros-
699 1811 3057 1942 sen Dienst erwiesen, der mir elftausend Gulden
692 1905 2675 2121 wert ist. Wir hatten Geschäfte mit ihm.
686 2080 2713 2262 Willi:Und wenn es zu spät gewesen wäre.
689 2233 2042 2443 Wär's halt zu spätgewesen.
673 2399 2139 2550 Willi wieder in die Kaserne.
667 2569 3035 2747 Der Bursch bringt den Tausender zurück. Bogner
724 2703 1764 2857 hat sich erschossen.
655 2860 3029 3020 Willi denkt daran nun den Tausender sofort an
711 2979 3233 3211 Leopoldine abzuschicken.Dann überlegt er sich's
667 3151 2071 3352 vielleicht bringt er Glück.
