3432 4216
2508 397 2696 531 173
644 567 2798 725 als Greisin gegangen war, blieb um Willies
561 674 2845 892 Lippen ein überlegenes und zugleich bitteres
555 835 2947 1044 Lächeln...Ich bin jicht würdig Euer Kamerad zu
540 1020 2768 1193 sein. War es Einsicht oder war es Hohn gewe-
543 1151 2899 1318 sen? Verachtete er sich oder die Andern? War
555 1315 2917 1470 es ein unwiderruflicher Entschluss, den er aus
555 1464 2890 1637 gesprochen? Hatte er sich mit der Mitteilung,
555 1619 2866 1766 dass er (schon) seinen Abschied eingegeben, tat
558 1790 2899 1957 sächlich schon gebunden? Stand es nicht immer
555 1939 2902 2088 noch bei ihm das Abschiedsgesuch einzureichen
570 2115 2798 2258 oder nicht. Und wenn er das Gesuch wirklich
552 2246 2848 2398 abfasste und absandte, würde er es nicht mor-
552 2413 2798 2547 gen schon bereuen? War da nicht eben gerade
561 2535 2881 2696 das erfolgt,was er um jeden Preis,um den sei-
552 2714 2902 2872 ner Selbstachtung,seiner Ehre hatte vermeiden
552 2848 2807 3000 wollen? Stand er nun nicht vor der gleichen
546 2994 2857 3170 Frage, die er im Laufe dieser letzten Stunden
722 3167 2705 3352 und Tage immer wieder an sich gestellt
2962 3242 3084 3454 &c
564 3311 2854 3487 und nicht hatte beantworten können. Was fange
561 3406 2950 3633 ich an, wenn ich nicht mehr offizier bin? Nein.
635 3734 2824 3976 -tten, -es ware ihm wie eine anredlichkeit
