6776 4424
6183 107 6444 340 152
3777 240 4327 393 n
6251 300 6502 436 741
2983 368 3276 569 126
6230 422 6480 662 128
501 361 3101 669 des le affemt et. kry ab, macht ici
3587 368 6198 662 -  Le Sturck hadt de Kaffee; et sich
2800 647 3265 837 wis
3558 604 6262 880 der Tic uod an Welt is, denkei in -
486 594 3222 962 bequem und warf mit auf Bett.
497 833 3065 1127 mit Hove u Schut aufs Nett.
3558 790 6416 1141 hills uit mit un Bett auf wie trach.
3569 1059 6319 1298 "Toll is Her trent wille helfe. Her
504 1051 3279 1291 Vor neis kei ick in nicht zu tater Robert.
3630 1234 6223 1506 any..  Nein   etc    but
483 1234 3186 1538 Hoffentlut ist er in Wien... Aber
3591 1441 6123 1713 will not a lvil weill... xxx
415 1473 2986 1709 natürlich über den Man soll nicht in
3623 1627 6180 1856 Soll us. H Lui verhen.... E Uhr
426 1649 2979 1949 true cen... Ich werden gleich
3619 1824 6233 2110 I shil t-ll, hulle l kort.
379 1852 3093 2182 in also zwölfte tille, kur
3684 2049 6019 2357 Bei waren. Auf zu Verle¬
361 2121 3008 2310 & Bope auch sein Heil... was
3576 2289 6251 2528 keltiert werden man bei Haseln muss
415 2303 2900 2586 wilt zu spät ist...
3537 2478 6148 2829 his in J.C. I pite 2. & in Professor
426 2485 3304 2811 The Sache idie in duren lignblik
3533 2732 6341 3022 bestellt, - wegen... Aufgen......... sei..   G.
454 2747 3043 3026 gany is forh - ja cnill w'itwer...
4388 2875 4903 3033 Realer.
3583 2922 6008 3201 Bill ld to Leit.. Bill. I but,
476 2965 3065 3165 schlafen wenn wir, dass es mir nicht in
447 3122 3151 3380 dre. Kindes his dahin desi vollt.
3562 3147 6137 3415 talten..... J...... Riet.... xxx
3591 3344 6119 3612 ...    Il   un été de jours
422 3380 2933 3684 Um 1/2 8 wartet wollte Boyner
3687 3566 6391 3891 Kell... Hen Leit... he that 90
433 3637 3058 3912 in de Cilserkin maiti..... Er
3755 4059 4721 4288 by or in
