6856 4376
282 352 694 525 102...
500 398 2741 744 You are fakt forge nn ker lint -
451 687 2939 884 ... he Stend Aepbjutent jaar to
465 870 2939 1114 Alle ne si il gefiebt tall, sint in der u
655 1064 2956 1265 It ist. I will the first weil all
655 1251 2918 1424 set en Cryn ultrues.....    ud in
631 1374 2995 1624 a dar ome Une tœuf je tres, - il
1966 1575 2290 1720 aules
1459 1589 1804 1684 in le
539 1642 3154 1896 Nei wil nie großen. Alle ich meinte
613 1832 3122 2107 Sie nenleit hatt zu Trann; wie es auf
666 2051 3203 2259 Dee bemerk... die glen. Sine einzustrecken
744 2266 2453 2498 xx    I will note
814 2460 2875 2615 st vertien chil a K. L. - lea; -
684 2636 2963 2868 will will cost - wie at + diess the
596 2773 2925 3062 Mein.... ob da ich sey ein wel
810 2939 3143 3221 Oh   ich schon tinn uit handel
758 3242 2837 3450 ....  M. eilfl  - sind... je I.
863 3379 2879 3601 Uur... will liberteil the
884 3555 1889 3802 have till...
835 3732 2527 4031 Jas T.M. bef.rei.
6047 169 6357 356 165
3566 254 6050 585 lis je dessen Haarttier gehabthelt. Es wachli
3580 522 6174 786 An einer Mühe sich roopstelle, daß das tuhr
3527 680 6360 980 trerte eiebieter mogen by evil den hellkunde
3538 892 6205 1180 Wischekopf „ und die gesetztere Terren, und
3591 1096 6293 1417 du de tafal vertersetet ui (sieur Tout
3563 1314 6219 1639 diculb rescollte; - abe-in perfel u
3555 1631 4757 1896 will ought.
3608 1843 6078 2104 Erbstete unter sich zu verstellt,
3587 2040 6124 2305 that, at theit us it iwee with rds
3552 2238 6040 2618 imme; (aber sen Florinae pfant.)
3598 2474 6156 2833 si wupl nist, daß domine ein unter so¬
5864 2699 6156 2897 selut
3619 2759 6086 3101 in und einigen und mit einer Flau
3573 2942 6128 3326 nahigtels, die er auffallende will Bleid
3686 3245 5913 3601 jeliez at jura soit ia a eu si
4133 3467 4310 3598 2R
3760 3492 6297 3844 en Empl in Kriebian un devant
3622 3763 5955 4091 "unter di hicliem" be in
