3688 4360
2741 418 2935 616 136
1246 597 3042 822 Es war nicht Josef, auch keiner der
1134 779 1356 882 rnte
737 746 3039 970 Kameraden. Ein dürftiger, ärmlich angezogener
1583 910 2041 1013 à ses chefs d'icel¬
737 964 3014 1137 Mensch stand da,hielt ein geschlossenes Cou-
740 1083 3054 1280 vert in der Hand. „Bitt schön, wohnt hier der
743 1252 1832 1483 Herr Leut nant Kasda?“
1337 1389 1826 1583 „Bin ich“
1295 1559 2951 1750 „Ich hab den Brief da abzugeben.
1304 1692 2966 1935 (Ein Brief für mich? Er hielt
764 1856 3066 2092 ein graues Couvert in der Hand. Herrn Leutnant
758 2032 3093 2235 Wilhelm Kasda, Alserkaserne. Oben stand der Na-
767 2192 3005 2365 me des Absenders gedruckt: Ferdinand Schna
773 2311 2978 2511 bel,Exporthaus,Wien I.Hohenstaufengasse 6.
767 2475 3205 2681 Tuufmi, Was kadatat danux hatldenn) das zu bedeu-
782 2593 3063 2841 ten? Eine Mahnung schon -! Oder Treiwilliger
785 2760 2993 3014 Aufschub -? Das Papier knitterte in seiner
840 2917 2929 3151 Hand „Haltung“ Haltung! „Is 'eine Antwort?“
773 3093 3175 3269 Der Ueberbring er zuckte die Achsel. Willi öff-
785 3245 3081 3457 nete den Brief, indem er das Couvert aufriss.
791 3393 3163 3609 Es gingnicht ganz leicht,da er schon die Hand
791 3548 3072 3794 schuhe angezogen hatte.Ja, so feldmässig,so
976 3782 2353 4070 voll Zigaretten. Der Auus...
