3608 4488
2437 332 2819 537 xx
2015 315 2440 574 in the same.
718 439 1097 625 pch
2620 619 2833 782 212
622 796 1694 1007 Schluss der Hovelle.
1097 937 2788 1185 Sie geht. Er will ihr die tausend
644 1120 2808 1351 Gulden durchs venster nachwerfen. Dann ent¬
703 1246 2848 1519 schliesst er sich anders, legt die tausend
701 1396 2921 1646 Gulden in ein Couvert,adressiert es an Bog
715 1688 929 1863 ner.
1182 1700 2926 1941 Als der Bursche um sechs Uhr Früh
732 1860 2884 2110 hereintritt, sieht er es nicht gleich, denn
737 2034 2876 2268 gein erster Blick fällt auf seinen Herrn,
751 2158 2836 2423 der in seltsamer Haltung in der Ecke des
743 2369 2684 2569 Diwans lehnt. Er hat sich erschossen.
1162 2479 2963 2693 Die Kameraden waren natürlich über
709 2634 2907 2864 zeugt,dass seine spielschulden die Ursache
771 2828 2817 3014 des Selbstmords ist und waren höchst er
774 2918 2878 3185 staunt, als ihnen vom Konsul Schnabel die
793 3104 2839 3365 schriftliche Mitteilung zuging,dass die
799 3230 3064 3481 Schuld bereits am Vortage Nachmittags sechs
799 3382 2926 3647 Uhr durch eine unbekannte Dame beglichen
765 3680 1334 3832 worden war.
