3592 4328
2702 688 2902 848 132
788 808 3048 1011 schon heute Mittag erledigt war,-wenn er si-
785 1005 3013 1162 ter bedachte, dass ja alles, was er seit ges-
794 1125 2836 1328 tern getan, was er unterlassen,dass alle
791 1254 3056 1488 seine Gedanken und Gefühle überhaupt nur in
783 1428 3082 1600 Hinsicht auf den Pistolenschuss heute Mittag
791 1562 3050 1759 um zwölf Uhr eine Entschuldigung,einen Sinn
788 1714 3050 1942 gehabt hätten, so sah er ein, dass dieses War-
803 1902 3073 2068 ten nichts anderes bedehtete, als eine Gefahr
780 2068 3048 2211 mehr: die Gefahr schwach zu werden und sich
791 2236 3076 2359 lächerlich zu machen. Und überdies, so dachte
1365 2339 1542 2448 Elep
788 2368 2845 2551 er weiter, was war denn das auch für ein
783 2525 2839 2711 Leben,vpa dem es nun Abschied zu nehmen
774 2699 2959 2879 galt.Nun war ja auch die Erbschaft des On-
768 2822 2996 3019 kels beim Teufel, die damit die letzte Hoff
771 2979 2965 3216 nung auf eine bessere, etwas sorglosere Zu-
774 3136 2970 3350 kunft.Nun war er nichts ein kleiner Infan-
783 3299 2968 3473 terieleutnant ohne irgend welche Aussich
785 3436 3033 3653 ten als die allmählig aufzusteigen zum Ober
791 3587 2976 3819 leutnant, zum Hauptmann,später einmal viel-
