6856 4328
6008 49 6407 291 200
6166 266 6544 501 191
445 214 627 424 1"
2941 326 3256 532 196
518 378 1057 546 noall
3690 336 5966 634 Mélicelleur Léchels bemeublire. Je
494 403 3015 665 nd habe j ull tillaf ge rindtua
4454 497 4776 637 la id
3641 543 6456 896 en on wohl an de Ziel erei uit zu empfehlen
459 634 2882 868 bin, die in eren in der W. deken
3750 781 6176 1047 Avril le belft; abe a cre en clerc is.
543 791 2766 1026 in eerit in Eein lachten...
3757 973 5956 1257 in der Fachde, - das nachricht eingleich
501 994 3071 1204 Allmälkelt bege es zu drinkehr.
3746 1173 6362 1467 einem eigenlage in den sich zugleichheit.
504 1183 2941 1415 hils überlegt abe, ob er die Lamp
3785 1316 5942 1600 Be j i fait in hieck li dela...
469 1355 3008 1576 auszieden sollte, die ich hiebe
483 1530 2976 1772 de is up ofin beest der. - da z.
3781 1569 6134 1793 Wollt' in die für beile halten...
525 1723 2875 1943 in d Heil wieder, esselgert
3862 1772 5917 1933 We falt ere vogem i mann
4968 1838 6306 2048 Be the xxx tus
511 1919 2854 2132 at hall de weil her bedich;
3729 1922 6288 2195 jehren ihn... S. überheilen laut
511 2052 2801 2290 den zu ergehlt da w i bist
3746 2094 5956 2314 do see wulhte:- mit kein bin
476 2241 2871 2510 der ich in nicht in uns Ich - R-
3694 2300 6267 2556 Cem gal f o nige erkennen
494 2419 3018 2689 aus ud Heilgekreng genen hatt; -
3767 2500 5984 2833 defs - ch Thinscht in
459 2626 2892 2871 in mollt mit eben schrift oft nehmen
3781 2727 6302 3074 freil gelebt will. enlved. I
539 2790 2938 3071 ob is in augenhm full tost from
543 2969 2745 3204 ware - I do not in a Heil set
3778 2983 6064 3274 da het zu trunn, und die in geben
543 3165 2927 3435 wobit iore ant. Stecht it fest
3746 3193 5924 3463 Witte zu sagen: daß ich nicht
518 3319 2710 3603 and has not even pater. To the
3757 3403 5966 3725 Sind. wilt die Lage. Il
515 3508 2559 3746 do  bdennent a innestinill
3830 3603 6026 3883 ener is ne de ubertous schon —
539 3676 2727 4023 zu - bedeinend ab der rechten.
