3416 4200
2561 413 2747 577 167
492 539 2974 770 schüttelnd. Also kurz und gut, der Empfänger des Brie-
483 782 3015 993 fes hat sich nach deinem Verlust am sonntag entschlos-
501 927 2794 1132 sen uns - - einigen Andern von dem anon###n en Brief
483 1129 2924 1312 Mitteilung zu machen und da hat sich herausgestellt,
492 1255 2905 1441 dass einige von uns gleichfalls fast gleichlautende
2381 1413 3015 1627 her pk de
2170 1507 2290 1675 P.
495 1495 2025 1690 anonme Briefe erhalten hatten.“
2719 1545 2883 1681 for
915 1630 2397 1854 „Von derselben Person off=nbar“.
2693 1662 2889 1801 Yours
413 1709 514 1873 3.
918 1829 2971 1993 „Das ist anzunehmen. Und nun haben wir doch
432 1921 530 2097 G.H.
495 2012 2876 2192 in deinem Interesse es für richtig gefunden der Sa-
501 2195 2946 2327 che nachzugehen und uns telegraphisch an den Klub ge-
508 2334 2883 2501 wendet mit der höflichen Anfrage, ob vor Jahren ein
501 2520 2949 2728 Herr Schnabel, jezziger Konsul, Mitglied des Klube war
511 2671 2958 2895 und aus welchen Gründen sein Ausscheiden erfolgt ist
505 2901 2132 3088 wegen einer anhängigen Ehrenache."
984 3075 1369 3201 -Und -? "
984 3214 1962 3425 Da ist die Antwort“.
1022 3375 2905 3586 Willi setzte sich und las das Telegramm:
1053 3580 2987 3740 „Herr dieses Namens einige Jahre lang Mit-
