3592 4344
2571 692 2761 837 127
708 790 2900 1030 den. Und sie geben den Brief persönlich ab.
701 967 2874 1153 Und wenn der Herr Oberleutnant nicht mehr
714 1143 3017 1333 zuhaus sein sollte,so geben Sie ihn der Frau
714 1289 2871 1488 Bogner.Es ist dasselbe. Und verstehn S'es
727 1437 2868 1684 ist sehr wichtig.Sie sind ja ein findiger
727 1567 2931 1800 Bursch,Josef)Es ist dringend-für den Herrn
730 1744 2887 1974 Oberleutnant.... Ja, jetzt während ich mich
723 1898 3039 2113 fertig mache,falls vielleicht irgendwer nach
739 2085 3010 2259 mir fragt, ich bin schon fortgegangen,bin na-
739 2214 2259 2426 türlich gegen Mittag zurück“.
1248 2347 3036 2562 Er hatte noch schärfer gesprochen,
739 2521 2957 2726 als es sonst seine Art war.Jetzt niejte er
745 2688 3073 2865 kurz, worauf der Bursche verschwand mit einem
752 2837 3295 3045 gutmütigen,ja mit eigem geradezu rührenden Kind
1671 2976 1921 3077 neben.
745 2991 2852 3197 Blick (der ganz flüchtig an der Stirn des
749 3146 2887 3374 Hernn reutrants gestreift war. Der kriegt
2666 3133 3143 3332 und meisten
764 3317 3045 3500 auch was, dachte Willi.Die Zigaretten. Und in
777 3408 3048 3652 die andern Sachen, da sollen sich meine Kame-
777 3576 3089 3882 raden teilen Das werde ich einfach auf einen
