6856 4328
5992 54 6375 269 20c
6189 254 6472 437 is,
4670 287 5214 426 wehrlos zum
3584 323 6462 588 sind, wegen, aber mit habenstwurzkeit, - kann er
358 423 667 634 est
3612 552 6494 735 ermachte er zu alleine in ein klaren Bemplaren.
498 466 3064 731 benschich, in Zelleter; - und
993 649 1846 788 I will go in
469 706 3078 889 belt und wie un gehabt; aber er soll
3587 684 6401 950 der Wirklichkeit.    He had
763 864 1097 1039 hall,
3659 857 6350 1104 veit in, de alhilousson, de leben a
469 900 3064 1122 in der 2 Jahre cien mit eu Rave
4358 1021 4713 1136 over
5408 989 5788 1140 tuls
3652 1014 6436 1290 imtllyihen nov fori; -/er fak oul. Fett
452 1100 3136 1351 in you habmitt i shall have
3641 1197 6329 1419 Frohren, bin es bei der klepfel, sich nach
355 1301 3168 1527 mit einen kommenden zusammengewen ver¬
3638 1394 6257 1674 Revi & begik; - sie paar in cedt je
373 1502 2899 1695 brecht, da ich es nicht lange, bey
5666 1570 5831 1666 me
3616 1645 6332 1860 mit en nicht u. mit ein xxx
441 1720 3053 1878 cotele, - ae den xxx in duleit sompt du
3698 1781 6211 2079 auf ein Lagepietrek.. Er nach der
426 1864 2957 2114 zu bericht gewiß sein...
710 2053 1168 2215 dere in
3670 2000 6114 2251 Hondete, - die in de Alserten
459 2107 3071 2326 nicht gut ausgezogen; wie wie ein
3627 2236 6264 2476 aussi, - ua besserittig, kommen je me
444 2236 2666 2573 gute Verbedenburg erschre.-
3666 2458 6168 2731 gebyli ut de Hof eine mit einem
495 2523 3118 2763 Er schleiderte über den König; in der
3684 2623 6160 2971 ficilie, ohne, sie er geprhelt.
441 2699 2992 2921 ging Offiger, in in jeges Clyarix, che i Mark
477 2892 2810 3129 und durch, in den ging Vorver, den er
3684 2842 6343 3172 any Vorveur is an celuff.... The Blnk
2233 3025 2838 3172 Augerand, etc.
387 3057 3043 3322 begegnete, wie wie nach
3695 3107 6175 3344 Dein Birck, u. in Versäumen bestiftig, dei Hoch
416 3254 2985 3534 viell, in erheulich Anblich; -
3706 3258 6282 3541 at the huile & said de faucohe of the
430 3440 3046 3741 das in Trine, in eine Ruplisse, auf
3666 3455 6229 3698 afinlant in Oorly j. kragen, mellele in alle
3709 3634 6203 3921 Crein, daß ich wilt zwei negnet; - We¬
426 3609 2896 3892 in Frau, nahmen baut in uns kom¬
452 3784 3179 4057 in lei feite blekteel illicher zu leisten,
4781 3853 5114 3999 & -
