3592 4472
698 789 1097 994 Bezahlt.
698 960 3089 1107 Ein junger Leutnant hat im Spiel 1000 Gulden verlo-
692 1153 3058 1297 ren. Er ist anfangs verzweifelt, entschliesst sich
390 1172 518 1294 wch
346 1256 630 1387 betreffend
689 1281 3133 1443 dann, zu seinem reichen Onkel zu gehen, um die Summe
380 1353 558 1440 Mills
390 1406 614 1521 auf h.
695 1434 3012 1643 von ihm zu verlangen. Der Onkel weigert sich. Der
680 1606 3155 1793 Leutn. wird immer dringender, droht, sich zu erschies-
639 1746 3139 1880 sen; der Onkel kann nicht länger aus und entschliesst
689 1945 3133 2073 sich, dem Jungen zu gestehen, dass er überhaupt kei-
680 2039 3083 2241 nen Kreuzer mehr besitze. Er hat sein ganzes Vermö-
683 2207 3174 2397 gen einem Frauenzimmer verschriehen, die Einzige, die
683 2404 3189 2538 ihn nicht verhöhnte, die die Komödie der Lust vor ihm
667 2525 3133 2700 zu spielen wusste. Er zögert zuerst zu gestehen, wer
673 2706 3065 2871 sie ist. Nach längerem Drängen, sagt er seinem Nef-
673 2834 3133 3033 fen, es sei keine Andere als Augusta, die er mit ihm
664 3002 3024 3161 zusammen vor etwa drei Jahren kennen gelernt habe.
720 3174 3074 3320 :bei Ronacher, Blumenmädel:.. „Du hast sie ja auch
664 3336 1082 3432 gekannt.
648 3439 3099 3644 Der Leutn. erinnert sich an Augusta. Die hat sich da-
639 3591 3018 3810 mals in ihn verliebt, er war mit ihr zusammen, sie
655 3741 3121 3934 wollte kein Geld von ihm nehmen, er aber, stolz, hat
673 3906 3105 4109 ihr eine kleine Summe auf dem Nachttisch liegen las-
362 4221 458 4308 4.
