3592 4328
2646 677 2848 808 131
831 802 3112 984 dern hatten am wenigsten Schererei und eine
831 967 2964 1138 konnte man doch bedenken: ob es wirklich
819 1110 2999 1292 heute, gerade heute zwischen zwölf und ein
828 1266 3064 1485 Uhr sei j müsste.Es war ja immerhin denkbar,
839 1459 2945 1588 nicht gerade wahrsche inlech, aber denkbar
836 1588 3121 1770 doch, dass der Konsul es sich noch überlegen
831 1735 3084 1895 würde, dass er vielleicht die Anzeige an das
836 1900 3001 2065 vommando nicht gleich um ein Uhr absenden
834 2065 2930 2230 würde. Und keinesfalls war es ein Vestoss
822 2222 3087 2407 gegen die Standesehre, wenn Eiix man so lan-
834 2361 2828 2546 ge wartete, bis man zum berst befohlen
2680 2481 2879 2578 man
831 2501 2993 2711 war. Dann war ja immer noch Zeit und starb
839 2654 3110 2834 immer noch als Offizier. Aber wie er das nä-
822 2859 2993 3007 her überlegte und sich vorstellte dass er
831 3024 2982 3158 nun warten sollte bis morgen vielleicht -
3013 2996 3260 3275 and
845 3130 2896 3329 vielleicht noch länger und dass es doch
834 3317 3124 3494 morgen oder überthorgen wahrscheinlich nichts
836 3479 2945 3610 anderes übrig bleiben werde, als was auch
839 3607 2845 3801 heute geschehen konnte und xxx überdies
828 3784 3090 4037 bedauern würde, dass das Unumgängliche nicht
