6776 4312
433 270 649 537 16c
646 353 3011 689 da fil tal. de juge nt dort
631 591 2957 858 wil in hoch soll lasse.
750 765 2881 1075 we die dem T. Gerechli sagt
689 1039 1919 1269 entr. daß ich
1659 1089 2557 1338 weiter A
671 1223 2968 1457 Robe Lillie.
703 1417 2907 1691 mit einer unverhldige nicht
649 1644 2917 1872 wiszvonleben Hernberg ein¬
804 1796 3145 2063 & not. was alle ocgeblent. Lett.
620 1987 3217 2250 ... de Munkst de che... xxx xxx; il;-
721 2196 3000 2420 Er hatt mir; und hilte ich
703 2326 2961 2557 t eflos du atelu; avec ses
746 2477 3058 2827 Werbe gingt, daß er die Koffer
718 2683 3098 2993 nach und mitzugeben gewille m....
685 2827 3044 3188 Rale hille is itt were
721 3087 3105 3375 selfite. un certat, ni ujent
692 3213 2694 3552 sen argeknüpfer sorte
667 3372 2827 3765 Heim T. Gemelden.. lebt... ja
732 3595 1839 3862 mucht in him.
6019 36 6347 317 20x
6228 299 6498 563 102
3631 317 6134 617 Je n'en eulett très bien en
3585 523 6423 844 und zusammen u die siehst..... Er statt
5597 736 6095 880 for he
3606 685 6325 985 wie auf, wo zum einigen habenlaßen.
3624 934 6109 1226 war das segli a....... In hal.. wich zwischen
3657 1107 6271 1428 das in Parlepée in ein Vermöge. - leb
3624 1313 6297 1587 mit weile... Ic. hilt, die wicht unter¬
3570 1507 6322 1767 no di wuste hoffullut me afahie.
3588 1666 6488 2005 in bei gueth Roi der alt
5381 1893 6149 2066 so weit it.
3585 1897 6462 2239 wenn es mir nicht (doch nicht entillass
3531 2106 6235 2416 kei wurde  ja wieder auf
3631 2315 6167 2528 das in auch die gewandt wird.
3577 2496 6250 2773 die (von)de Jugend zi Knise
3631 2744 5918 3018 (in allenhulich mit verstanden).
3758 2874 6214 3112 sch. verlet die, vnkeh. erndult. Wil¬
3671 3141 6077 3444 ab... dawil. est y unt wel
3743 3303 4511 3541 gesagt.
3725 3419 5604 3747 Alles ist damit gesagt. Tod
