3608 4472
2831 556 2955 694 12
1104 688 2440 893 gen zusammen erschiessen.
1096 858 1854 1034 Leonhard geht.
1123 985 3128 1185 ein Brief des Konsuls kommt. Bis morgen
1093 1174 3066 1328 Mittag zwölf Uhr sei Zeit.Er möge die
1131 1293 2637 1484 gache ja nicht leicht nehmen.
1106 1465 3050 1652 Am Abend erscheint.Albine.Sie spricht
1106 1635 2966 1768 vom Geld gar nichts. Endl ich erklärt
1109 1762 3122 1935 sie ihm, es sei unmöglich. Auch wenn sie
1112 1962 3041 2081 wollte - unverständl iche Andeutungen,
1106 2065 3193 2232 Sie spricht von ihrem freudlosen Leben...
1125 2253 3179 2386 Wilhelm wird zärtlich, Albine beginnt zu
1117 2361 2912 2553 weinen. Nr wird leidenschaftlich. Sie
1112 2569 1903 2710 bleibt bei ihm.
1123 2728 3128 2874 Am Morgen beginnt er wieder von seiner
1120 2834 3190 3017 Schuld zu sprechen. Sie achtet nicht da-
1123 3023 3217 3155 rauf. Endlich bevor sie weggeht erinnert
696 3109 1015 3263 du list...
1131 3141 3128 3325 sie ihn an ihr erstes und einziges Zu-
1133 3276 3309 3522 sammensein vor fünf Jahren. Es stellt sich
1128 3481 3209 3654 heraus, dass sie in ihn verliebt war und
1131 3589 3222 3773 dass er sie aufs Tötlichste dadurch ver-
1136 3770 3217 3994 letzt hat, dass er sie nahm wie jede An-
1131 3892 3163 4134 dere und ihr in der Früh - sie schlief
