3608 4488
810 873 2931 1078 Einfall Willis das Geld von Frau Kossner
757 1081 3110 1203 sich zu verschaffen. Das fällt ihm später ein,
757 1186 3095 1460 er war also auch schon bereit sich zu verkau-
751 1379 977 1501 fen.
792 1534 3026 1662 Wie Willi sich umbringen will, sein Bild im
718 1686 3083 1853 Spiegel, das ihn an Elriefs Bewegung erinnert,
733 1847 3125 2008 wie er sich den Handschuh abstreifte.Er fühlt,
751 2014 2863 2151 dass auch seine Bewegung unecht ist.Dies
727 2145 1647 2306 macht ihn zögern.
