6808 4392
345 345 616 597 est
5979 402 6295 556 201
3504 412 6001 712 dort chez gens du poil mur. d Theils
476 498 2817 802 at we deif die thee ick hørte
3539 632 5835 913 gericht selbst an den Vyrnhol, in
383 738 2954 1032 daar sie er den mittel er von ihm fort -
3526 814 5857 1108 Hindl d Rechand in Brnh
489 974 2961 1214 erbar mit, oder die heu  naat de Laven
2121 1140 2303 1226 1
3510 1067 5777 1325 das... Wort et ejus: der
521 1166 2798 1399 in pour il n'a a été pas... Si havent « An
3551 1281 5845 1549 it de je  " - offen aet xxx
530 1325 2670 1571 auf der Freunden J., d. d.
514 1565 2699 1795 We was left klopf.. and d
3532 1523 5678 1788 Tout ju, dessière nt j wel
559 1747 2635 2002 Een Lerenblick... Sie half -
3532 1750 6027 1990 facie in Steiner, in schuln bei
489 1990 2772 2255 beschieden; - besaar ist, wie
3520 2022 4487 2271 & Cherbich
511 2220 2846 2453 ungehärt; entleiten zu he
3628 2236 5800 2482 Nur Auf dein Möhl... ich seit -
3692 2453 5755 2718 sliess wil lope an i Sie
495 2408 2964 2708 Eebart. Pristen, zyläve; - balt
3638 2670 5746 2913 bleet dem, et ne
485 2606 2820 3031 it be G of Deahlen; - hilly
4101 2798 4407 2945 uste
3705 2871 5618 3216 ne a pas geleurt, stelle.-
556 2922 2705 3219 b deuf je will ta and de
3676 3101 5666 3312 kehr bin, - gab hilte poen is
559 3136 2654 3408 wie 2 Teilal, beim Freile,...
3714 3325 5698 3587 taven; self a till kind; - aif
1313 3363 1888 3551 alle -
2082 3436 2482 3590 W. W.
562 3405 2070 3647 sul r -a the culbert.
3756 3545 5579 3740 & just left as
604 3577 2418 3788 une de c'est pe; leopre
3788 3721 5733 3919 er wolle.. aber die uns durch
591 3730 2239 4008 & Fich aif or Kosten
3848 3890 5583 4130 im wollte; überlegt seine
565 3912 2699 4145 Ist zu heilenllären.
