3432 4216
2649 362 2839 534 174
435 552 2749 739 Das Sonderbare war,dass diese Frage,so unlös
441 742 2658 893 bar sie vorläufig noch erschien, ihm die Zu-
447 899 2800 1053 kunft nicht mehr verdunkelte. Ja, es schien ihm
450 1029 2604 1189 beinahe, als breitete diese Zukunft,die so
447 1189 2867 1379 hoffnungslos vorgezeichnet,vor ihm gelegen war,
450 1328 2794 1506 nun erst mit tausend neuen Möglichkeiten sich
453 1497 1343 1651 frei vor ihm aus.
860 1629 2755 1792 Und er wusste, dass er vor allem noch
462 1780 2800 1952 einmal den Konsul sprechen musste, dem er sich
465 1952 2794 2100 gerade nach den von Greising überbrachten Mit
510 2094 2728 2275 teilungen nicht etwa ferner als früher,son-
459 2236 2692 2402 dern seltsam nah,ja in einem gewissen Sinne
459 2387 2758 2553 verbrüdert fühlte. Er wollte zu ihmund ihn um
465 2547 2707 2728 Rat fragen. Doch ehe er ging besann er sich
456 2658 2879 2870 noch einmal. Er wollte nicht in uniform vor ihn
1370 2821 1904 2921 sein Unfertl
465 2861 2788 3072 treten.Er legte die Kleidung ab und nach Jah-
1946 2948 2728 3057 ein marf mit u Cirel
474 3024 2858 3208 ren zum ersten Male wieder, legte er den grauen
462 3168 2864 3328 Anzug an.Und schon als er an der Türe war, trat
468 3334 2885 3491 er wieder ins Zimmer zurück und fasste sein Ab-
2492 3431 2574 3503 in
471 3476 2758 3712 schiedsgesuch ab. Er war sich nicht xxxx
643 3781 2821 3965 weiten,- es ware ihm wie eine anredlichkeit
