3416 4216
2806 404 2998 553 177
1913 418 2099 639 reffi.
753 553 2892 825 der im Besitze der Tausendguldenbanknote,
756 730 2901 977 tat sie in ein anderes Couvert,setzte die
762 868 3030 1091 Adresse von Leopoldine Wilram darauf und be-
770 1031 2901 1234 auftragte Josef mit der Besiedllung. Ueber
767 1200 2852 1418 dies schärfte er ihm ein,weder dort noch
776 1349 2958 1564 anderswo eine andere Auskunft zu geben als
773 1481 2964 1707 dass er zur Erwägung einer Privatsache die
785 1641 2975 1890 Kaserne verlassen und abends wieder zurück
785 1876 1349 2085 sein werde.
1303 1922 2941 2128 Im Hof traf er keinen Kameraden
790 2102 3027 2320 von seinem Regiment, zwei anderen entfernte-
802 2268 3038 2466 ren, von einer anderen Truppe, fiel es weiter
799 2457 3036 2666 nicht auf, dass der Leutnant Kasda in Zivil,
799 2600 2950 2809 die Kaserne verliess,da sich dergle chen
805 2709 3101 2947 manchmal auch mit Erlaubnis des vorgesetzten
816 2872 3119 3116 Kommando aus verschiedenen Gründen ereignete.
808 3033 3056 3273 Als er eine Viertelstunde später wieder dem
819 3199 2915 3416 Konsul in dessen Arbeitazimmer gegenüber
819 3331 3064 3554 stand,wusste er kaum,wie er hieher gekommen
819 3511 3073 3717 und er merkte, dass er den Weg in einem selt
