3576 4344
2250 628 2442 784 133
659 753 2629 1022 gielleicht bis zum Major;- die einzige
659 925 2785 1174 Ch. noe, die sich ihm bieten konnte,war ei
671 1073 2790 1324 ne gute Heirat. Aber wo war das reiche Mä-
679 1259 2680 1489 del,das einen armen Infanterieleutnant
691 1384 2827 1624 zum Manne nahm? Mit Fräulein Kossner wäre
710 1559 2892 1803 es gewiss auch nichts gewesen. Er kam sich
705 1752 2790 1992 recht dumm vor, dass er so et was auch nur
722 1842 2858 2117 von weitem für möglich gehalten hatte. Und
724 2001 2963 2272 in der erinnerung der letzten Begegnung mit
724 2173 2889 2454 ihr schien es ihm jetzt, dass sie ihm,wenn
733 2301 2889 2629 auch mit einiger Sympathie, doch stets mit
770 2456 2915 2720 einem leichten Spott betrachtet und behan¬
758 2601 2853 2830 delt hatte. Und wenn er seine bisherigen
758 2728 2955 2986 Proberungen überdachte,so hatte er
773 2853 2974 3110 keinen sonderlichen Grund stolz zu sein.Ge
778 3056 2833 3283 liebt worden war er eigentlich noch nie
775 3175 2782 3438 mals. Doch - von einer und das hatte er
790 3303 3003 3594 nicht gewusst, obzwar sie seine Geliebte ge
781 3455 3065 3770 wesen war. Im Augenblick,da ihm diese Erinne-
804 3608 3000 3871 rung kam, war ihm nicht sofort bewusst, dass
809 3747 2991 4027 die Frau, an die er dachte, die gleiche war,
2179 3976 2822 4157 Dienst würdig.
