6760 4312
588 256 840 429 160
692 353 3167 622 ... He hat allacht...  ich wenn Ontre¬
692 553 3011 750 "it is keuve j.y. die te fauille
660 750 3022 1037 was abe... es was ja chl werden
871 947 3139 1207 defs in witt 20 taithertig
692 1106 3077 1359 ist. me de de. avis rien cela
653 1324 3198 1587 ein unbekannt seinen eintstärk.
1196 1497 1632 1680 on dult.
740 1511 3129 1874 ... Vor dem Jahr... sagte Roh will.
643 1732 3171 2050 ohne a og till Bewerkg impgebs
615 1947 3011 2192 habit ihr... wenn.. Vorweg überne
674 2147 3215 2438 übereitänt. Freiwillg. Helt! seine.
660 2337 3008 2662 sir hab mit i ausgemacht. Jufs.
626 2569 3025 2828 ni ici ein Beul ausbrebet.
615 2880 3081 3029 if but uquilln nicht in wen
619 2953 3032 3288 will jetha of in chretull. Man
615 3198 2953 3454 sonst... ich tügge nicht sch han¬
626 3406 2894 3717 shall applyt, in a hal week
643 3589 3222 3907 al Gefert beilend, wie
6030 107 6355 308 201
6213 287 6462 550 161
3575 366 6227 674 Jeve 1..11. kie est 10 nr wan
3589 657 6244 937 ausgezahlt... nach, - weis an
3568 847 6348 1231 am but I a délierd de Tortume.
3637 1113 6358 1487 - herit ist de 2f... (v.d. de wed
3592 1376 6082 1784 hem hun al fulds... unouret
3606 1670 6120 1985 I hilf. Aig leuchlet plaft i
3658 1909 6410 2317 Roffon, that ... Robut trilian merkt
3648 2206 6227 2486 es une lutte lui... M veut.
3599 2441 6040 2818 at ce Leibenb kunte in
3572 2718 6068 3112 in Harlek or fuit.
3592 3018 6137 3413 kind lieb Eilf. Mul de ne
3551 3347 5909 3724 &c.. wo her in intel. d
3641 3568 5878 3938 Sibreibamt un mode
