<?xml version="1.0" encoding="UTF-8" standalone="yes"?>
<PcGts xmlns="http://schema.primaresearch.org/PAGE/gts/pagecontent/2013-07-15" xmlns:xsi="http://www.w3.org/2001/XMLSchema-instance" xsi:schemaLocation="http://schema.primaresearch.org/PAGE/gts/pagecontent/2013-07-15 http://schema.primaresearch.org/PAGE/gts/pagecontent/2013-07-15/pagecontent.xsd">
    <Metadata>
        <Creator>prov=READ-COOP:name=TrHtr:version=2.1.0:model_id=51170:date=15_08_2023_00:17</Creator>
        <Created>2023-05-10T14:46:30.403+02:00</Created>
        <LastChange>2023-08-15T00:17:52.431+02:00</LastChange>
        <TranskribusMetadata docId="1428675" pageId="55426479" pageNr="194" tsid="132832039" status="IN_PROGRESS" userId="64420" imgUrl="https://files.transkribus.eu/Get?id=NRTPPATMGQFTNXWWUVWVONZS&amp;fileType=view" xmlUrl="https://files.transkribus.eu/Get?id=HGPCIPOGNZBWWOXGTQZQXELE" imageId="44700556"/>
    </Metadata>
    <Page imageFilename="1428675_0194.jpg" imageWidth="3400" imageHeight="4216">
        <ReadingOrder>
            <OrderedGroup id="ro_1711813302329" caption="Regions reading order">
                <RegionRefIndexed index="0" regionRef="tr_1"/>
                <RegionRefIndexed index="1" regionRef="tr_2"/>
            </OrderedGroup>
        </ReadingOrder>
        <TextRegion id="tr_1" custom="readingOrder {index:0;}">
            <Coords points="635,394 3138,394 3138,2467 635,2467"/>
            <TextLine id="tr_1_tl_1" custom="readingOrder {index:0;}">
                <Coords points="2606,506 2653,489 2673,497 2711,471 2725,477 2749,462 2792,471 2795,320 2734,317 2714,329 2691,320 2676,335 2609,335"/>
                <Baseline points="2621,450 2666,447 2711,447 2755,444 2797,453"/>
                <TextEquiv>
                    <Unicode>1 78</Unicode>
                </TextEquiv>
            </TextLine>
            <TextLine id="tr_1_tl_2" custom="readingOrder {index:1;}">
                <Coords points="634,643 1550,721 1673,649 2856,660 2888,500 634,576"/>
                <Baseline points="650,627 695,621 740,621 785,618 830,618 874,618 919,618 964,618 1009,618 1054,621 1098,621 1143,618 1188,618 1233,618 1277,618 1322,618 1367,618 1412,618 1457,618 1501,618 1546,618 1591,615 1636,615 1681,615 1725,615 1770,615 1815,612 1860,612 1904,612 1949,612 1994,612 2039,612 2084,612 2128,612 2173,612 2218,612 2263,609 2308,612 2352,609 2397,609 2442,606 2487,606 2531,606 2576,606 2621,606 2666,606 2711,603 2755,603 2800,603 2845,600 2890,603"/>
                <TextEquiv>
                    <Unicode>samen eigentlich traumhaften Zustand zurück</Unicode>
                </TextEquiv>
            </TextLine>
            <TextLine id="tr_1_tl_3" custom="readingOrder {index:2;}">
                <Coords points="628,890 846,855 878,870 980,826 1088,852 1204,823 1286,841 1289,695 1123,675 966,721 841,686 631,713"/>
                <Baseline points="647,785 668,785 713,779 758,779 803,776 847,776 892,776 937,776 982,776 1027,773 1071,773 1116,773 1161,770 1206,770 1251,773 1295,776"/>
                <TextEquiv>
                    <Unicode>gelegt hatte</Unicode>
                </TextEquiv>
            </TextLine>
            <TextLine id="tr_1_tl_4" custom="readingOrder {index:3;}">
                <Coords points="1102,995 1187,1009 1245,966 1414,998 1664,940 2024,957 2024,817 1987,812 1882,858 1710,841 1652,803 1332,864 1216,820 1105,846"/>
                <Baseline points="1122,922 1137,922 1182,919 1227,919 1271,922 1316,922 1361,922 1406,922 1451,919 1495,919 1540,919 1585,919 1630,916 1675,916 1719,916 1764,913 1809,913 1854,913 1898,910 1943,907 1988,907 2033,910"/>
                <TextEquiv>
                    <Unicode>„Herr Leutnant -?”</Unicode>
                </TextEquiv>
            </TextLine>
            <TextLine id="tr_1_tl_5" custom="readingOrder {index:4;}">
                <Coords points="1085,1149 1795,1094 2254,1140 2493,1073 2775,1111 2819,1006 2243,942 2132,1006 1088,1006"/>
                <Baseline points="1101,1080 1125,1077 1170,1074 1215,1074 1260,1074 1304,1071 1349,1071 1394,1074 1439,1077 1483,1074 1528,1074 1573,1074 1618,1074 1663,1077 1707,1074 1752,1071 1797,1071 1842,1071 1887,1068 1931,1068 1976,1068 2021,1068 2066,1065 2110,1065 2155,1065 2200,1065 2245,1065 2290,1065 2334,1065 2379,1065 2424,1062 2469,1065 2514,1065 2558,1065 2603,1065 2648,1062 2693,1059 2738,1059 2782,1059 2827,1062"/>
                <TextEquiv>
                    <Unicode>Es war, als hätte erst die Stimme</Unicode>
                </TextEquiv>
            </TextLine>
            <TextLine id="tr_1_tl_6" custom="readingOrder {index:5;}">
                <Coords points="628,1286 954,1335 1466,1251 2653,1245 2723,1146 1571,1164 1347,1102 1216,1172 774,1123 628,1178"/>
                <Baseline points="644,1233 662,1230 707,1233 752,1230 797,1230 842,1233 886,1230 931,1230 976,1227 1021,1230 1065,1230 1110,1230 1155,1230 1200,1230 1245,1230 1289,1230 1334,1227 1379,1227 1424,1227 1469,1227 1513,1227 1558,1227 1603,1227 1648,1227 1692,1227 1737,1224 1782,1224 1827,1224 1872,1221 1916,1221 1961,1221 2006,1221 2051,1221 2096,1218 2140,1221 2185,1221 2230,1221 2275,1221 2319,1221 2364,1218 2409,1218 2454,1218 2499,1215 2543,1215 2588,1215 2633,1215 2678,1212 2723,1215"/>
                <TextEquiv>
                    <Unicode>des Konsuls ihn aufgeweckt.Und nun erst</Unicode>
                </TextEquiv>
            </TextLine>
            <TextLine id="tr_1_tl_7" custom="readingOrder {index:6;}">
                <Coords points="628,1431 2376,1379 2821,1440 2821,1280 2571,1262 1009,1338 628,1283"/>
                <Baseline points="644,1385 677,1382 722,1382 767,1379 812,1379 856,1385 901,1379 946,1379 991,1379 1036,1379 1080,1382 1125,1385 1170,1382 1215,1379 1260,1379 1304,1379 1349,1379 1394,1379 1439,1376 1483,1379 1528,1379 1573,1379 1618,1376 1663,1376 1707,1376 1752,1376 1797,1376 1842,1376 1887,1376 1931,1373 1976,1373 2021,1373 2066,1373 2110,1373 2155,1373 2200,1373 2245,1373 2290,1373 2334,1373 2379,1373 2424,1370 2469,1370 2514,1367 2558,1370 2603,1370 2648,1370 2693,1370 2738,1367 2782,1367 2827,1373"/>
                <TextEquiv>
                    <Unicode>fragte er sich,warum er denn eigentlich da</Unicode>
                </TextEquiv>
            </TextLine>
            <TextLine id="tr_1_tl_8" custom="readingOrder {index:7;}">
                <Coords points="634,1611 2819,1547 2821,1440 2606,1466 2429,1387 2091,1481 637,1483"/>
                <Baseline points="650,1540 677,1537 722,1534 767,1537 812,1537 856,1537 901,1534 946,1534 991,1534 1036,1534 1080,1531 1125,1534 1170,1531 1215,1531 1260,1531 1304,1531 1349,1534 1394,1531 1439,1531 1483,1531 1528,1528 1573,1528 1618,1525 1663,1525 1707,1525 1752,1525 1797,1525 1842,1525 1887,1525 1931,1525 1976,1525 2021,1525 2066,1525 2110,1525 2155,1525 2200,1525 2245,1522 2290,1522 2334,1519 2379,1522 2424,1522 2469,1522 2514,1519 2558,1522 2603,1522 2648,1522 2693,1519 2738,1519 2782,1516 2827,1516"/>
                <TextEquiv>
                    <Unicode>sei, was er denn von dem Konsul wollte. Und</Unicode>
                </TextEquiv>
            </TextLine>
            <TextLine id="tr_1_tl_9" custom="readingOrder {index:8;}">
                <Coords points="628,1705 2725,1681 2694,1562 2446,1623 2048,1562 631,1609"/>
                <Baseline points="645,1688 671,1686 716,1686 761,1689 806,1689 850,1689 895,1689 940,1689 985,1686 1030,1686 1074,1686 1119,1686 1164,1686 1209,1686 1254,1686 1298,1686 1343,1686 1388,1684 1433,1684 1477,1684 1522,1681 1567,1681 1612,1681 1657,1684 1701,1681 1746,1681 1791,1681 1836,1681 1881,1681 1925,1678 1970,1678 2015,1678 2060,1678 2105,1678 2149,1678 2194,1678 2239,1678 2284,1675 2328,1675 2373,1675 2418,1675 2463,1675 2508,1675 2552,1672 2597,1669 2642,1666 2687,1666 2732,1666"/>
                <TextEquiv>
                    <Unicode>er sagte: „Ich bitte Sie mich einfach bei</Unicode>
                </TextEquiv>
            </TextLine>
            <TextLine id="tr_1_tl_10" custom="readingOrder {index:9;}">
                <Coords points="2179,1818 2315,1862 2554,1766 2667,1783 2917,1705 3048,1716 3060,1638 2958,1632 2897,1667 2845,1638 2725,1690 2571,1716 2487,1696 2356,1748 2275,1713 2190,1734"/>
                <Baseline points="2197,1806 2221,1806 2266,1803 2311,1803 2355,1800 2400,1788 2445,1782 2466,1776 2478,1773 2523,1770 2567,1764 2612,1761 2657,1752 2702,1746 2746,1737 2791,1728 2836,1716 2881,1713 2926,1704 2970,1701 3015,1692 3060,1689"/>
                <TextEquiv>
                    <Unicode>&amp;c... It will the</Unicode>
                </TextEquiv>
            </TextLine>
            <TextLine id="tr_1_tl_11" custom="readingOrder {index:10;}">
                <Coords points="2484,1853 2577,1847 2600,1867 2670,1824 2775,1809 2839,1835 2967,1771 3051,1777 3063,1719 2926,1707 2749,1739 2670,1783 2635,1769 2548,1801 2499,1786"/>
                <Baseline points="2502,1842 2529,1839 2573,1836 2618,1830 2663,1821 2708,1815 2752,1806 2797,1797 2842,1788 2887,1779 2932,1767 2976,1761 3021,1749 3066,1743"/>
                <TextEquiv>
                    <Unicode>rate. suft</Unicode>
                </TextEquiv>
            </TextLine>
            <TextLine id="tr_1_tl_12" custom="readingOrder {index:11;}">
                <Coords points="2702,1923 2923,1870 2949,1894 3013,1865 3075,1902 3112,1894 3144,1760 3101,1751 2981,1786 2947,1774 2833,1835 2784,1809 2731,1812"/>
                <Baseline points="2723,1910 2735,1907 2779,1901 2824,1890 2869,1881 2914,1872 2958,1860 3003,1848 3048,1836 3093,1824 3138,1812"/>
                <TextEquiv>
                    <Unicode>kant so wird</Unicode>
                </TextEquiv>
            </TextLine>
            <TextLine id="tr_1_tl_13" custom="readingOrder {index:12;}">
                <Coords points="622,1897 748,1923 1297,1870 1501,1920 1850,1882 1850,1792 1594,1754 1297,1803 1184,1754 1102,1789 809,1742 622,1777"/>
                <Baseline points="638,1839 647,1842 692,1839 737,1839 782,1839 827,1839 871,1839 916,1839 961,1836 1006,1836 1051,1836 1095,1836 1140,1836 1185,1836 1230,1836 1274,1836 1319,1839 1364,1836 1409,1836 1454,1836 1498,1836 1543,1830 1588,1830 1633,1830 1678,1833 1722,1833 1767,1833 1812,1833 1857,1836"/>
                <TextEquiv>
                    <Unicode>meinem Namen zu nennen.</Unicode>
                </TextEquiv>
            </TextLine>
            <TextLine id="tr_1_tl_14" custom="readingOrder {index:13;}">
                <Coords points="1076,2036 3034,2010 3075,1873 2804,1963 2650,1876 2414,1937 2088,1862 1891,1926 1079,1894"/>
                <Baseline points="1092,1991 1110,1991 1155,1988 1200,1991 1245,1991 1289,1994 1334,1991 1379,1991 1424,1991 1469,1991 1513,1988 1558,1991 1603,1988 1648,1988 1692,1988 1737,1985 1782,1985 1827,1988 1872,1988 1916,1988 1961,1985 2006,1985 2051,1988 2096,1985 2140,1985 2185,1988 2230,1985 2275,1982 2319,1982 2364,1982 2409,1982 2454,1982 2499,1982 2543,1985 2588,1982 2633,1982 2678,1982 2723,1982 2767,1982 2812,1982 2857,1976 2902,1970 2947,1961 2991,1949 3036,1940 3081,1937"/>
                <TextEquiv>
                    <Unicode>Der Konsul lächelte. („Ach so.Als</Unicode>
                </TextEquiv>
            </TextLine>
            <TextLine id="tr_1_tl_15" custom="readingOrder {index:14;}">
                <Coords points="628,2231 2417,2190 2728,2158 2728,2042 628,2048"/>
                <Baseline points="644,2146 674,2146 719,2146 764,2146 809,2146 853,2146 898,2143 943,2143 988,2143 1033,2143 1077,2146 1122,2143 1167,2140 1212,2140 1257,2140 1301,2140 1346,2140 1391,2140 1436,2140 1480,2140 1525,2143 1570,2140 1615,2137 1660,2140 1704,2140 1749,2140 1794,2137 1839,2137 1884,2137 1928,2137 1973,2137 2018,2134 2063,2134 2108,2134 2152,2134 2197,2137 2242,2134 2287,2134 2331,2131 2376,2131 2421,2131 2466,2131 2511,2131 2555,2131 2600,2131 2645,2131 2690,2128 2735,2128"/>
                <TextEquiv>
                    <Unicode>Leutnant dürften Sie wohl hier nicht erä</Unicode>
                </TextEquiv>
            </TextLine>
            <TextLine id="tr_1_tl_16" custom="readingOrder {index:15;}">
                <Coords points="620,2318 2856,2318 2859,2199 1428,2193 1341,2254 1262,2193 1070,2278 622,2228"/>
                <Baseline points="635,2305 665,2302 710,2299 755,2299 800,2299 844,2299 889,2299 934,2296 979,2299 1024,2299 1068,2299 1113,2296 1158,2296 1203,2296 1248,2296 1292,2296 1337,2296 1382,2296 1427,2293 1472,2293 1516,2296 1561,2296 1606,2296 1651,2290 1695,2290 1740,2290 1785,2290 1830,2290 1875,2290 1919,2290 1964,2290 2009,2293 2054,2293 2099,2290 2143,2290 2188,2290 2233,2290 2278,2287 2322,2287 2367,2287 2412,2284 2457,2284 2502,2284 2546,2284 2591,2284 2636,2284 2681,2284 2726,2281 2770,2281 2815,2284 2860,2284"/>
                <TextEquiv>
                    <Unicode>scheine nach den Eröffnungen,die Ihnen in</Unicode>
                </TextEquiv>
            </TextLine>
            <TextLine id="tr_1_tl_17" custom="readingOrder {index:16;}">
                <Coords points="625,2496 1126,2458 1859,2490 2062,2458 2065,2403 1696,2356 628,2397"/>
                <Baseline points="641,2457 680,2454 725,2454 770,2454 815,2454 859,2454 904,2454 949,2451 994,2457 1039,2457 1083,2454 1128,2451 1173,2451 1218,2451 1263,2448 1307,2448 1352,2445 1397,2448 1442,2445 1486,2445 1531,2445 1576,2445 1621,2445 1666,2445 1710,2445 1755,2445 1800,2442 1845,2442 1890,2442 1934,2442 1979,2442 2024,2442 2069,2439"/>
                <TextEquiv>
                    <Unicode>dessen gemacht worden sind.</Unicode>
                </TextEquiv>
            </TextLine>
        </TextRegion>
        <TextRegion id="tr_2" custom="readingOrder {index:1;}">
            <Coords points="630,2535 2961,2535 2961,3548 630,3548"/>
            <TextLine id="tr_2_tl_1" custom="readingOrder {index:0;}">
                <Coords points="1108,2618 1483,2667 1801,2603 2400,2644 2554,2600 2694,2656 2842,2592 2772,2496 1108,2522"/>
                <Baseline points="1125,2603 1146,2603 1191,2603 1236,2603 1280,2600 1325,2600 1370,2600 1415,2600 1460,2600 1504,2600 1549,2600 1594,2600 1639,2600 1684,2600 1728,2600 1773,2600 1818,2600 1863,2597 1907,2597 1952,2597 1997,2600 2042,2594 2087,2594 2131,2594 2176,2594 2221,2594 2266,2594 2311,2594 2355,2597 2400,2597 2445,2594 2490,2591 2534,2591 2579,2591 2624,2588 2669,2588 2714,2585 2758,2588 2803,2588 2848,2588"/>
                <TextEquiv>
                    <Unicode>„Sie wissen,Herr Konsul? Meine Ka¬</Unicode>
                </TextEquiv>
            </TextLine>
            <TextLine id="tr_2_tl_2" custom="readingOrder {index:1;}">
                <Coords points="614,2772 2423,2813 2598,2792 2600,2664 1201,2699 908,2531 614,2694"/>
                <Baseline points="630,2764 635,2767 680,2764 725,2761 770,2761 815,2761 859,2761 904,2761 949,2761 994,2761 1039,2761 1083,2761 1128,2761 1173,2758 1218,2755 1263,2755 1307,2755 1352,2755 1397,2755 1442,2755 1486,2755 1531,2755 1576,2755 1621,2755 1666,2755 1710,2752 1755,2752 1800,2752 1845,2752 1890,2752 1934,2752 1979,2755 2024,2752 2069,2752 2113,2752 2158,2752 2203,2752 2248,2749 2293,2749 2337,2746 2382,2749 2427,2752 2472,2749 2517,2746 2561,2746 2606,2749"/>
                <TextEquiv>
                    <Unicode>meraden haben Sie bereits verständigt?“</Unicode>
                </TextEquiv>
            </TextLine>
            <TextLine id="tr_2_tl_3" custom="readingOrder {index:2;}">
                <Coords points="1158,2915 1562,2970 2662,2906 2871,2955 2920,2947 2920,2807 2461,2839 2295,2775 2065,2853 1850,2792 1469,2877 1158,2856"/>
                <Baseline points="1173,2914 1182,2914 1227,2911 1271,2908 1316,2911 1361,2911 1406,2911 1451,2911 1495,2911 1540,2908 1585,2905 1630,2908 1675,2908 1719,2908 1764,2908 1809,2905 1854,2908 1898,2908 1943,2908 1988,2905 2033,2911 2078,2908 2122,2908 2167,2908 2212,2905 2257,2905 2302,2905 2346,2905 2391,2905 2436,2905 2481,2905 2526,2902 2570,2902 2615,2902 2660,2902 2705,2902 2749,2899 2794,2899 2839,2899 2884,2902 2929,2905"/>
                <TextEquiv>
                    <Unicode>„Nein -Herr Kasda, es brauchte wohl</Unicode>
                </TextEquiv>
            </TextLine>
            <TextLine id="tr_2_tl_4" custom="readingOrder {index:3;}">
                <Coords points="628,3136 864,3159 995,3109 1300,3162 1728,3092 2100,3133 2103,2984 1353,2973 1006,3022 631,2979"/>
                <Baseline points="644,3072 674,3069 719,3069 764,3069 809,3069 853,3069 898,3069 943,3069 988,3072 1033,3069 1077,3069 1122,3069 1167,3066 1212,3066 1257,3066 1301,3063 1346,3066 1391,3066 1436,3066 1480,3066 1525,3066 1570,3063 1615,3063 1660,3063 1704,3063 1749,3063 1794,3063 1839,3063 1884,3063 1928,3066 1973,3066 2018,3066 2063,3066 2108,3069"/>
                <TextEquiv>
                    <Unicode>keiner solchen Verständigung</Unicode>
                </TextEquiv>
            </TextLine>
            <TextLine id="tr_2_tl_5" custom="readingOrder {index:4;}">
                <Coords points="1155,3261 1510,3301 2778,3240 2827,3232 2827,3101 1155,3156"/>
                <Baseline points="1170,3221 1179,3221 1224,3221 1268,3221 1313,3221 1358,3221 1403,3221 1448,3221 1492,3218 1537,3218 1582,3218 1627,3218 1672,3215 1716,3215 1761,3215 1806,3215 1851,3215 1896,3215 1940,3215 1985,3215 2030,3212 2075,3212 2119,3215 2164,3215 2209,3212 2254,3212 2299,3212 2343,3209 2388,3209 2433,3212 2478,3209 2523,3209 2567,3209 2612,3209 2657,3209 2702,3209 2746,3209 2791,3212 2836,3215"/>
                <TextEquiv>
                    <Unicode>„Ich verstehe nicht,Herr Konsul.</Unicode>
                </TextEquiv>
            </TextLine>
            <TextLine id="tr_2_tl_6" custom="readingOrder {index:5;}">
                <Coords points="1155,3435 2859,3397 2862,3275 2129,3264 1908,3316 1158,3261"/>
                <Baseline points="1170,3373 1215,3373 1260,3373 1304,3373 1349,3373 1394,3371 1439,3373 1483,3373 1528,3373 1573,3373 1618,3376 1663,3373 1707,3371 1752,3371 1797,3371 1842,3371 1887,3371 1931,3373 1976,3371 2021,3371 2066,3371 2110,3371 2155,3371 2200,3371 2245,3368 2290,3368 2334,3368 2379,3368 2424,3371 2469,3373 2514,3371 2558,3371 2603,3371 2648,3371 2693,3371 2738,3371 2782,3371 2827,3373 2866,3379"/>
                <TextEquiv>
                    <Unicode>„Man hat Ihnen jedesfalls gesagt,</Unicode>
                </TextEquiv>
            </TextLine>
            <TextLine id="tr_2_tl_7" custom="readingOrder {index:6;}">
                <Coords points="620,3618 1065,3540 2903,3595 2955,3427 620,3488"/>
                <Baseline points="635,3532 677,3535 722,3535 767,3535 812,3538 856,3538 901,3535 946,3532 991,3532 1036,3532 1080,3532 1125,3532 1170,3532 1215,3532 1260,3529 1304,3529 1349,3529 1394,3532 1439,3532 1483,3532 1528,3529 1573,3532 1618,3532 1663,3529 1707,3529 1752,3529 1797,3529 1842,3526 1887,3526 1931,3526 1976,3523 2021,3523 2066,3523 2110,3523 2155,3523 2200,3523 2245,3523 2290,3520 2334,3523 2379,3523 2424,3523 2469,3520 2514,3520 2558,3520 2603,3520 2648,3523 2693,3520 2738,3520 2782,3520 2827,3520 2872,3517 2917,3517 2961,3523"/>
                <TextEquiv>
                    <Unicode>dass Sie nicht verpfl Schtet seien Ihre Schuld</Unicode>
                </TextEquiv>
            </TextLine>
        </TextRegion>
    </Page>
</PcGts>
