6808 4472
399 414 724 770 11-3
728 592 3178 966 Youge ist - un ctt
471 852 3003 1148 in meletl Corre Awits
453 1131 3320 1501 men dreil angelegen worden ist.
489 1405 3042 1665 in der Roj - je le njou jean
428 1619 3153 2011 [illegible] at tell it it out.
435 1883 3160 2247 sell, en gi -gebs trouvé - abc
424 2118 3113 2500 I am in we we he teron
432 2404 3046 2821 gekennen... n'a ich hatt -
399 2671 3110 3017 dert. In de d we at Fall in
339 2910 3153 3338 d pare da doppelt in dreis
492 3210 3178 3634 I should yeasen in half of
542 3495 3213 3844 do je de moin salles...
592 3791 3024 4158 - - Horant hill... wel in
6234 153 6494 453 155.
4037 150 4397 364 1nd
3720 321 3941 585 15
6191 578 6473 824 11
3630 624 6348 934 Welian in ciel mit zuheiller Stöcke... is
3605 845 6237 1220 wurk de je belf - ils ont
3630 1106 6102 1444 ab cil ke wilt - verlehrt
3645 1380 6162 1673 wk uit- u tel selb
3655 1619 6234 1965 nicht - nicht er sehr sel
3677 1894 6419 2268 beil ich in Vermöge. -
3638 2165 6059 2496 u de une de sieb.. nicht
3712 2404 6302 2685 A. u. derselbe geb. viel
3641 2621 6237 3049 re Jufet his    d..
4501 2885 5000 3113 et
3630 2974 6141 3345 d - es m de Lor an -il
3748 3192 6227 3581 I he bli - cokest, a, c,
3680 3559 6280 3877 Univerde; - ou deux, et en
3705 3794 6234 4140 Zu uns Beweis ja die Wehiller
