3432 4168
2677 624 2849 805 151
1035 682 2957 980 „Verzeihen Sie, Herr Konsul, unter den
712 887 2852 1137 obwaltenden Umständen kann mir diese Aus-
691 1038 2849 1263 kunft leider nicht genügen. Ich wünsche zu
685 1204 2785 1438 wissen, wenn ich zu Dank verpflichtet bin,
694 1341 2849 1613 respektive wem ich den Betrag zurückzuer-
691 1502 1569 1694 statten habe".
992 1604 2913 1875 „Ich habe n mich verpflichtet die be-
691 1863 2942 2065 treffende Person vorläufig nicht zu nennen.
1038 1954 2327 2158 „Sie selbst,Herr Konsul?“
1024 2129 2995 2385 Der Konsul lächelte. „Sie überschätzen
674 2286 1683 2453 mich,Herr Leutnant.
1053 2412 3010 2633 „Herr Konsul,ich bedauere lebhaft,aber
671 2578 3010 2832 ich habe ein Recht darauf zu wissen - Es kam
665 2776 2887 2919 mir nicht gleichgültig sein, ja ich wäre ge-
662 2916 2820 3097 nötigt Sie zu bitten - mit einem Wort, ich
674 3033 2896 3266 könnte meine Schuld an Sie unter diesen Um-
656 3249 2715 3447 ständen nicht als beglichen ansehen, ich
662 3348 2995 3540 müsste daraus die nötigen Konsequenzen ziehen
