3432 4232
2129 179 2285 309 n
2725 486 2904 610 143
639 596 2864 833 send, vielmehr die zwölftausend Gulden abge-
648 839 1646 1021 zahlt hatte......
1125 914 3031 1131 Unwillkürlich sah x sich um, als können
662 1088 2866 1284 te irgend jemand hinter ihm seine Gedanken
674 1255 2771 1507 belauscht haben (deren er sich (nun) wieder
668 1432 1064 1663 schämte
1024 1414 2823 1785 Da stand er vor den Haustor.Er sah
683 1695 2878 1924 auf die Ohr.Halb zehn.Hm.Die Büreaustunden
1915 1848 2302 1958 eing
677 1863 3002 2085 der gnädigen Frau dürften doch wohl schon be
691 1987 2843 2239 gonnen üben. Er eilte die zwei Treppen hi
686 2155 2895 2389 nauf,klingelte, das Mädchen, öffnete, sah den
686 2328 2415 2569 Herrn Leutnant etwas erstaunt an.
1073 2459 2947 2681 „Bitte melden sich mich der gnädigen
683 2612 2997 2852 Frau, Leutnant Kasda." Warum eigentlich hatte
706 2785 2852 2988 er den Namen so hinausgeschmet tertjes war
709 2936 3005 3159 doch eigentlich überflüssig. Wenn man es dem
694 3063 2858 3297 Herrn Onkel hinterbrächte? Her Mann, dem ar
1443 3251 1961 3347 der immer
706 3225 2988 3488 gestern bei Willis Kommen fortgegangen war,
755 3396 2901 3659 sass hin einer Art Kanzleitisch mit dicken
709 3543 2858 3856 grossen Mappen im Vorraum und wandte sich
