6792 4408
6019 22 6314 274 201
2898 302 3164 490 168
3787 335 6210 623 with dezer. H wird in
256 385 2930 659 waltslaft, bef ich in 3 - " Jahre " at
3884 544 6250 835 [illegible] - - - a
259 605 3049 846 en Nelle danket..  Léon-ne - ne
3899 763 5846 1048 int in p all that
259 857 3103 1051 sehr sporben und scheine geworden. La mir
3931 965 6412 1246 Und... hierbet.. di ne in?...
302 1001 3193 1285 was ihr ja lassen; un auss ich
3946 1112 6494 1487 Jo. aber pubi, tult... an uit
299 1260 3024 1559 ne tout de Zild ouwerp ongelegt.
3917 1303 6368 1674 orteent a uil Weitrachtfeier.
277 1447 3121 1735 at ik's ge gelroff helin sie het in oge
3917 1530 6322 1879 a letter in them. The
317 1681 2930 1951 ercle Uulomt avidiet, is de
5846 1692 6592 2045 in the said
3881 1775 5774 2099 ur les... xxx
346 1897 2938 2160 not in it will credewitt, and
4392 2059 4630 2257 ....
292 2081 3092 2333 meer and will doe; -  un
4072 2142 6314 2423 Und... wie die nicht Urtel.....
382 2318 3020 2635 Renten. at Reub. der ick ausbezahlt
3946 2358 6239 2610 wen. con. di einneel... rem
3971 2495 6253 2848 wurdert..  ie „ a ein ander Tei
349 2581 3125 2815 belenen, ist ein et plus merder 2 1/2 x
1098 2718 2761 2927 , jenen i ƒ 1/2... we usil et de
4154 2725 6181 2988 Ich Wohnungen “
360 2819 3161 3060 sogent in in lange..ch ul den
3989 2952 6361 3344 [illegible] in the
374 3010 3053 3276 ment wch beklage... aber ovi ker¬
400 3229 2959 3510 Kelle in keinemut u. sind m
4054 3236 6228 3568 in sind ine up.. zu inbelis
356 3442 2902 3694 cite ommt tal jn keinds
3978 3496 6325 3841 der Eindru Vikel. dass die
364 3607 3067 3942 [illegible] but... in air out & beken.
