6792 4440
2076 332 3128 620 enl de partir
386 407 2876 746 es auf Reide; - zu Stegel
634 674 887 865 my
393 623 3117 969 & I tout une ci ou aa Mele
468 872 3045 1182 resighines in uns tuell einen -
1766 1052 2267 1240 ne peu
2011 1103 3042 1319 at ihren mit
447 1110 1679 1315 und unl, wie
494 1261 3200 1460 dahrten, der in eide sich, die zu dageben,
360 1366 3027 1607 An in a time in Fjahrte d
357 1528 2959 1888 trib de itt bei aus
382 1787 2930 2105 at the Robert. Thioner, al
342 2018 3052 2339 weil eine in fast fünf den Ons
393 2216 3016 2595 I don't  [illegible]
404 2494 2984 2847 de jeder we, wie i hilf us
472 2811 3016 3096 out hew gee st geret telle.
447 2980 3110 3287 - to the - Six man down from
432 3193 3016 3528 ne Erhe zweist, - und Rob
443 3474 2861 3773 Wm ne Wien - Seil junr
414 3672 3103 3982 n wurden, wie et de let schon
205 3979 2843 4227 ment per cet nouvelle
6137 72 6400 332 7 41
3485 245 6321 569 das on verfloss Sich stattgefebte He Cun
6112 425 6393 685 116
3492 472 3950 717 n°.1
3485 530 6126 908 de Revitte, ont bienté. C'est
4000 832 4397 1016 n'ell
3492 811 5946 1200 de Ererbahnfahrt tall ui i
3485 1045 6025 1387 de tel foisz jehui... tr. pevum
5834 1175 6051 1470 me
3557 1251 5665 1618 Haalitiamt onprinret
5265 1387 5856 1557 I am not
3553 1442 6332 1831 des siebetig Kerett angefeierd:
3586 1625 6285 2097 in it iud a hilf benitt it
3604 1939 6216 2321 nd terent ereil intries
3604 2094 6119 2555 and in it in theile in Belon
3604 2321 6296 2778 andgeven ihr gehalten;
3604 2562 6508 2959 I am sent Mr ye: and
3625 2789 6289 3171 uns id je böl wenn auch sein Frau
3618 3034 6184 3384 wil, die der Vuhl det wil de
3665 3225 6256 3625 große Noflieben. Jedenleine be¬
3719 3431 6440 3791 handelte, zu dem er itel Sie sagte
3762 3687 6314 4094 Münstl es, wie sein ei zullert
