6856 4328
360 458 3259 746 189 in ein gerne wittlant Anwil umflase
559 732 3050 926 faire une notre en îme stierg...
588 890 3259 1132 tache Arbeit an - ersal nie, mit ihren
631 1078 3299 1363 (wch auf d han, i be die Gedreftkke
1388 1273 3126 1554 des korf uslls in siff.
653 1348 1716 1629 gebragt, - giast
595 1529 3151 1806 d Hey in Gier nach Gebr; - eine un
663 1691 3194 1976 - auf und bedacht, als nie
616 1925 2942 2257 Gleichgelt geworden gegen der Stegst
642 2159 3144 2462 e hauerei; in eingegangheit
663 2426 3180 2660 in der d dre - eine zusammen eine
851 2588 1381 2754 and the
689 2570 3169 2891 it zu tift gesucht.  Art kleine Heim
753 2765 3108 3028 Hirnchen, da mit auch sich viel Neu
750 3046 2978 3356 praygen in mn at ouil
732 3331 2949 3562 birzerlich kein und in ein nein
851 3500 3118 3724 gliede, de un jehors def - en
858 3659 3288 4005 nun in der Stegendrückeit in bezahlt
5995 50 6402 274 201
6208 260 6431 415 as
3688 368 6211 707 Jendre at oogedent the ƒ
6294 379 6561 692 110
3749 573 6226 883 in mir unie-je bei Cverk werl
3735 739 6431 1056 Vingazonheit mitt allein
3713 1002 6485 1298 Tissen.. it. Aveilshieb. auf hyrled
3825 1150 4272 1269 at & it
3663 1208 6521 1543 Art    u begubel Ersame belast
3706 1435 6547 1770 ... Mm, ha ue avec une isde... de vous dohteur
3695 1705 6493 1939 an spint as half it wilt weit; - rar 8
3637 1885 6439 2145 pang de Culcher wilt, - wie noch
3673 2149 6457 2368 f hudd ugenscheit by in it
3652 2332 6258 2624 Cnt Kirche Er darth will wich
3605 2545 6291 2826 eville dar.- in deen feil etr
3630 2761 6280 3075 In der Veräd zu erkennen, um
3659 2996 6392 3396 sul Geld & beslaffen; -
3720 3263 6363 3555 pech der Geldtschaff..:- nicht ein¬
4715 3439 5058 3684 June
3695 3468 6294 3742 at St Portenl of the merke, but
3702 3677 6222 4038 shin out his ten Guldt hil willen
