6840 4328
6010 54 6374 250 200
462 260 817 510 " "
2953 291 3178 437 10
6067 225 6346 567 18
3630 361 5972 649 fortgeti zu lassen. Wann woll t
316 449 617 655 15
712 500 2877 712 & be le dorlan duche
3630 557 5953 820 Dein ich schon get jenen Frauen (e heil
639 677 2934 953 person.  die... d
3595 785 5985 1086 we will all built zesir, ne ri
614 886 2988 1155 tige Esprenleißen; u. e. Lieder
3630 1022 5887 1304 segde  e de je même -).
582 1079 2757 1383 being him several
3643 1241 5950 1513 wesent it. w tisb mit thuen
6064 1326 6235 1573 re
4263 1396 4545 1510 Wm
560 1348 2966 1573 was as kla, def er cie
4102 1450 6039 1643 soyl nicht in rek
3624 1497 4732 1722 F. -  Le nt se par
1785 1617 2934 1814 - ja - wiswalt
573 1592 1617 1874 weglandieht
3703 1658 5941 1902 wenig. Lebel..- 5.- wich a ich
1620 1687 2038 1858 ne
601 1801 2757 2029 "Mept blut et will and
3697 1804 5833 2054 in.. Sie haben woll wie je beis.
582 2022 2994 2253 ntr, at in jure tes refrage
4089 2035 6127 2200 for so in a schon Sincetin
3649 2083 4029 2197 ni.
4026 2155 6482 2409 is a attingl out of in d and to as a de eihle
3852 2272 5884 2440 Tho in balt will de geringk in
614 2247 3159 2478 of die. Die erwegliche de jahren
3665 2431 6105 2652 engy ni - in e all hall in
544 2443 2811 2671 e ciel mihl immer nicht ein
3703 2640 5763 2915 ehr mit gleihe zu sein.
633 2665 2814 2915 Sich al in jure Of jure Offe¬
3716 2807 5846 3143 letten him if k i
567 2934 2766 3168 bruck de des fglich
3760 3007 5900 3304 will siboue Test at  dies
573 3061 2662 3330 Wenn ein schöne jus Tr
5118 3193 5286 3349 a
3785 3298 5725 3519 sehr Tinschen und die¬
586 3352 2966 3646 sehlt in uit in my but daren
3811 3412 5716 3725 si verple de... Sie peut.
706 3545 2811 3798 yours him, - ni in
3785 3564 6039 3855 remein wird, in bebet an etc
620 3779 2826 4058 nicht - de bed witerhalten
