3432 4200
1683 501 1832 683 .S.
2430 528 2629 721 160
533 683 2876 923 wissern, ob die Tausend noch unversehrt vorhan
551 832 2808 1120 den wären. Und er atmete auf, als er die Bank
554 944 2805 1234 note wieder Blank in der Hand hielt. Und der
577 1155 2805 1401 erste Gedanke, der ihm kam, war nicht der, das
577 1284 2817 1551 Geld sofort an Leopoldine zurükzuschicken,
586 1425 2884 1703 sondern eine unbezwingliche Lust am nächsten
598 1600 2805 1855 Sonntag in Baden am spieltisch wieder sein
613 1756 2908 2011 lück zu versuchen. So sehr er die Versuchung
616 1873 2975 2163 abwehrte, sie war nun einmal da.
1073 2052 2837 2283 Er hatte in seinem nun wohl aufge
648 2239 2867 2468 räumten Zimmer kaum den Säbel abgeschnallt,
642 2368 2867 2632 als er eine Stimme im Vorraum hörte.Er er
654 2518 2902 2791 kannte sie gleich, es war Greising, der nach
671 2670 2761 2969 ihm fragte. Was will der Kerl.Ich bin ihm
686 2779 2870 3090 doch nichts schuldig geblieben - oder will
689 2999 2893 3242 man nur machschaun,ob ich schon Schluss ge
701 3257 1296 3409 macht habe?
1178 3216 2999 3503 In der nächsten Sekunde stand Grei-
724 3427 2922 3705 sing vor ihm. „Servus,Kasda — Na,du schaust
756 3658 1955 3875 ja ganz beruhigend aus.
