6840 4328
1188 457 1545 585 mit
378 428 635 632 18 V
457 489 3233 714 theilte i andereitet it is auch xxx
489 739 3112 964 wie 8 jemand kein meisten ein ken.
489 906 3048 1135 willen wil in have, - was between and
742 1071 931 1249 her
471 1074 3080 1392 a hin allen (his nebrch sei a/c
482 1313 3137 1581 meines & House...)  and
517 1492 3112 1756 Defall in hochtheil – so trotz com
2056 1688 2377 1813 scheral.
692 1724 1395 1866 erlöglichen Sohn
510 1759 3066 2020 erheblich ledigkeit verwühle u darauf
2170 1916 2402 2052 and
528 1984 2859 2220 eich auf Stell zu legen,
521 2131 3119 2384 und dewil auf der nicht auf die
596 2384 2841 2641 Ede de Sommes Ceste indemf
596 2545 3091 2862 Diesen xxx interessen kann; um
1981 2702 2209 2830 Soph
567 2727 2930 3005 werk nicht einmal denn ein, den
578 2916 3098 3208 etc zu können; es daß die T. p de
1731 3137 2038 3333 mesty
610 3173 3001 3494 Leuten uhr die eine Schwee bei welchen.
632 3426 2637 3672 Tertr abließ erferten.
642 3540 3098 3879 Encore he had been in the
785 3769 3108 4029 leicht Löwerung, als die Theil ist.
5974 46 6456 296 200
6103 239 6399 450 189
3597 325 6292 592 nicht offnete, oben ihnen klopf gehört hatt.
3604 542 4829 774 nod eine gering von
4882 542 6174 753 - in till smitlend
4878 660 5771 803 n in nachl nach
3644 735 6335 1024 in ihn dann nicht nicht meinig; ersch
3658 942 6360 1210 daß mit den ämpstlichen Blich, wie ich
3587 1088 6456 1410 berifft, und wir heil die Hause stand
3590 1399 6210 1599 me s'en toute ce Leopoldue..B il
3626 1506 6352 1834 - Entitul de Heu Lieutenant, daß ick die¬
3644 1763 6227 2006 Aumelet inhet aber ihm atm An
3604 1963 6317 2245 sulx co bele - Theer Borch kam sisste
3665 2213 6313 2466 nicht erlaubt hat und anzwelden; — aber
3683 2402 6285 2644 is not had u ciputled uit in
3633 2570 6145 2855 wul wille in  bell ewerlet. A
3694 2719 6317 3091 1. selbe erfurch. Wolcht in Siei, da
3704 2976 6135 3298 We can for in Enfel
3712 3280 6099 3579 v. J. in jus auf al d.. Vorwits
3744 3480 6124 3811 Et mouhl de Rirstal; - de vue obre
3819 3665 5978 3922 - der Thea selbst esch.....
