3672 4360
2753 620 2948 761 135
770 727 3189 959 Er schüttelte sich, so sehr ekelte ihn vor sich
776 920 3162 1109 selbst,schnallte seinen gäbel fester; -er muss
779 1103 3089 1259 te fort wohin immer und eim Ende machen. Auch
776 1179 3202 1418 nicht mehr zum Konsul.Was hatt er denn dort zu
776 1375 3235 1589 tun? Nun wusste er es freilich.Er hatte ihn ein
779 1515 3137 1720 letztes Mal - bitten wollen. Es war kein An -
773 1711 3159 1848 lass mehr das vor sich selbst zu verbergen. Ei
776 1848 3092 2035 ne Schwäche, eine Schmmach mehr.-nun war es ja
773 2004 3180 2190 gleichgültig, da er ja entschlossen war.Endlich
779 2154 2994 2346 entschlossen! Wie, jetzt erst? Hatte er sich
825 2300 3180 2514 denn die ganze zeit eine Komödie vorgespielt,
834 2481 2936 2643 dass ihm war, als hätte er jetzt erst den
779 2633 3049 2798 (wirklichen Ntschluss gefasst? Also fort,end
773 2759 3082 2963 lich fort,sonst kam es ja noch dahin, dass er
776 2951 2988 3122 sich nicht einmal xxx der Kugel mehr wert
767 3095 3064 3275 fühlte, die ihn wieder ehrlich machen sollte,
770 3260 3147 3434 Er makte einen Schritt zur Türe hin. Es klopf
834 3425 2991 3605 te. Was war das? Josef? War denn der noch
779 3532 3116 3745 nicht fort mit dem Brief an Bogner oder - an
776 3690 2383 3904 dessen Hinterb liebene? „Herein.“
