3448 4216
2678 407 2872 668 165
1306 419 1998 625 Ici tache verbult.
647 540 3091 844 Also die Geschichte ist nämlich eo Einer von uns hat
653 777 3015 962 schon vor geraumer Zeit einen anonymen Brief bekom-
632 938 2942 1145 men, dass der Herr Schnabel, dmale war er wohl noch
619 1102 2963 1385 nicht Konsul, so eine Affaire in Berlin gehabt hat.
610 1296 2963 1539 Aber - schliesslich anonyme Briefe, die beweisen ja
601 1463 3042 1709 imm Allgemeinen nichts und xak da faktisch deer Mann
586 1637 2954 1840 an unserem Tisch immer verloren hat, haben wir resp.
580 1737 3012 2074 der Empfänger des anonymen Briefes keinen Anlass ge-
559 1952 2280 2192 habt von dem Brief Notiz zu nehmen.
941 2162 2818 2380 „Darüber könnte man auch anderer Ansicht
550 2311 1409 2514 sein; me inte Willi
917 2541 2942 2714 „Pardon,wie meinet du das, "erwiderte scharf,
525 2657 1488 2845 fast herausfordernd.
932 2836 2778 3058 Willi d rauf mit einer abwehrenden, fast
501 3030 2763 3243 verächtlichen Handbewegung,/bitte, lassen wir das
504 3206 2845 3401 jetzt.-Jedenfalle ist ja der Empfänger des Briefes
486 3379 2608 3586 unterdessen selbst anderer Ansicht geworden.
981 3552 2985 3832 /selbetverständlich", sagte Greising -.nach
