6776 4424
414 446 656 596 107
389 549 3214 806 that I gleich wil zwischenh toupauchen.
542 685 3100 1017 Et gab.. Fils nicht krifen;... e
350 892 3218 1199 behein isi sei vier en dicier...
524 1092 2929 1370 " De Cemt.. dechl ant: - ou
371 1245 3204 1595 wille nebrs... In Trillg J.J. ...   .
417 1434 3211 1791 Ich theil am Eter “sagte” wie de Obulich
425 1652 3243 1991 von Wimmel. Königern
539 1841 3075 2169 Es ist y wal, ment d R.A.... jds
1241 2048 1944 2208 in
382 2080 3214 2404 not oblige you aif gleich....  Autgläge
450 2283 3218 2604 glaubt viele... Wenn auch sein.
664 2529 3186 2825 Ein wohlhabend, bevor in uns er in
549 2722 3257 3082 viele etre nouvel. en... veton t.
763 2947 3157 3239 Iri Karte. les écrites...... Sieben..
603 3193 2986 3457 ne a hanft wilt. Cbe or mv
635 3328 3157 3671 von freyt it darauf. Er kommt
574 3564 3139 3906 alt in schlage auf. Todesfält
653 3817 3218 4049 welwen... himul i in We Hhr
6261 296 6496 485 10x
3532 357 6211 635 Cet-il jouis cie ju nicht...  lui croitl.
3557 578 6229 867 est es ja dit egal... kei que lon
3635 760 6286 1088 par er wenig jure Gebler..al bin
3664 1010 6368 1245 geht ist ich alle ein.. Ich binnet
3653 1206 6186 1495 est un feil.. if he can she go
3682 1398 6379 1777 jours. De vert bemer.  Sieckl.
3600 1552 6332 1984 Nea Lieben? Jeht. Stuhl. Hr. von
3582 1766 6425 2190 in vie imende konnte hat dort tritt. Sie
3528 1973 6272 2419 tönte w'ein andere de Rame.. de all
3589 2269 6343 2640 do and obing rerutulid... Spt
3578 2469 6354 2875 here. Til work aufbart? Neg & die
3650 2693 6432 3107 wir j alle in comen Blöck im
3625 2961 6422 3378 Jill keep Halt been....  Ab in not
3696 3204 6336 3603 E that Cbe was wolle in do us - : is
3625 3489 6265 3871 ball y voi in friftiwel L. B.
3660 3924 4367 4099 u on
