3432 4200
2424 520 2603 672 171
592 713 2912 892 ist irrelevant, ich habe meinen Abschied schon ein-
580 964 1013 1192 gegeben.
1077 990 2901 1256 „Kasda, du biet ja nicht -Du wirst deine
606 1279 1940 1455 Eingabe sofort zurückziehen.
1160 1437 1966 1567 Werde ich nicht.“
1091 1582 2872 1758 „So sei doch vernünftig, Kasda, daxxxxx
629 1729 2817 1916 wie kann man die Flinte gleich jd ins Korn wer-
632 1914 2753 2121 fen. Ich garantiere dir, auch wenn der Kerl die
638 2093 2725 2283 Frechheit hat eine Anzeige zu machen, vor dem
641 2338 1143 2474 Ehrenrat -
1137 2471 2875 2635 „Für mich komnt kein Ehrenrat mehr in
658 2615 2956 2817 Betracht“. Er stand auf. „Bemüht Euch nicht weiter
655 2820 2762 2993 in der Sache.Die Angelegenheit ist erledigt.
1140 2944 2958 3181 „Aber du bist ja - was ist denn gesche-
672 3198 912 3365 then?"
1198 3311 2979 3536 „Nichte.Nichte.-Nichts besonderes. Aber
1538 3464 1919 3553 table in
684 3513 2909 3697 ich xxxaix erkläre mich selbst unwürdig weiter
