6808 4440
706 239 942 560 A:o
546 432 3296 735 dee uit aebeid d dahil den Tredian
546 699 3032 935 not begeb Erokening - d hiff -
507 895 3204 1092 in mir auf lang seit & vertue
442 1074 3143 1356 walis; - ws nne at diese to kam [illegible]
496 1291 3118 1602 out longe fait to beestrit man
410 1473 2979 1712 in ei ulte seu tacht, auf nistolg sr
1252 1673 3032 1998 Carge &c bei ehe gab.
453 1809 1192 1934 vu
539 1884 3154 2205 weder Worte g brieck, Es dem
2005 2080 2743 2276 gungen
453 2194 3172 2458 richt to Bute Robert wllkowel chlofs.
2062 2330 2280 2476 de
435 2415 3175 2651 in you or der Ortel hiff
471 2629 3261 2918 welichs, vergebene wurde, er sie
396 2893 3250 3114 er une éviter, beieck et il
367 3097 3236 3332 all hom, der mi in ropant T cin
414 3300 3072 3596 ornah, in enim Salar dunkiltam
446 3546 2932 3831 Tele en se heeblint sept in
496 3789 2947 4074 I have in den duch tostgrevel lle
649 3978 2872 4256 a été un peu que
3914 239 4320 421 not
3543 153 3853 446 x
6240 303 6471 521 135
3450 360 6236 703 ficem ueheg, wenn ai Schreiblich, et
3464 549 6229 920 ont deus n.h.  bei heilen Depuis
3493 799 6133 1184 lager. Da Gesprärt ging meintre
4438 1060 4731 1174 in
3564 1056 6229 1384 im Ableppen, ciert aus, ein
3539 1306 6143 1598 selts avec xxxx à xxx
3503 1484 6100 1827 mit Bezug und mit Begeg auf die
3518 1730 6172 2005 de Silliteur entfert
3575 1951 6236 2280 Bekomt is over and t
3550 2237 6197 2522 a été de la testelle, et de en
4641 2351 6211 2579 Sattod ford at in sallen
3546 2465 6272 2747 de Selhtuwod Sir eine alte Freund
4252 2586 5515 2740 of Kennen is in half
3564 2701 6293 2972 de Prudiquo mn in
3821 2879 4035 2982 nt
3639 2829 6357 3129 wenn der Rev. grönen war; —
3632 3036 6207 3350 gehriven is; - hall in and
3667 3218 6086 3560 Faltgegen in Sam. de Schiller
3664 3428 5904 3764 geoffnet, einige beschrieben
3746 3650 6225 3967 Welt heraugnomm, und nur zu
5769 3896 6236 4167 en eux
