<?xml version="1.0" encoding="UTF-8" standalone="yes"?>
<PcGts xmlns="http://schema.primaresearch.org/PAGE/gts/pagecontent/2013-07-15" xmlns:xsi="http://www.w3.org/2001/XMLSchema-instance" xsi:schemaLocation="http://schema.primaresearch.org/PAGE/gts/pagecontent/2013-07-15 http://schema.primaresearch.org/PAGE/gts/pagecontent/2013-07-15/pagecontent.xsd">
    <Metadata>
        <Creator>prov=READ-COOP:name=TrHtr:version=2.1.0:model_id=51170:date=15_08_2023_00:17</Creator>
        <Created>2023-05-10T14:46:11.742+02:00</Created>
        <LastChange>2023-08-15T00:17:07.727+02:00</LastChange>
        <TranskribusMetadata docId="1428675" pageId="55425596" pageNr="87" tsid="132831930" status="IN_PROGRESS" userId="64420" imgUrl="https://files.transkribus.eu/Get?id=KTNNGPHPCBSQJGGUOOBYOQWC&amp;fileType=view" xmlUrl="https://files.transkribus.eu/Get?id=NKDPXLQFXXUKNDWUQCNGLCPI" imageId="44699673"/>
    </Metadata>
    <Page imageFilename="1428675_0087.jpg" imageWidth="6840" imageHeight="4328">
        <ReadingOrder>
            <OrderedGroup id="ro_1711812957192" caption="Regions reading order">
                <RegionRefIndexed index="0" regionRef="tr_2"/>
                <RegionRefIndexed index="1" regionRef="tr_1"/>
            </OrderedGroup>
        </ReadingOrder>
        <TextRegion id="tr_2" custom="readingOrder {index:0;}">
            <Coords points="328,535 3169,535 3169,3985 328,3985"/>
            <TextLine id="tr_2_tl_1" custom="readingOrder {index:0;}">
                <Coords points="310,610 380,635 411,663 457,656 503,623 525,635 555,614 663,617 669,475 623,448 571,442 518,463 454,420 399,433 383,417 368,429 322,396"/>
                <Baseline points="328,602 405,596 495,585 585,585 674,585"/>
                <TextEquiv>
                    <Unicode>180.</Unicode>
                </TextEquiv>
            </TextLine>
            <TextLine id="tr_2_tl_2" custom="readingOrder {index:1;}">
                <Coords points="552,813 2994,739 2994,644 2868,620 2448,678 1715,549 954,690 555,644"/>
                <Baseline points="573,740 585,740 674,746 764,746 853,740 943,740 1032,734 1122,734 1211,728 1301,728 1390,722 1480,716 1570,716 1659,710 1749,710 1838,710 1928,710 2017,710 2107,716 2196,716 2286,722 2375,722 2465,722 2555,728 2644,722 2734,728 2823,734 2913,734 3002,734"/>
                <TextEquiv>
                    <Unicode>scher be dort Platz, Her hintenut igl.</Unicode>
                </TextEquiv>
            </TextLine>
            <TextLine id="tr_2_tl_3" custom="readingOrder {index:2;}">
                <Coords points="580,920 2380,945 2380,883 2074,807 914,779 580,862"/>
                <Baseline points="596,883 686,889 776,895 865,895 955,901 1044,901 1134,901 1223,901 1313,901 1402,901 1492,907 1581,907 1671,907 1761,913 1850,913 1940,913 2029,919 2119,919 2208,925 2298,925 2387,925"/>
                <TextEquiv>
                    <Unicode>in fourdent aben rhe der</Unicode>
                </TextEquiv>
            </TextLine>
            <TextLine id="tr_2_tl_4" custom="readingOrder {index:3;}">
                <Coords points="644,1101 1298,1061 1482,1135 2380,1043 3055,1107 2982,979 2485,917 2147,1021 644,966"/>
                <Baseline points="662,1044 752,1038 841,1038 931,1038 1020,1038 1110,1038 1199,1038 1289,1032 1378,1038 1468,1038 1558,1044 1647,1056 1737,1056 1826,1056 1916,1056 2005,1056 2095,1050 2184,1044 2274,1044 2363,1038 2453,1038 2543,1038 2632,1044 2722,1044 2811,1050 2901,1056 2990,1068 3062,1062"/>
                <TextEquiv>
                    <Unicode>D-cnt dreibt u de t'il de Haure cet</Unicode>
                </TextEquiv>
            </TextLine>
            <TextLine id="tr_2_tl_5" custom="readingOrder {index:4;}">
                <Coords points="1675,1239 1745,1212 1844,1212 1862,1230 1899,1206 2049,1239 2052,1160 2003,1147 1982,1123 1896,1126 1840,1095 1788,1117 1773,1101 1721,1126 1681,1107"/>
                <Baseline points="1693,1233 1701,1211 1790,1199 1880,1199 1969,1199 2059,1199"/>
                <TextEquiv>
                    <Unicode>be ab-</Unicode>
                </TextEquiv>
            </TextLine>
            <TextLine id="tr_2_tl_6" custom="readingOrder {index:5;}">
                <Coords points="2178,1245 2264,1224 2414,1270 2583,1212 2706,1288 2979,1258 2972,1175 2773,1126 2739,1144 2641,1101 2567,1144 2414,1138 2285,1178 2175,1138"/>
                <Baseline points="2196,1199 2286,1211 2375,1217 2465,1217 2555,1211 2644,1217 2734,1223 2823,1229 2913,1235 2984,1241"/>
                <TextEquiv>
                    <Unicode>Castle Cenzier</Unicode>
                </TextEquiv>
            </TextLine>
            <TextLine id="tr_2_tl_7" custom="readingOrder {index:6;}">
                <Coords points="644,1258 933,1212 1052,1261 1224,1218 1451,1264 1506,1230 1684,1255 1684,1160 1457,1166 1377,1114 1270,1160 1141,1110 1012,1172 791,1117 644,1144"/>
                <Baseline points="662,1241 704,1229 793,1217 883,1211 973,1205 1062,1217 1152,1211 1241,1211 1331,1211 1420,1217 1510,1217 1599,1223 1693,1233"/>
                <TextEquiv>
                    <Unicode>gepu, foncodé.</Unicode>
                </TextEquiv>
            </TextLine>
            <TextLine id="tr_2_tl_8" custom="readingOrder {index:7;}">
                <Coords points="1675,1264 1761,1279 1890,1258 1997,1288 2046,1261 2187,1279 2184,1218 2163,1212 2098,1209 2058,1230 1883,1215 1862,1230 1724,1218 1672,1181"/>
                <Baseline points="1693,1233 1784,1253 1874,1247 1964,1247 2053,1253 2143,1253 2196,1259"/>
                <TextEquiv>
                    <Unicode>der ise</Unicode>
                </TextEquiv>
            </TextLine>
            <TextLine id="tr_2_tl_9" custom="readingOrder {index:8;}">
                <Coords points="1856,1319 2089,1322 2230,1374 2411,1319 2730,1383 2859,1344 2975,1368 2972,1258 2929,1242 2718,1310 2583,1264 2258,1245 2178,1288 1853,1255"/>
                <Baseline points="1874,1295 1964,1307 2053,1307 2143,1313 2232,1319 2322,1319 2411,1319 2501,1325 2590,1325 2680,1331 2769,1343 2859,1343 2949,1349 2984,1355"/>
                <TextEquiv>
                    <Unicode>ne eulsz n'est</Unicode>
                </TextEquiv>
            </TextLine>
            <TextLine id="tr_2_tl_10" custom="readingOrder {index:9;}">
                <Coords points="653,1402 1322,1359 2988,1469 2985,1356 2049,1356 1672,1255 650,1310"/>
                <Baseline points="668,1378 758,1378 847,1367 937,1367 1026,1367 1116,1367 1205,1361 1295,1355 1384,1355 1474,1361 1564,1361 1653,1361 1743,1367 1832,1373 1922,1378 2011,1378 2101,1378 2190,1384 2280,1384 2369,1390 2459,1390 2549,1396 2638,1402 2728,1408 2817,1420 2907,1432 2996,1438 3002,1432"/>
                <TextEquiv>
                    <Unicode>a kunt it de Haar, was niet gee gefall</Unicode>
                </TextEquiv>
            </TextLine>
            <TextLine id="tr_2_tl_11" custom="readingOrder {index:10;}">
                <Coords points="574,1525 1126,1623 1702,1543 2896,1626 2893,1515 2586,1439 574,1442"/>
                <Baseline points="590,1516 680,1516 770,1522 859,1528 949,1528 1038,1534 1128,1534 1217,1540 1307,1546 1396,1546 1486,1546 1575,1546 1665,1546 1755,1546 1844,1546 1934,1552 2023,1552 2113,1552 2202,1558 2292,1558 2381,1564 2471,1570 2560,1575 2650,1581 2740,1587 2829,1593 2901,1593"/>
                <TextEquiv>
                    <Unicode>liefs, of ntue h dort Bdg. the Lure</Unicode>
                </TextEquiv>
            </TextLine>
            <TextLine id="tr_2_tl_12" custom="readingOrder {index:11;}">
                <Coords points="718,1761 1138,1761 1340,1847 1678,1782 2926,1825 2923,1702 2540,1669 718,1681"/>
                <Baseline points="734,1707 823,1719 913,1725 1002,1725 1092,1731 1181,1737 1271,1743 1361,1743 1450,1743 1540,1743 1629,1755 1719,1755 1808,1755 1898,1761 1987,1761 2077,1761 2166,1761 2256,1761 2346,1761 2435,1767 2525,1772 2614,1772 2704,1784 2793,1784 2883,1778 2931,1767"/>
                <TextEquiv>
                    <Unicode>in yorstofft we d keynige... to</Unicode>
                </TextEquiv>
            </TextLine>
            <TextLine id="tr_2_tl_13" custom="readingOrder {index:12;}">
                <Coords points="626,2021 1445,1920 2862,2015 2856,1874 2672,1844 1236,1794 1114,1856 614,1752"/>
                <Baseline points="638,1898 728,1904 817,1910 907,1910 996,1910 1086,1916 1176,1916 1265,1916 1355,1922 1444,1922 1534,1928 1623,1928 1713,1934 1802,1934 1892,1934 1981,1940 2071,1946 2161,1946 2250,1958 2340,1958 2429,1964 2519,1975 2608,1975 2698,1981 2787,1987 2871,1993"/>
                <TextEquiv>
                    <Unicode>Gnedige Frei nicht sie von ihr u</Unicode>
                </TextEquiv>
            </TextLine>
            <TextLine id="tr_2_tl_14" custom="readingOrder {index:13;}">
                <Coords points="672,2107 2883,2218 2859,2098 666,1997"/>
                <Baseline points="686,2083 776,2095 865,2101 955,2107 1044,2107 1134,2107 1223,2101 1313,2113 1402,2113 1492,2113 1581,2119 1671,2119 1761,2125 1850,2125 1940,2125 2029,2131 2119,2137 2208,2143 2298,2149 2387,2155 2477,2161 2566,2166 2656,2172 2746,2178 2835,2190 2889,2196"/>
                <TextEquiv>
                    <Unicode>Stuhl an der ande Schreibtisschen,</Unicode>
                </TextEquiv>
            </TextLine>
            <TextLine id="tr_2_tl_15" custom="readingOrder {index:14;}">
                <Coords points="733,2374 1629,2322 1911,2402 2055,2344 2877,2387 2874,2279 2426,2175 2282,2221 2184,2160 2040,2255 730,2227"/>
                <Baseline points="746,2304 835,2310 925,2316 1014,2316 1104,2316 1193,2316 1283,2322 1373,2322 1462,2322 1552,2322 1641,2322 1731,2316 1820,2322 1910,2322 1999,2316 2089,2310 2178,2316 2268,2322 2358,2334 2447,2334 2537,2340 2626,2346 2716,2352 2805,2363 2883,2363"/>
                <TextEquiv>
                    <Unicode>ne ullit vahre auf den Ihrer bliebstet</Unicode>
                </TextEquiv>
            </TextLine>
            <TextLine id="tr_2_tl_16" custom="readingOrder {index:15;}">
                <Coords points="626,2518 917,2494 1218,2632 1874,2528 2758,2574 2755,2439 2365,2472 2169,2377 626,2429"/>
                <Baseline points="644,2477 734,2477 823,2489 913,2489 1002,2495 1092,2501 1181,2507 1271,2507 1361,2507 1450,2507 1540,2507 1629,2501 1719,2501 1808,2501 1898,2501 1987,2501 2077,2501 2166,2501 2256,2501 2346,2501 2435,2507 2525,2513 2614,2513 2704,2513 2763,2519"/>
                <TextEquiv>
                    <Unicode>even beque sur tout de Schultiers.</Unicode>
                </TextEquiv>
            </TextLine>
            <TextLine id="tr_2_tl_17" custom="readingOrder {index:16;}">
                <Coords points="678,2742 2828,2791 2785,2623 2334,2666 2012,2601 1816,2675 1528,2567 1258,2666 672,2583"/>
                <Baseline points="692,2704 782,2704 871,2704 961,2704 1050,2710 1140,2710 1229,2710 1319,2710 1408,2704 1498,2710 1587,2710 1677,2716 1767,2716 1856,2722 1946,2728 2035,2728 2125,2734 2214,2740 2304,2740 2393,2740 2483,2740 2572,2746 2662,2746 2752,2746 2835,2746"/>
                <TextEquiv>
                    <Unicode>Stets :   ce    et  ce s'il de</Unicode>
                </TextEquiv>
            </TextLine>
            <TextLine id="tr_2_tl_18" custom="readingOrder {index:17;}">
                <Coords points="733,2911 1614,2926 2150,3071 2926,3009 2865,2853 2445,2874 2199,2785 1893,2871 730,2825"/>
                <Baseline points="746,2871 835,2883 925,2889 1014,2895 1104,2895 1193,2895 1283,2901 1373,2901 1462,2907 1552,2907 1641,2913 1731,2919 1820,2925 1910,2931 1999,2937 2089,2943 2178,2943 2268,2943 2358,2943 2447,2943 2537,2943 2626,2954 2716,2954 2805,2954 2895,2960 2931,2960"/>
                <TextEquiv>
                    <Unicode>with him. In her an last een Centschat</Unicode>
                </TextEquiv>
            </TextLine>
            <TextLine id="tr_2_tl_19" custom="readingOrder {index:18;}">
                <Coords points="647,3126 1359,3068 1531,3156 2371,3135 2807,3215 2801,3092 2466,3021 2187,3083 1617,2933 1460,3000 923,2914 641,2972"/>
                <Baseline points="662,3038 752,3032 841,3038 931,3044 1020,3050 1110,3056 1199,3062 1289,3062 1378,3068 1468,3068 1558,3068 1647,3080 1737,3092 1826,3092 1916,3098 2005,3104 2095,3110 2184,3122 2274,3128 2363,3128 2453,3134 2543,3140 2632,3146 2722,3151 2811,3146 2817,3140"/>
                <TextEquiv>
                    <Unicode>in holam.. (at mane i tems</Unicode>
                </TextEquiv>
            </TextLine>
            <TextLine id="tr_2_tl_20" custom="readingOrder {index:19;}">
                <Coords points="742,3294 1408,3380 1801,3301 2230,3393 2347,3325 2975,3328 2871,3239 2031,3160 739,3199"/>
                <Baseline points="758,3235 847,3247 937,3253 1026,3265 1116,3271 1205,3271 1295,3277 1384,3277 1474,3277 1564,3283 1653,3289 1743,3289 1832,3295 1922,3295 2011,3295 2101,3301 2190,3301 2280,3307 2369,3313 2459,3319 2549,3319 2638,3325 2728,3331 2817,3325 2907,3325 2984,3325"/>
                <TextEquiv>
                    <Unicode>in mehr befllich</Unicode>
                </TextEquiv>
            </TextLine>
            <TextLine id="tr_2_tl_21" custom="readingOrder {index:20;}">
                <Coords points="727,3488 1077,3460 1252,3546 1494,3503 1887,3598 2880,3531 2294,3387 1742,3448 1252,3350 1104,3414 718,3291"/>
                <Baseline points="740,3426 829,3432 919,3438 1008,3456 1098,3462 1187,3468 1277,3480 1367,3486 1456,3492 1546,3498 1635,3498 1725,3504 1814,3510 1904,3516 1993,3516 2083,3516 2172,3510 2262,3510 2352,3516 2441,3516 2531,3522 2620,3528 2710,3528 2799,3522 2889,3522"/>
                <TextEquiv>
                    <Unicode>Wundk in dieve... - Fast in</Unicode>
                </TextEquiv>
            </TextLine>
            <TextLine id="tr_2_tl_22" custom="readingOrder {index:21;}">
                <Coords points="745,3632 2669,3804 3012,3752 3006,3638 2911,3620 2362,3678 1960,3555 1460,3620 736,3472"/>
                <Baseline points="758,3593 847,3605 937,3617 1026,3635 1116,3647 1205,3647 1295,3659 1384,3671 1474,3677 1564,3683 1653,3695 1743,3695 1832,3701 1922,3701 2011,3707 2101,3707 2190,3713 2280,3719 2369,3725 2459,3731 2549,3737 2638,3737 2728,3742 2817,3748 2907,3748 2996,3748 3020,3748"/>
                <TextEquiv>
                    <Unicode>in is klam wils the erunttygendt.</Unicode>
                </TextEquiv>
            </TextLine>
            <TextLine id="tr_2_tl_23" custom="readingOrder {index:22;}">
                <Coords points="712,4046 1408,3883 2255,4003 3166,3988 3160,3899 2966,3844 1543,3853 1120,3644 690,3644"/>
                <Baseline points="716,3808 805,3832 895,3844 984,3850 1074,3856 1164,3856 1253,3862 1343,3868 1432,3868 1522,3880 1611,3886 1701,3886 1790,3892 1880,3898 1969,3904 2059,3904 2149,3910 2238,3910 2328,3916 2417,3922 2507,3928 2596,3934 2686,3939 2775,3945 2865,3951 2954,3957 3044,3969 3134,3969 3169,3975"/>
                <TextEquiv>
                    <Unicode>Jours Fr; beg - ye ied went at the bewerken.</Unicode>
                </TextEquiv>
            </TextLine>
        </TextRegion>
        <TextRegion id="tr_1" custom="readingOrder {index:1;}">
            <Coords points="3731,296 6435,296 6435,3770 3731,3770"/>
            <TextLine id="tr_1_tl_1" custom="readingOrder {index:0;}">
                <Coords points="3712,454 3764,433 3785,445 3798,436 3837,445 3859,429 3874,439 3939,396 3979,414 3982,227 3939,233 3929,224 3908,245 3877,224 3862,239 3828,227 3788,245 3752,224 3718,227"/>
                <Baseline points="3731,352 3820,352 3910,346 3987,352"/>
                <TextEquiv>
                    <Unicode>184</Unicode>
                </TextEquiv>
            </TextLine>
            <TextLine id="tr_1_tl_2" custom="readingOrder {index:1;}">
                <Coords points="3923,497 5009,454 5393,528 6101,482 6153,380 5604,334 5365,221 4681,380 4334,298 3923,393"/>
                <Baseline points="3939,471 4011,465 4101,453 4190,441 4280,441 4369,441 4459,441 4548,435 4638,435 4727,435 4817,429 4907,423 4996,429 5086,429 5175,429 5265,429 5354,435 5444,441 5533,441 5623,441 5712,441 5802,435 5892,441 5981,441 6071,435 6160,435"/>
                <TextEquiv>
                    <Unicode>it lhe in alles in</Unicode>
                </TextEquiv>
            </TextLine>
            <TextLine id="tr_1_tl_3" custom="readingOrder {index:2;}">
                <Coords points="3951,656 6166,663 6206,528 5779,463 5319,561 4396,500 4227,617 3951,567"/>
                <Baseline points="3969,638 4059,650 4148,650 4238,650 4328,650 4417,644 4507,650 4596,650 4686,638 4775,632 4865,632 4954,632 5044,626 5133,620 5223,620 5312,614 5402,614 5492,614 5581,608 5671,614 5760,614 5850,608 5939,608 6029,614 6118,626 6208,632"/>
                <TextEquiv>
                    <Unicode>nun ab und um der ebrig.. 4. sie</Unicode>
                </TextEquiv>
            </TextLine>
            <TextLine id="tr_1_tl_4" custom="readingOrder {index:3;}">
                <Coords points="3936,862 6049,929 6190,871 6193,715 4969,681 4488,807 3939,724"/>
                <Baseline points="3951,823 3963,823 4053,829 4142,829 4232,835 4322,835 4411,835 4501,829 4590,835 4680,835 4769,829 4859,829 4948,823 5038,823 5127,817 5217,817 5307,817 5396,811 5486,811 5575,805 5665,799 5754,793 5844,799 5933,799 6023,805 6112,805 6202,811"/>
                <TextEquiv>
                    <Unicode>meil en gens Cartheil de Crug ouf ils</Unicode>
                </TextEquiv>
            </TextLine>
            <TextLine id="tr_1_tl_5" custom="readingOrder {index:4;}">
                <Coords points="3985,1098 6337,1046 6273,899 3988,936"/>
                <Baseline points="4005,1014 4017,1014 4107,1020 4196,1020 4286,1020 4375,1020 4465,1014 4554,1008 4644,1014 4733,1008 4823,1014 4913,1014 5002,1020 5092,1020 5181,1020 5271,1014 5360,1008 5450,1002 5539,996 5629,996 5718,1002 5808,1002 5898,1002 5987,996 6077,1002 6166,1002 6256,1002 6345,996"/>
                <TextEquiv>
                    <Unicode>vorstelit, in deren en ge</Unicode>
                </TextEquiv>
            </TextLine>
            <TextLine id="tr_1_tl_6" custom="readingOrder {index:5;}">
                <Coords points="3936,1267 6264,1282 6267,1064 5914,1117 5724,1052 5402,1160 5212,1074 3939,1123"/>
                <Baseline points="3951,1217 4029,1229 4119,1229 4208,1223 4298,1229 4387,1223 4477,1217 4566,1205 4656,1205 4745,1199 4835,1205 4924,1205 5014,1211 5104,1205 5193,1205 5283,1205 5372,1205 5462,1199 5551,1199 5641,1199 5730,1199 5820,1199 5909,1199 5999,1205 6089,1199 6178,1199 6268,1211"/>
                <TextEquiv>
                    <Unicode>glosten Erinnerung zu stimmen</Unicode>
                </TextEquiv>
            </TextLine>
            <TextLine id="tr_1_tl_7" custom="readingOrder {index:6;}">
                <Coords points="3936,1451 6163,1448 6181,1331 4396,1288 3936,1380"/>
                <Baseline points="3951,1414 4041,1432 4131,1438 4220,1432 4310,1432 4399,1432 4489,1420 4578,1420 4668,1420 4757,1420 4847,1420 4936,1414 5026,1414 5115,1414 5205,1414 5295,1408 5384,1402 5474,1402 5563,1402 5653,1402 5742,1396 5832,1396 5921,1396 6011,1396 6100,1390 6190,1384"/>
                <TextEquiv>
                    <Unicode>sibi a: - was uubll in it, gen</Unicode>
                </TextEquiv>
            </TextLine>
            <TextLine id="tr_1_tl_8" custom="readingOrder {index:7;}">
                <Coords points="3939,1638 4322,1699 5003,1678 5138,1604 6071,1629 6196,1595 6199,1509 6052,1448 5856,1528 5690,1463 5233,1500 5077,1429 4291,1595 3939,1567"/>
                <Baseline points="3957,1629 3969,1629 4059,1635 4148,1641 4238,1635 4328,1629 4417,1629 4507,1623 4596,1617 4686,1617 4775,1605 4865,1605 4954,1599 5044,1587 5133,1581 5223,1581 5312,1575 5402,1575 5492,1581 5581,1581 5671,1581 5760,1581 5850,1581 5939,1581 6029,1581 6118,1570 6208,1587"/>
                <TextEquiv>
                    <Unicode>in en seul en Sti-il ist ihm</Unicode>
                </TextEquiv>
            </TextLine>
            <TextLine id="tr_1_tl_9" custom="readingOrder {index:8;}">
                <Coords points="3960,1911 5583,1773 5693,1837 6089,1804 6117,1614 5549,1733 5018,1672 4828,1761 4672,1681 4448,1776 4282,1672 3966,1724"/>
                <Baseline points="3981,1820 4059,1826 4148,1826 4238,1826 4328,1826 4417,1820 4507,1814 4596,1808 4686,1802 4775,1802 4865,1796 4954,1790 5044,1784 5133,1784 5223,1778 5312,1778 5402,1778 5492,1778 5581,1772 5671,1772 5760,1772 5850,1767 5939,1767 6029,1755 6118,1755"/>
                <TextEquiv>
                    <Unicode>falle; die en tödt,</Unicode>
                </TextEquiv>
            </TextLine>
            <TextLine id="tr_1_tl_10" custom="readingOrder {index:9;}">
                <Coords points="3985,2120 5669,1957 6031,2021 6037,1868 5801,1933 4752,1874 4374,1979 3991,1923"/>
                <Baseline points="4005,2023 4071,2023 4160,2029 4250,2023 4339,2023 4429,2017 4519,2011 4608,2011 4698,2005 4787,1999 4877,1999 4966,1993 5056,1993 5145,1987 5235,1981 5324,1975 5414,1969 5504,1964 5593,1964 5683,1952 5772,1958 5862,1958 5951,1952 6041,1952"/>
                <TextEquiv>
                    <Unicode>Je lis'ai heimesté de</Unicode>
                </TextEquiv>
            </TextLine>
            <TextLine id="tr_1_tl_11" custom="readingOrder {index:10;}">
                <Coords points="4034,2239 5601,2150 5813,2209 6402,2141 6429,2055 5893,1972 5141,2055 4942,2156 4558,2055 4043,2080"/>
                <Baseline points="4053,2196 4107,2202 4196,2202 4286,2196 4375,2208 4465,2202 4554,2202 4644,2196 4733,2190 4823,2184 4913,2178 5002,2172 5092,2166 5181,2161 5271,2155 5360,2143 5450,2137 5539,2137 5629,2131 5718,2131 5808,2131 5898,2131 5987,2125 6077,2119 6166,2125 6256,2125 6345,2125 6435,2125"/>
                <TextEquiv>
                    <Unicode>Unglücks. 1. Fylech zu trock</Unicode>
                </TextEquiv>
            </TextLine>
            <TextLine id="tr_1_tl_12" custom="readingOrder {index:11;}">
                <Coords points="3979,2463 5531,2353 6132,2433 6390,2399 6393,2276 5963,2206 5448,2316 3985,2319"/>
                <Baseline points="3999,2417 4071,2417 4160,2417 4250,2411 4339,2411 4429,2411 4519,2405 4608,2399 4698,2393 4787,2393 4877,2387 4966,2375 5056,2369 5145,2363 5235,2363 5324,2358 5414,2358 5504,2352 5593,2346 5683,2352 5772,2352 5862,2352 5951,2352 6041,2346 6130,2352 6220,2363 6309,2363 6399,2369"/>
                <TextEquiv>
                    <Unicode>ofit of it  inleitste witall to be</Unicode>
                </TextEquiv>
            </TextLine>
            <TextLine id="tr_1_tl_13" custom="readingOrder {index:12;}">
                <Coords points="4006,2690 5083,2549 5319,2632 6022,2555 6368,2610 6414,2534 5650,2371 4972,2528 4666,2454 4006,2543"/>
                <Baseline points="4023,2572 4113,2578 4202,2578 4292,2578 4381,2578 4471,2578 4560,2572 4650,2572 4739,2566 4829,2555 4918,2555 5008,2555 5098,2549 5187,2549 5277,2549 5366,2549 5456,2549 5545,2549 5635,2543 5724,2543 5814,2543 5903,2549 5993,2549 6083,2549 6172,2549 6262,2560 6351,2572 6423,2578"/>
                <TextEquiv>
                    <Unicode>de bitgefuhls.. - at u zeende; fort ne¬</Unicode>
                </TextEquiv>
            </TextLine>
            <TextLine id="tr_1_tl_14" custom="readingOrder {index:13;}">
                <Coords points="4107,2816 5592,2773 6022,2862 6074,2684 5641,2586 4957,2706 4110,2706"/>
                <Baseline points="4125,2793 4196,2805 4286,2805 4375,2805 4465,2799 4554,2799 4644,2793 4733,2793 4823,2781 4913,2775 5002,2775 5092,2775 5181,2769 5271,2763 5360,2763 5450,2763 5539,2757 5629,2752 5718,2752 5808,2752 5898,2752 5987,2746 6077,2746"/>
                <TextEquiv>
                    <Unicode>Une. ich hic conblut de cinq</Unicode>
                </TextEquiv>
            </TextLine>
            <TextLine id="tr_1_tl_15" custom="readingOrder {index:14;}">
                <Coords points="4015,3034 6114,3003 6285,2972 6291,2791 5761,2917 5436,2831 4018,2942"/>
                <Baseline points="4035,3008 4053,3002 4142,3002 4232,3002 4322,2996 4411,2990 4501,2984 4590,2978 4680,2972 4769,2978 4859,2978 4948,2972 5038,2972 5127,2972 5217,2966 5307,2960 5396,2954 5486,2954 5575,2954 5665,2954 5754,2954 5844,2954 5933,2949 6023,2954 6112,2949 6202,2949 6292,2954"/>
                <TextEquiv>
                    <Unicode>were M l ou nul hvis  and</Unicode>
                </TextEquiv>
            </TextLine>
            <TextLine id="tr_1_tl_16" custom="readingOrder {index:15;}">
                <Coords points="4390,3104 4472,3083 4555,3086 4675,3126 4739,3110 4755,3092 4785,3098 4785,3031 4758,3018 4644,3049 4592,3021 4546,3031 4494,2994 4436,3049 4390,3037"/>
                <Baseline points="4405,3074 4495,3074 4584,3074 4674,3080 4763,3080 4793,3080"/>
                <TextEquiv>
                    <Unicode>du d</Unicode>
                </TextEquiv>
            </TextLine>
            <TextLine id="tr_1_tl_17" custom="readingOrder {index:16;}">
                <Coords points="4068,3261 4690,3181 5975,3190 6098,3172 6101,3077 5905,3000 5393,3031 5206,3120 4850,3046 4463,3156 4071,3092"/>
                <Baseline points="4083,3223 4136,3217 4226,3211 4316,3205 4405,3199 4495,3193 4584,3187 4674,3181 4763,3175 4853,3175 4942,3175 5032,3175 5121,3169 5211,3169 5301,3169 5390,3169 5480,3163 5569,3169 5659,3163 5748,3157 5838,3151 5927,3157 6017,3157 6106,3157"/>
                <TextEquiv>
                    <Unicode>but I had in dear I'h</Unicode>
                </TextEquiv>
            </TextLine>
            <TextLine id="tr_1_tl_18" custom="readingOrder {index:17;}">
                <Coords points="4092,3451 4405,3448 4543,3377 5215,3405 5374,3353 5457,3399 5485,3236 5298,3172 5083,3230 4917,3184 4580,3221 4291,3356 4101,3301"/>
                <Baseline points="4113,3396 4142,3390 4232,3390 4322,3384 4411,3378 4501,3372 4590,3372 4680,3366 4769,3366 4859,3372 4948,3366 5038,3354 5127,3348 5217,3331 5307,3325 5396,3313 5486,3313"/>
                <TextEquiv>
                    <Unicode>even konnt tills.</Unicode>
                </TextEquiv>
            </TextLine>
            <TextLine id="tr_1_tl_19" custom="readingOrder {index:18;}">
                <Coords points="5135,3475 5282,3494 5390,3451 5614,3463 5847,3417 5911,3445 5985,3417 5988,3365 5807,3334 5770,3368 5706,3341 5638,3380 5589,3347 5506,3402 5423,3380 5304,3414 5261,3380 5138,3423"/>
                <Baseline points="5151,3474 5187,3468 5277,3456 5366,3444 5456,3438 5545,3438 5635,3432 5724,3432 5814,3426 5903,3414 5993,3414"/>
                <TextEquiv>
                    <Unicode>sbe der Oglich¬</Unicode>
                </TextEquiv>
            </TextLine>
            <TextLine id="tr_1_tl_20" custom="readingOrder {index:19;}">
                <Coords points="4178,3552 6190,3598 6261,3568 6261,3405 5245,3512 5018,3423 4623,3500 4442,3426 4178,3500"/>
                <Baseline points="4196,3551 4286,3551 4375,3551 4465,3551 4554,3551 4644,3545 4733,3551 4823,3551 4913,3534 5002,3534 5092,3516 5181,3534 5271,3540 5360,3540 5450,3534 5539,3540 5629,3534 5718,3540 5808,3534 5898,3534 5987,3540 6077,3545 6166,3551 6256,3551 6268,3557"/>
                <TextEquiv>
                    <Unicode>Et acht heeftes, und mit den recht</Unicode>
                </TextEquiv>
            </TextLine>
            <TextLine id="tr_1_tl_21" custom="readingOrder {index:20;}">
                <Coords points="4936,3629 5816,3653 5960,3638 5960,3568 5607,3555 5347,3601 5086,3555 4936,3589"/>
                <Baseline points="4954,3611 5044,3617 5133,3623 5223,3623 5312,3623 5402,3623 5492,3623 5581,3617 5671,3623 5760,3617 5850,3617 5939,3617 5969,3617"/>
                <TextEquiv>
                    <Unicode>is to me &amp; do</Unicode>
                </TextEquiv>
            </TextLine>
            <TextLine id="tr_1_tl_22" custom="readingOrder {index:21;}">
                <Coords points="4077,3837 4791,3727 5046,3801 5479,3724 5782,3822 6129,3810 6331,3770 6331,3607 5856,3675 4494,3620 4077,3715"/>
                <Baseline points="4095,3760 4101,3754 4190,3748 4280,3742 4369,3737 4459,3737 4548,3731 4638,3731 4727,3725 4817,3725 4907,3719 4996,3725 5086,3719 5175,3713 5265,3713 5354,3713 5444,3719 5533,3719 5623,3725 5712,3725 5802,3725 5892,3731 5981,3731 6071,3731 6160,3731 6250,3725 6339,3719"/>
                <TextEquiv>
                    <Unicode>e.. Somma tellert un médecil erlaubt...</Unicode>
                </TextEquiv>
            </TextLine>
        </TextRegion>
    </Page>
</PcGts>
