3592 4472
2708 506 2840 612 10
990 612 3005 858 Wilhelm: Eine solche verschreibung ist
1015 835 1620 977 ja ungiltig.
1000 938 3000 1139 Onhel: Sie ist in aller Form geschlos-
992 1152 1235 1307 sen.
1015 1227 3080 1455 Wilhelm: Und wenn du einmal von ihr ein
1015 1400 2586 1589 grössere Summe haben wolltest.
1013 1592 2956 1718 Onkel: Unmöglich.Du kennst sie nicht.
1015 1690 2845 1884 Oder du kennst sie vielleicht doch,
2152 1871 3248 2031 (1st hal geglaubt.
1013 1896 1744 2059 Es ist Albine.
1034 2013 3015 2183 Wilhelm erinnert sich. Der Onkel hat sie
1036 2165 2966 2341 ja durch ihn kennen gelernt. Vor fünf
1031 2307 2927 2501 Jahren. Ein Blumenmädel bei Ronacher
1026 2465 3103 2641 Eine kleine Kanaille. Für Jeden zu haben.
1036 2630 3038 2796 Auch mit ihm hat sie einmal eine Nacht
1049 2780 3101 2933 verbracht. Also die, Unglaublich.Und wo
1041 2917 3077 3106 ist sie? Ich werde selbst zu ihr gehen.
1049 3085 2160 3245 Ich werde sie bitten.
1041 3235 2865 3434 Der Onkel: Es wird vergeblich sein,
1054 3351 2700 3568 Wilhelm: Ist sie so hartherzig?
1052 3542 2958 3728 Onkel: Es gibt nichts Bösers auf der
1057 3713 2478 3901 Welt als sie. (Ein blötig)
1075 3845 2907 4051 Wilhelm: Einen Versuch ist es wert.
