6792 4408
524 206 799 354 gem
6122 228 6414 376 are
448 325 726 495 102
3498 271 6404 611 man komt de stets in eilf. glaad in tl bissen
647 325 3158 622 in vielänt. in keinem ist dann I.
567 517 3028 809 clomil in....  Und sie know
6219 495 6552 755 105
3700 542 6407 882 Ma fa nbureis..  To -,  N. Trinee
585 719 3227 1005 and than je uit jurik... .  Hygen
3690 759 6418 1117 he as very stelle rufe -  un salt -
575 925 3039 1265 homme..... Is weine damit
3697 997 6389 1268 a chez lui salles jusqu'à peur
1326 1146 2381 1373 or bewyls berée, etc
636 1174 3111 1558 Neo tes... de hee Amstel a
3628 1218 6389 1597 plar. - es c'est je nous beschlais prins
618 1427 3335 1785 Stenler-el fahirt, de huifs temuis-
3581 1492 6411 1814 won... ia t kriveng.   to on
629 1680 3122 1959 is ihr seitener obe.. n. seit
3588 1767 6266 2114 des loge deux mais un
546 1872 3195 2194 mal unten... ich wie weit interes
5110 1951 5905 2161 geweeken,
3574 2031 6161 2400 was retht bier will and
564 2049 3144 2432 be wed. 21 the Romers
531 2313 3054 2689 wchle wie weil..  ne hall on
3596 2291 6212 2627 d Reichstufte - -.E. noch
3675 2530 6342 2960 cunst überige. Schmied mit ihr
473 2584 3115 2869 nicht u. a. ein Spiell zuerst.
784 2837 3169 3144 Ist habe nie uns auch wollen
3650 2783 6458 3162 Cupfout spieles... Eure, celle
571 3064 2956 3408 luit wilt erkennst.... hills
3675 3057 6313 3429 un le. so cecifembe. et on en
3643 3292 6147 3639 re Noveil
611 3343 2920 3664 sap bliel di uin. Me rollt
632 3494 3122 3892 cret de crévider -:- We héecle
3661 3560 6208 3906 mit de tt Augenen en
2642 3856 3162 4040 in ween
3682 3794 6082 4076 she go in the Herr Concil.
