6792 4392
1638 246 3005 475 un sept d tellen en caff.
552 348 3230 745 Gey vrebert in it; - Titrabel jed du Artive.
292 408 496 612 114
503 569 3044 956 slei, mandt er mit zu tief, den auf
425 815 3033 1160 seine Sinel nur geblieb nur in
366 1086 2422 1427 dem zugefängte seel kam.
583 3789 2682 4098 ou vous nous avez
3561 362 6383 591 Cognais si zahle, abe de Einfachtert hollt
3592 503 6281 745 it mischli u glaub der geraubte fact p be
3589 749 6302 1016 Jahlen: Gegung verbat sich und sagte einer
3613 868 6295 1160 (affdt in ani Cyam f percmbit on. It
3596 1054 6327 1308 die andere lieber sich der Blimttuung gefallen.
4063 1227 5202 1385 Dei werde ich
3571 1241 6348 1575 Willy, de ou f ewen Sinet in her gebliebe
3592 1487 6253 1736 hav sind mit der gehören de nichte kon
3596 1687 6165 1909 nach Rente weisend, nie prite, at eu
3550 1881 6243 2179 die Schlag der Kirchhimmt nachlaaslich
3529 2042 6151 2355 forgestellt with - sayth... Was T. Wm
4204 2295 4721 2432 the first
3575 2246 6106 2580 niet ist. nesen ich Sie in wemer Vare
3550 2460 6211 2801 noch trice wil... Sie xxx
3575 2707 6165 2970 sarte trilf, un u deux Augenblant a été
3561 2953 6215 3174 at es die letzt Verleitung, der löst
3533 3135 6172 3452 hieml in onerrosen for [illegible]
3550 3364 6186 3624 Dr Consil. nebr die joorn Tarte offel
3561 3610 6369 3888 and is;    <gap/> will as a
