6792 4424
2218 281 3119 432 en le tout
6165 302 6403 512 91
393 333 635 523 90.
3516 333 6091 642 Regineul somm. Je comme ceci veut leur
477 453 3109 691 scrit is [illegible] longe jeter - - The
5333 547 5663 702 Elict
3600 589 6200 825 2 idquell.    + de
470 656 3154 881 Schul, Hr. Leibart. belauf sich auf
3593 765 6200 1112 in Brief & begleicht gehängission denn be¬
467 853 3011 1060 notstorat cetfleins solle.
3656 1000 6175 1288 Elief    egl  a hiretimre
463 1039 3032 1249 segt lonnt.. Iswohl nennt hilly
3646 1228 6274 1516 que les t'offerta heureites, nous
446 1221 3154 1481 verlönnigt. .. .   „ War ihm Plich „ fast
414 1414 3235 1688 de Crom brug besicht ja nicht.
3656 1411 6193 1681 de lant ladite..  d To Koolohet
663 1614 1007 1723 hein
649 1670 2565 1895 très seul, (eng sont triem
3635 1649 6218 1881 sche den x breit die gefangen, an die
642 1779 3000 2028 wis izt wis der Oberlieuen
5386 1895 6291 2116 Längte dem
3642 1856 5407 2140 him Council. Dr Rellne
547 2025 2975 2256 Wimmer wil. wis ein y fusge
3621 2116 6235 2382 loun en hartel in; al dies -
530 2218 2996 2428 Twil beachl it wer ibi, noch senn
3646 2368 6210 2614 wite s bnam arwellev lantil
474 2354 3056 2639 Tafall der Ter reine Stimme.
3639 2593 6267 2839 to man hilly ich neul aufgefalle
498 2600 3028 2853 sert E seil einfach: (wolle unebe
618 2846 2467 3053 (1) The
3719 2807 6102 3074 Eluf erheibt mit rasch nur ein gl.
579 3014 3028 3256 Ville est voulieuse; de Reue une et
3698 3063 6109 3267 or de fort leere Te¬
523 3214 3042 3470 schre. Freiub e vost écui... Es efles
3705 3242 6253 3481 in jed in hent  oder he
561 3456 3211 3695 filden... Wasse... die Zeg. und 4 Jahre
3698 3411 6010 3719 & an... All do out of Will...
3793 3660 6442 3926 Erbalt geschle Anntien Willich
642 3705 3088 3905 Srer Willn you have gyn in de
568 3972 1730 4151 men, sorg,
