6712 4424
5641 135 5910 304 "
3767 128 5241 380 est une si veut-il.
3043 245 3233 417 a
4906 304 6307 511 or the al. I
3795 362 4016 518 ...
6148 448 6358 562 "
6213 507 6448 697 n
3605 531 6379 780 main Ouhel, Robert, Dilran – - - ich
542 455 2832 742 V. illeit selbst den Greifsager,
718 711 2967 945 her - in - das ist. Gierd.
3622 711 6217 1018 an hoff. I willer it him the
528 876 3212 1280 Ich geh auf Reins - Jhre Reis ist zgln.
3671 1004 6279 1235 Avril de Novem.... de Crois
4702 1166 5154 1335 -nculo
583 1152 3039 1435 - me Famil -j.d. lebt in Amemt.
3698 1232 6372 1494 sibullelt wird de konf.- ich m.
638 1401 2970 1618 we wen -  S nel fand me
3595 1487 6269 1763 wilt ganz überzeugt, & in de
538 1604 3026 1935 schaft erwärtete. Aufsiederdem er
3640 1732 6189 2025 fel floms..tul. abc...
590 1901 1232 2118 beit.
3629 1980 6269 2246 untill comme - in us paa
852 2049 1484 2287 Rerauch
645 2239 2874 2512 ne & keinerfels.....  H. Etat
3650 2211 6320 2556 Tye amu en einfälln ei-
631 2436 3060 2708 - So er bei Kleinsteil - ist ich nicht so lie -
3622 2477 6382 2839 wulle hertal.. daß.. Her Croine.
535 2691 2501 2960 - Sie sehr nicht.. Ein fünf -
3654 2753 6334 3074 glein nach beweib seine.
776 2908 2915 3174 Orte Robut..... Verweifelt....
3836 3064 6134 3333 -  F-  -  4-k-st-
3729 3267 6182 3512 sollhin glückgelt sein, sagte.
3719 3516 6017 3785 a Christ... I
3750 3719 6272 4047 I hulde in weitall 24 Stund.
