6824 4328
5766 42 5985 299 11
3871 56 5354 328 est cœur sie veut
6090 127 6365 335 914
2969 335 3213 539 101
409 317 3072 687 ... is in so weniger, als cit je kann aich
6207 402 6552 662 111
3670 359 6312 764 fitter ensefelten; - with
437 553 3209 916 de Vugnung haben werde,... mit de Herrn
3744 697 6362 993 argest bien à ce ach en es un
402 789 3117 1120 an gisemen a eue sine p istjes
3695 888 6464 1279 en hollen Frontligsmr... ein
1494 1032 1754 1159 fort
391 1032 3075 1349 "...    S. A. gabes
3670 1106 4093 1282 se me
3716 1177 6288 1501 elegante Name, in in borhe the
451 1254 3033 1522 Reich.- er schaute weißen
3677 1413 6291 1705 Waslel, mit ein in klein kun¬
444 1430 3040 1751 venter fast etschinken hlet oog de
426 1641 3142 1874 Avril, de si wertlich lätelte...  Trie
3706 1694 4829 1916 spésiert.
4924 1708 6358 1934 in de d en
423 1800 3096 2110 art. den vorlets. Nee Conse.... 15
3646 1870 6291 2170 weomtit wenn inden
451 2040 3050 2346 verreise; und ehe der Concil Bihl:
3653 2138 6224 2416 had in der Aller on
1458 2268 2962 2575 J. überrer Eben.
433 2378 1356 2688 So bahr
3667 2416 6274 2733 des Gilles und bleibte zu dem be¬
585 2497 2973 2878 Anl. Ooste Jul...!    2 k
3642 2642 6175 2927 bin... de Cromb.. sal uit in
500 2776 3318 2998 woll regten drei... in ebenste sehr
3653 2903 6252 3223 the    -   I will
511 2980 3343 3216 Ses holl du Spien. Brec pour
3642 3107 5957 3403 about as cem tr in Corveil in-
514 3170 3117 3519 in it by the the R. Huf.
3649 3378 6002 3681 Paul Ribedach in Nov
578 3403 2941 3670 we belebt in such
609 3611 3350 3956 belebt, in hand and in last last
3628 3575 6196 3959 belle. De weil avi Cleif schon
