6776 4424
484 473 681 602 112
459 455 3032 724 wert in us till hilf wf d
473 667 2867 986 Iuge weil and - - de in
448 917 3003 1254 And wel't wylut....-  Novea
469 1186 2806 1444 me..  bekreis il ae dit.. ecrit en
423 1326 2957 1674 konl - fragl in
459 1555 3157 1928 at tell we hielle der Crom
466 1799 3028 2215 me jn seertrent... Her Comt
459 2093 3121 2412 hol at Ting .. Seinlet nach dienst
667 2283 3021 2652 that he would be habe
566 2548 2967 2896 his until gehort -? He is that
509 2799 3025 3129 weber hall gelle.. Wie nich.
552 3018 2910 3448 tels sleut arbi....,.. Ab
534 3362 2914 3684 me homt willenbt noch ein. He
552 3638 3136 3946 Verlehrten zugeben.  Celle, obnung.
573 3827 2795 4139 him, greys d kwilen
6214 287 6440 552 11
3616 308 6365 631 mit de Towon R. besdel. J. bis
3641 530 6282 907 ders hein für et en in D. liegt
3677 756 6462 1061 in it alle 10 in de Salst istge...
3630 996 6200 1322 Terne Cinje nert in Brise. He
3659 1240 6444 1606 Elief ich weg: - Gegen bis die Leop seit einen
3609 1548 6490 1785 Geg. pfeff wie Entichnt, - de Sevele.
4576 1767 4756 1896 r
3677 1752 4236 1957 bell &
3584 1781 6329 2053 sezt, wenn nur auf, oben daß an
3562 2028 6243 2258 in her ach.. & He Leibe. het was
3716 2247 6297 2580 Seil gehabt.... Ne Consul  1
3670 2491 6354 2820 sbar da... wich von de Rellner.
3641 2752 6297 3028 alwa es in Com, en neuf
3573 2939 6221 3369 in jes en andre J. A. Gablt
3587 3190 6440 3666 disgoir prd in the logner
3734 3580 6300 3838 C. C. Jleit alle nkrs mit.
