6776 4312
3787 60 4949 284 est cœur si veut et
5679 116 6314 291 16120
3545 176 6055 467 Wille belästig... Sie weg -c
2836 249 3145 456 116
677 291 3247 635 lyege... Cbe coram hicilem;-
383 369 611 642 r
3566 439 6322 734 Ernstes.. 12 pch..  It jel. habe
379 597 3187 853 is wee as well she is her
3535 670 6142 1018 Wee joil sie etwa,... dieser Kei¬
369 772 3191 1095 eine Todei die, in feigen Knaben
3573 909 5988 1313 titre in dei Itweefri in
411 990 2769 1355 war, in den an dem Wege i t
3570 1197 6037 1439 dir nnur in...... die He
407 1211 2801 1541 den Wagen erschei war tut -
1702 1390 2246 1569 officerl
449 1418 2882 1769 Lorspreln ere. Hilders a
3535 1425 6223 1734 nul de Aclinte 1m, de une
1737 1608 2446 1769 nd mit ihm
3499 1709 6167 1997 weiter leben, um ich nicht: er
442 1646 2927 1973 und ihr Jahrer in wissler
467 1864 3148 2187 with Mr John gi ge heuch
3619 1916 6125 2267 as a solleg theil
530 2134 3047 2415 bezah. Ne juschwet, de Hil
3559 2155 5939 2471 Das ist völlig auszuschien.
2801 2267 2984 2422 une
477 2338 3131 2604 du tehre, in jüge blepe burch, ich
3636 2387 6314 2682 the loger hielt inden tn de Raveus
863 2496 1513 2661 & Mr.
516 2510 2776 2773 wil in den Schmulite-Hochwaltin
3559 2643 6374 2913 The Crainclunet ploghil rde that weg
565 2720 3124 2994 auf de beid Hem, die & se frit
3563 2836 6128 3163 u, je ecrièt soit sog au die Aure, a
576 2941 3131 3226 Stönde in Früh einlofete —
3577 3064 6132 3377 gevenfall in wenig überhal¬
544 3152 3022 3450 beweis auf dem Heilerent. Will
3542 3233 6227 3591 we... nur ein Schlefconetre, wie
495 3370 2668 3650 talle vie gebul, deße in
3580 3475 6237 3787 und enthält hinnte....... Sie Sich
512 3601 2868 3987 Invent u lebes court in der
5553 3710 5988 3917 - on
3598 3756 5992 4093 I'm just die Blas. Fui per he
2776 3921 2959 4022 , -
