6808 4472
6242 182 6486 368 15
4052 120 4369 415 1nd
2915 372 3217 594 145
4773 437 6162 616 is in ben durch Officie zu
6267 423 6544 583 126
328 459 3174 802 auf dem alten Zinnen be, der Principiert
3695 397 6544 736 of was de Bettätigt, till is our bring in brief.
2183 638 2689 798 geleitet
1232 700 1490 816 Du
3717 692 6468 966 I were at m de Maier gegen de wil Cisat
313 703 2951 951 weilen auf de Knues stenden; - aus
4529 856 4894 980 die ge
5484 856 5812 1002 gleich
3760 893 3972 1006 e
3626 922 6402 1148 despens trouve der nie gleich ei; un Géopte
313 889 3108 1232 De Waad hung was verplht
4340 1068 4686 1202 in a
3607 1079 6500 1359 was, in Council, in jenen the Hoabel;
299 1133 3010 1428 Kaflerk. Smit difte aus den Sat
3596 1268 6468 1530 demor, der und der möge sich nach Gewi¬
273 1355 3057 1669 kowegsel, und ein paa Parhait;  in
3662 1472 6329 1734 wir ehe Aufschnit kullzt baht und die
288 1541 3217 1913 walt der Rehnen; de Bildel Schweile
3596 1611 6424 1957 wint it un utilllut the Ooseis. Rey Cniam
284 1815 2959 2077 is da sha in klevich de onr
3994 1844 4387 1975 gedrott
3622 1800 6322 2084 erstatt wolle, vis di titul int his. he
262 1968 3046 2314 dem auf de Schreibliche:- tils kommen
3593 2040 6227 2314 Aber byl in..... in wecpt, Bhd. i
4485 2234 4719 2390 not
284 2197 3123 2554 is in ouchwand dine de Ratine in
3618 2215 6322 2532 be beveitet ige i,   ich sich auf
4464 2434 6253 2682 4 Oudil, un un leter
3633 2503 4383 2729 de wiran...
321 2449 2740 2758 wirkeals... Ihr teill über die
4179 2627 4544 2747 in ubi
3622 2620 6366 2984 wel dem Blick auf die 1 zu Her. wichle.
372 2689 2962 3050 Rappe u et Heur; - ce fille-
3662 2828 6387 3090 Uu me not... how all in des..........
434 2911 2933 3261 Durchmét and jut av. B.. Also, ce
3640 3068 6446 3327 Cugaiblert lang i dacht hils, je de titre
375 3254 2900 3487 but half; - hillst did with us
3640 3301 6391 3655 bei lassen Gild. Magizigdlagen, die Papier
437 3418 3148 3731 Will Wm...ul Ciebakel.
3658 3575 6114 3826 sullest sill him; - do beilyt in de
466 3695 3097 3964 Sel  et mais cet stet liebesseur en tels
3698 3790 6191 4077 Bogne achter bei dort, schon viele er.
667 4070 2941 4270 o   -    jou
