3592 4344
2508 634 2710 810 125
703 787 2957 1023 tot melden können, das wär das einfachste ge
700 943 2932 1150 wesen. Wieder fiel sein Blick auf die Bank-
700 1121 2975 1320 note, rasch steckte er sie in die Tasche sei
2614 1208 2851 1314 Könle
709 1271 2813 1461 nes Mantels. Viel meld,dachte er,man käm
712 1401 2888 1608 ziemlich weit damit. Und er dachte unwill
721 1551 3032 1761 kürlich an den grauen feschen Zivilanzug, der
2300 1675 2623 1790 wililai
721 1712 2923 1891 dort im Schranke hing(neben den uniformen,
732 1891 2851 2064 idden Anzug, den er das letzte Mal vor ein
741 1977 3053 2225 paar Jahren getragen hatte bei einer Gelegen-
732 2168 3001 2381 heit (nun bei einer Gelegenheit) wo der Of-
1940 2341 2047 2410 in
738 2372 2949 2519 fizier vorzieht nicht den Rock des Kaisers
977 2516 1288 2609 to paer
738 2482 2957 2710 anzuziehen. - - (Gleich aber wandte er den
735 2661 2989 2825 Blick vom Schrank wieder ab riss beide Arme
761 2810 2917 3004 zurück, fuhr sich mit der Rechten zwischen
755 2940 2911 3151 dem aufgestellten Kragen und da Hals, biss
749 3081 3067 3329 die Zähne zusammen. Abtreten“,flüsterte er
761 3272 2920 3465 vor sich hin als wollte er seine Gedanken
1727 3398 2070 3522 nant May
764 3401 2963 3675 kommandieren. Dann nahm er aus der Kommode
764 3548 2998 3779 Briefpapier und Couvert,faltete den Tausen-
764 3710 2917 3961 der zwischen ein weisses Blatt, überlegte,
