6840 4312
347 404 3019 727 282 frépce ce de Lage mais de Geld et vertoff
516 656 2910 906 aar jus filles:- dass
512 772 3033 1141 juschent, den ihre Aderhater
484 979 3075 1348 bestimme ouwendl, une c et beliebt, -
555 1186 3131 1495 spont it jasse Weren; - daß x unam des
516 1415 3033 1667 in it Neige wort für das sprach, das hall
516 1636 3127 1899 es nimmt Aiggeblad u duitl. geführt
576 1797 3089 2106 jegenit, daß ist dienstige die jaar
737 1980 2341 2197 int wulti konnte er. ersagt
358 2043 3173 2362 Wm Begegen - we do Vermul u einen kleinen
614 2236 3005 2513 Himler untoen.- Etud eti recht gar.
562 2443 3201 2762 si ein Fürstung hatt erschein kann..
583 2664 3219 2927 Wie wehrt ja auch drei bin ich mit ein
607 2913 2934 3113 auf   erscheidung i unge¬
677 3106 3019 3391 dene Besichtung;- in den
681 3327 2994 3640 diesen jedenflt... xxx
758 3528 3141 3861 gedanken man er, weil hinzu den
6016 84 6378 298 201
6174 260 6441 411 as
3924 302 4156 555 a
3661 316 3836 586 P.
5714 369 6409 579 Caertion 1d 9
4886 369 5732 572 trutatel, cui
5721 463 6135 583 verschmerz
4517 411 4914 576 in few
3675 498 6420 783 a liueit endlil at   ullent
3675 667 6213 962 de Brastigunden hattenbei. Gatte de
5514 825 5841 1000 not it.
3707 867 6434 1144 verwillach F to be seh; - which
3714 1095 6350 1397 minurets. There to Obach to boy in Rayd
3749 1288 6290 1551 rat... Aber dies Fraintier onblissk
3654 1502 6458 1737 bedde wäre; den ich nicht als sein
3682 1688 6416 2004 Hiern hoffnung volle Stimmen sich der geht
4538 1895 5465 2053 in met vul
3654 1969 6399 2197 & t beibert wd a die & in
3657 2159 6427 2468 Au schrieb Suinwill, de Aunistap bient
3675 2404 6339 2625 schnitt durch de Hauptshauf vermeenden
3714 2555 6448 2913 in unbelebt form., prealit p. elle
3703 2819 6195 3099 in den Rius und de Sladt &
3689 3043 6272 3268 spaperte.  Euch das koll Borvra
3749 3331 6378 3647 wch in der mit wissung. -
3784 3517 6142 3787 mullet sept auch y stellt u.
3812 3745 6374 3994 ihr Bild, den die in Wule, zum
