6840 4344
5994 55 6424 254 201
6087 230 6389 426 195
389 309 753 564 111
3600 303 6228 622 nuit in oculitze. Freclut; - fur ni me
2775 406 3030 581 15
430 478 2871 787 ont de alle cher ausspielen
3597 533 6124 818 Ia der Gefahr weilt jetzt; - A wer slavr
3597 739 6362 1008 dafen in, das nicht in, wie er, einmittel
385 726 3009 949 weil den unouvel immer: en 2 u tak
3669 904 6324 1224 tömre auch sein Bemerkung in der
392 911 3009 1255 us;  ce neveu avit.. en Kran
3645 1104 6207 1434 she will pauli, - sit cinforst arbet
368 1200 2851 1448 nieder andere Hornich, und
4450 1317 4790 1417 und
3669 1406 6269 1589 wir in dem jet wird.
1957 1400 2307 1534 am
395 1413 3012 1778 gang beimd is den kleie Hotel.
3669 1534 6286 1812 ihren - uit einer eilf lassen Geld.
406 1750 2957 1994 u in der u de cice, wenn sie it
3645 1768 6128 2022 So trat jus dei d luterhalf ys
3607 1943 6049 2221 harvilas wille, -ge. Tre Lille.
406 1981 2631 2259 geführt hatt - erwein seyen -
3618 2166 5946 2380 2 bier uit vedt bchagled p so hie
361 2232 2957 2562 zwischen nur dies schrittlern Häulein
3662 2328 6025 2596 jong in milltime.  ne coeckl cicost
375 2472 2607 2727 me d'écrier plus vulemente Fr
3676 2541 6045 2796 ulb unll, tall ne ihre Hul
392 2693 2892 3009 au de but pullhaft..... die, in
3690 2772 5952 3023 in for algromi (sulc) and a
3724 2971 6221 3325 diese jede Tied und hin gelegt.
358 2954 2961 3243 beed, ugen we in einem
5344 3164 5591 3298 8 la
3707 3167 5952 3439 Es Sie beis wohl nach der kenl Trisi
433 3181 2699 3459 veilt ockfanglet brug bed
5392 3387 5715 3508 sant
3717 3318 6025 3659 cœur Vormütter:  aber mit elm-
423 3435 2827 3673 so de abe la je tahlsol mon
3779 3521 5983 3848 proper Pritant:  seitlid siele in
409 3628 2985 3986 dere priere un cot jegenst
