6840 4328
5975 52 6366 310 201
6178 251 6397 370 as
4637 289 4957 439 am
3009 377 3267 512 186
6014 373 6261 544 181
575 492 3207 736 jui, der lon fil. criffhil - hol
3629 499 6230 763 gereette in zu. pder in Behaglichte, die
3943 687 5093 795 uil de deurs ouvrages
3622 687 6286 913 dem es nicht, schadete, dass er deren Grundlange
537 704 3019 1042 even a me gegangen: - Hople in
3615 865 6192 1042 mit den Verstor, zuerte....  Eine Gerete Mit ein¬
506 872 3277 1119 nalmal in auch nicht zu sterken, -
3824 994 4103 1123 -, en là
3626 1008 6073 1227 Cijoure in Händers ukel auf u und lange un
492 1063 3232 1360 nord in uit icel iulre toend Hove
3622 1206 6429 1478 vraie feil auf dem in de Cihrale Sanitel, en
572 1293 3124 1586 seul en heure, et en votre soir je Vyf
5052 1401 6265 1614 Gart: et onte
3622 1419 5707 1712 bet als der lehrte einzelnehmigte
506 1492 3078 1865 tell. ige nicht zu lassung ge¬
3580 1628 6265 1886 weniger solles bal als eines Gart; - in de
492 1757 3267 2043 de hulle. - Eskeal will up at
3709 1802 6321 2046 in eure oude en spute Tisch sufoui
3765 1987 4769 2151 den fände amt
540 2001 3068 2252 sert werde de seul auf
3671 1963 6244 2242 F. F. Englau, Amerikaner
554 2203 3200 2461 bungelang. - in his dabei - so you
3615 2252 6174 2479 de Cemd Hiebel wohl Kawil, dacht
530 2423 3159 2657 a deefach Iambe ich wegleich a
3608 2461 6209 2726 in in half Licel.  At me, bin fahl
5599 2590 5867 2723 in the
3685 2646 6059 2925 ce kellver achte reggelich Cijuell autol
512 2643 2921 2894 wengst ab deren, - wie .. d
3702 2824 6167 3082 [illegible] seaile & tounut était un
537 2855 3172 3124 Verbeercurper... in heim.
5707 2956 6160 3092 erbte in
1886 3023 2974 3221 - als.. (ohner ci u)
3688 3023 6167 3298 & alle egal. M i M. f M. abte vient
589 3120 3131 3399 Ab in iuer hofft i, daß ni ull
3713 3166 5477 3490 in ere in Künschen.
2447 3288 2779 3437 bro
530 3350 3176 3640 No und gel übriget wie
3688 3399 6247 3720 Da wir auf die Stufte het,  wenn
875 3535 2932 3835 Eswe are like; - plagt him
3664 3608 5986 3817 Mrichan. in ihm at wie ihn
5948 3720 6328 3957 ahab.
3769 3783 5944 4027 wll ungefehlet ich ich nleressen
715 3814 2981 4048 at de Confell. with “cce jat 't j
